4566 6844
712 945 849 1002 caurus
874 944 1089 1001 rmeusruus
1113 942 1276 998 ruamus.
1506 931 1577 998 525

407 1094 444 1162 et
459 1089 581 1164 ¹hostis
605 1089 818 1185 pisanorum
846 1111 920 1166 nou
945 1089 1102 1166 debehat
1115 1088 1194 1163 ista
1211 1087 1455 1166 verisimiliter
1472 1087 1580 1184 iguo-

407 1225 509 1301 rare3
535 1207 599 1284 sed
624 1209 710 1304 quia
736 1231 810 1288 nou
826 1216 914 1284 suut
929 1209 979 1284 ita
996 1214 1082 1326 nota
1098 1206 1197 1303 apud
1212 1207 1313 1302 alios,
1331 1207 1413 1283 ideo
1431 1227 1504 1282 nou
1523 1214 1579 1282 est

406 1325 534 1402 inutile
546 1347 710 1405 narrare.
721 1331 783 1404 Est
795 1350 886 1426 ergo
900 1328 1101 1422 sciendum,
1113 1328 1213 1422 quod
1230 1327 1267 1401 iu
1279 1327 1577 1402 uccuxxxvur

407 1451 486 1520 erat
513 1454 598 1524 nata
623 1469 757 1547 magua
781 1449 956 1526 dissensio
976 1448 1177 1524 incivitate
1196 1448 1332 1545 pisana.
1353 1448 1446 1524 Nam
1467 1449 1578 1524 unius

407 1571 517 1640 secte
540 1569 786 1662 guelphorum
813 1576 894 1645 orat
918 1569 1085 1665 princeps
1100 1566 1217 1665 judex
1235 1568 1349 1642 Ninus
1365 1567 1412 1643 de
1428 1567 1578 1644 Gallura

407 1685 454 1759 de
470 1685 620 1782 Scottis3
638 1689 790 1765 alterius
800 1684 837 1783 (¹)
856 1695 966 1764 secte
982 1689 1152 1786 guelphoe
1168 1695 1249 1762 erat
1265 1687 1434 1784 princeps
1451 1707 1577 1764 comes

409 1804 583 1901 Ugolinus
607 1807 654 1882 de
679 1808 981 1901 Glrerardeschis3
1002 1807 1120 1882 tertie
1136 1826 1227 1881 vero
1245 1807 1357 1902 partis
1373 1807 1578 1904 ghibellinas

409 1930 490 1998 erat
506 1924 583 2000 dux
600 1928 893 2024 archiepiscopus
908 1927 1089 2022 Rogerius
1106 1925 1152 2002 de
1168 1926 1363 2020 Ubaldinis,
1377 1947 1464 2002 cum
1482 1929 1580 2002 Lan-

409 2043 579 2140 lranchis‚
606 2047 813 2141 Gualaudis‚
840 2052 877 2121 et
901 2045 1111 2121 Sismoudis.
1132 2046 1264 2122 Comes
1281 2047 1455 2144 Ugoliuus
1471 2039 1520 2141 (¹),
1538 2053 1581 2120 ut

409 2165 509 2240 solus
533 2173 655 2261 posset
674 2166 869 2261 principari
886 2165 924 2239 in
940 2166 1036 2241 urbe
1051 2165 1124 2260 illa,
1141 2165 1292 2240 adhaesit
1308 2167 1580 2262 archiepiscopo

408 2284 579 2380 ungena,
601 2290 638 2360 ct
663 2283 818 2379 prodidit
842 2286 977 2361 Ninum
1000 2285 1114 2360 lilium
1133 2286 1270 2360 sororis
1295 2307 1392 2381 suae3
1418 2293 1455 2362 et
1480 2287 1582 2362 ordi·

410 2404 519 2497 navit,
550 2404 649 2498 quod
678 2405 878 2501 pelleretur
893 2397 930 2498 (³)
960 2405 1008 2481 de
1036 2405 1136 2481 Pisis
1168 2405 1291 2494 Quare
1316 2406 1433 2502 judex
1464 2406 1580 2482 Ninus

409 2522 567 2597 sentiens
583 2542 624 2598 se
640 2523 890 2619 impotentem,
916 2524 1066 2600 recessit
1089 2544 1177 2600 cum
1202 2525 1421 2620 sequacibus
1438 2527 1513 2600 suis
1532 2526 1581 2602 ad

409 2663 526 2717 unum
542 2630 579 2733 (⁸)
607 2643 811 2738 castellum,
836 2650 875 2719 et
906 2643 1090 2740 colligavit
1122 2665 1162 2720 se
1193 2665 1281 2720 oum
1314 2646 1513 2720 florentinis
1544 2651 1582 2720 et

408 2761 626 2837 lucensibus.
653 2763 785 2839 Comes
811 2783 901 2840 vero
914 2757 951 2856 (⁵)
983 2763 1158 2860 Ugoliuus
1188 2763 1271 2839 ficte
1303 2769 1505 2840 recesserat
1534 2764 1581 2838 de

410 2879 565 2975 civitate,
592 2888 634 2956 ut
663 2882 810 2959 cederet
840 2883 1041 2978 expulsioni
1067 2882 1200 2978 judicis
1229 2883 1328 2976 Niui3
1359 2903 1435 2978 quo
1462 2883 1581 2979 pulso,

411 3019 651 3099 cum-magno
667 3001 803 3099 gaudio
820 3003 951 3080 redivit
970 3003 1079 3077 Pisas.
1098 3003 1231 3076 Fertur
1248 3003 1359 3078 etiam
1378 3003 1477 3099 quod
1497 3003 1582 3078 lecit

411 3121 587 3195 venenari
621 3121 793 3196 comitem
828 3122 1044 3197 anselmum
1077 3120 1124 3196 de
1158 3121 1332 3216 Capraria
1369 3129 1578 3198 consortem

412 3259 535 3331 suum,
562 3259 609 3312 ue
635 3240 793 3333 eriperet
809 3241 877 3314 sihi
892 3240 1109 3315 dominium.
1127 3241 1259 3316 Comes
1275 3241 1388 3337 igitur
1410 3241 1585 3338 Ugoliuus

412 3360 449 3433 in
476 3364 595 3434 totum
620 3358 791 3434 dominus
811 3360 992 3455 Puerum,
1010 3361 1048 3434 in
1065 3360 1209 3436 llorenti
1229 3367 1327 3438 statu
1343 3362 1526 3437 ordinavit
1546 3362 1584 3436 iu

412 3477 471 3552 die
507 3478 565 3553 sui
601 3478 730 3553 naulis
763 3479 1049 3555 celeberrimum
1085 3479 1233 3574 lectum,
1259 3491 1297 3556 et
1324 3487 1583 3576 sumptuosum

412 3598 621 3674 convivium
649 3618 734 3673 cum
761 3600 904 3696 magnis
935 3599 1037 3676 donis
1069 3609 1107 3677 et
1136 3600 1318 3696 pomposis
1350 3601 1583 3677 indumentis.

413 3717 457 3792 ut
481 3738 569 3793 cum
594 3718 689 3794 inter
713 3719 920 3795 testandum
946 3739 1071 3794 comes
1101 3718 1277 3815 Ugolinus
1305 3719 1458 3796 duceret
1487 3723 1586 3796 Mar·

413 3856 501 3912 cum
525 3837 774 3912 Lombardum
807 3838 929 3912 virum
958 3837 1149 3930 curialem,
1180 3839 1412 3934 prudentem,
1442 3846 1480 3914 et
1512 3841 1586 3915 cir-

414 3946 1046 4052 cumspectumvalde,osteudeus(⁶)
1059 3955 1124 4030 sibi
1139 3957 1448 4054 magnificentiam
1463 3978 1585 4054 suam,

415 4075 541 4172 petivit
564 4097 588 4152 a
612 4077 744 4170 Marco,
767 4075 855 4170 quid
879 4075 947 4150 sihi
973 4074 1186 4150 videretur?
1202 4075 1273 4165 Qui
1291 4077 1415 4151 statim
1433 4098 1585 4173 respou-

416 4195 479 4290 dit,
504 4195 583 4271 sive
607 4196 831 4290 humanitus,
857 4195 934 4270 sive
959 4193 1130 4271 divinitus
1155 4196 1393 4291 prophetans:
1410 4197 1483 4272 Vos
1500 4199 1586 4274 estis

416 4316 601 4412 recepturi
618 4316 781 4412 peiorem
806 4314 1018 4410 amicitiam,
1035 4335 1149 4408 quam
1172 4312 1303 4408 aliquis
1328 4313 1500 4391 domiuus
1515 4317 1589 4393 lta-

417 4438 484 4512 liae.
511 4439 556 4512 Et
580 4437 753 4514 contiuuo
778 4436 913 4512 comite
937 4435 1077 4530 territo,
1099 4441 1258 4531 petente,
1284 4427 1476 4530 quarets‘)
1497 4436 1588 4514 dixit

416 4558 583 4632 Marcus:
610 4557 697 4652 quia
729 4555 815 4631 nihil
845 4554 966 4632 deficit
994 4555 1108 4650 robis,
1133 4556 1201 4630 uisi
1232 4556 1287 4631 ira
1317 4557 1392 4633 Dei.
1418 4557 1524 4648 Quod
1548 4559 1587 4634 iu

477 4819 504 4880 (¹)
520 4819 552 4870 B.
568 4820 675 4872 alteriue
690 4833 754 4872 vero
769 4825 846 4872 recte
863 4819 1038 4884 adelphorum
1052 4825 1117 4871 eret

478 4891 506 4957 (¹)
522 4895 552 4945 E.
568 4895 660 4948 Consu
675 4909 738 4948 rero
753 4897 886 4960 licelinus.
1151 4895 1177 4958 ι’)
1194 4900 1249 4956 lle,
1265 4897 1451 4960 expelleretur.

478 4969 505 5034 (¹)
522 4971 552 5021 E.
569 4985 585 5022 e
601 4976 655 5032 tle,
671 4986 755 5024 unum
770 4987 846 5024 ouum
863 4973 1008 5026 cutellum
1152 4973 1179 5032 (Ἴ
1195 4972 1227 5023 Ε.
1243 4972 1336 5025 &aree
1350 4985 1424 5036 erpo.

480 5047 507 5114 ι’)
523 5049 554 5099 Β.
569 5053 708 5100 utentem.
1151 5049 1178 5112 (Ἴ
1194 5049 1225 5100 li.
1242 5055 1338 5114 quent
1354 5049 1498 5114 respoudit:
1514 5049 1584 5114 quie.
