4606 6840
704 952 775 1021 268
1094 961 1297 1018 contumuit
1321 961 1473 1016 mmm

552 1078 556 1087 ¹
668 1115 811 1204 tantm
845 1107 922 1202 iste,
957 1107 1056 1182 unde
1088 1107 1248 1182 caliditas
1279 1107 1376 1182 idem
1410 1107 1597 1201 estquod
1629 1105 1782 1199 astutia3
1812 1127 1879 1182 se-.

701 1229 821 1304 cundo
834 1221 893 1320 (¹):
914 1228 1063 1302 damma
1081 1229 1296 1304 naturaliter
1312 1235 1492 1324 penetrat,
1510 1227 1695 1304 comburit
1720 1233 1758 1302 et
1782 1247 1872 1302 oon·

702 1349 813 1424 sumit
837 1348 1011 1442 quicquid
1035 1357 1090 1424 est
1114 1349 1179 1422 sibi
1197 1349 1360 1442 obvium,
1379 1349 1478 1443 quod
1499 1348 1677 1445 significat
1697 1347 1869 1422 ardorem

702 1469 834 1565 ingenii
869 1475 906 1542 et
936 1467 1151 1543 caliditatem
1186 1468 1310 1562 animi,
1342 1468 1476 1562 quibus
1505 1468 1592 1542 nihil
1624 1474 1741 1564 potest
1774 1468 1872 1544 obsi·

702 1598 799 1666 stere
814 1581 851 1684 (²)
876 1589 971 1663 sicut
996 1609 1063 1664 nec
1089 1588 1173 1685 igni.
1197 1591 1299 1664 Unde
1315 1589 1509 1685 prudentia
1530 1589 1676 1683 Priami,
1695 1589 1868 1665 tortitudo

701 1708 876 1803 Hectoris,
901 1714 977 1782 tota
1003 1709 1163 1803 potentia
1189 1709 1306 1783 Troiae
1331 1715 1369 1784 et
1395 1730 1527 1806 regum
1553 1709 1773 1804 amicorum,
1795 1730 1868 1784 non

700 1836 901 1926 potuerunt
935 1829 1103 1904 resistere
1134 1829 1277 1904 astutiae
1311 1829 1446 1926 Ulyxis,
1476 1829 1666 1905 utstatim
1701 1830 1867 1923 dicetur,

702 1951 809 2025 tertio
824 1941 884 2041 (³):
910 1950 1002 2046 ignis
1029 1949 1243 2025 naturaliter
1269 1960 1324 2028 est
1348 1957 1480 2026 acutus
1502 1956 1540 2025 et
1556 1950 1729 2025 continuo
1756 1951 1869 2025 tendit

701 2071 746 2145 ad
771 2071 902 2163 altum3
929 2070 979 2145 ita
995 2071 1112 2144 altum
1137 2070 1324 2166 ingenium
1345 2071 1500 2145 uturum
1526 2090 1672 2166 semper
1688 2071 1803 2147 tendit
1822 2073 1870 2147 ad

700 2193 829 2284 altum,
854 2197 892 2265 et
916 2196 1069 2265 attentat
1095 2191 1288 2286 magnalia,
1315 2191 1425 2282 quale
1450 2190 1519 2264 luit
1542 2190 1730 2286 ingenium
1755 2191 1869 2265 Mitri-

700 2311 802 2404 datis,
833 2310 1010 2406 Jugurtae,
1039 2308 1152 2403 Marii,
1185 2309 1346 2384 catilinas
1375 2298 1462 2402 etl‘)
1498 2309 1670 2384 Iohannis
1701 2310 1748 2385 de
1779 2312 1870 2386 Pro-

700 2429 803 2524 cida;
829 2435 984 2524 quarto:
1011 2429 1068 2504 isti
1093 2429 1306 2504 cruciantur
1330 2429 1485 2522 occulte,
1507 2428 1557 2503 ita
1582 2429 1682 2522 quod
1707 2450 1779 2504 non
1805 2451 1870 2526 ap-

701 2557 830 2645 parent
859 2551 906 2624 ad
935 2549 1170 2647 figurandum
1205 2549 1367 2624 occultas
1400 2549 1478 2624 vias
1509 2555 1546 2623 et
1580 2555 1689 2624 cauta
1719 2551 1868 2626 consilia

702 2670 841 2764 talium,
859 2691 943 2764 quae
969 2670 1090 2743 nullus
1107 2675 1226 2763 potest
1244 2669 1428 2745 interdum
1450 2668 1774 2763 comprehendere,
1792 2670 1867 2744 imo

701 2811 769 2866 nec
793 2791 1057 2886 coniecturam,
1083 2791 1175 2867 sicut
1199 2790 1342 2866 dicetur
1366 2790 1525 2885 capitulo
1551 2790 1718 2884 sequenti
1739 2791 1786 2867 de
1802 2811 1866 2866 co-

700 2911 790 2986 mite
814 2911 979 2987 Guidone
1004 2911 1050 2986 dc
1079 2911 1317 3005 Monteleltro,
1348 2913 1399 3002 pu
1427 2911 1674 3000 occorgimenti
1700 2932 1719 2983 e
1748 2914 1865 2985 lecc-

697 3037 795 3124 pera
819 3033 872 3104 vie
884 3057 900 3124 ;
925 3032 1075 3125 quinto:
1102 3031 1195 3126 ignis
1219 3031 1266 3105 de
1289 3050 1404 3126 prope
1433 3029 1529 3104 laedit
1554 3035 1592 3104 et
1616 3029 1816 3133 contristat,
1842 3051 1865 3106 a

700 3153 809 3247 longe
833 3171 923 3226 vero
948 3153 1047 3226 lucet
1072 3157 1109 3226 et
1133 3150 1306 3244 laetiticat3
1331 3151 1381 3225 ita
1413 3149 1468 3223 isti
1498 3169 1596 3244 saepe
1629 3138 1761 3224 nocent
1791 3151 1867 3225 suis

700 3272 836 3366 vicinis,
862 3283 987 3348 tamen
1011 3273 1156 3367 placent
1180 3277 1218 3346 et
1242 3273 1366 3346 lucent
1389 3270 1584 3363 extrancis,
1602 3271 1690 3364 quia
1711 3278 1797 3346 sunt
1812 3271 1867 3346 la-

701 3394 803 3488 mosi,
830 3399 866 3468 et
891 3393 1087 3468 laudantur
1117 3414 1141 3467 a
1173 3391 1390 3487 longinquis,
1416 3390 1510 3466 sicut
1540 3398 1640 3486 patet
1671 3391 1708 3465 in
1743 3392 1869 3466 multis

699 3514 854 3590 dominis
878 3512 998 3588 ltaliae.
1024 3514 1129 3588 Nunc
1154 3512 1201 3587 ad
1225 3511 1367 3586 literam
1394 3517 1503 3584 autor
1520 3509 1704 3608 specificat
1719 3531 1865 3607 poenam

700 3637 854 3711 istorum
880 3655 1085 3730 perunum
1110 3633 1421 3729 comparationem
1454 3632 1614 3727 claram;
1641 3640 1677 3708 et
1709 3634 1787 3708 vult
1812 3633 1868 3706 di·

699 3775 786 3831 cere
810 3776 886 3828 uno
911 3755 1037 3849 verbo,
1058 3755 1157 3848 qrrod
1183 3754 1269 3828 vidit
1293 3759 1367 3828 mm
1390 3755 1524 3828 multas
1540 3754 1708 3828 dammas
1732 3753 1867 3829 arden-

700 3883 755 3952 tes
779 3876 816 3949 in
840 3875 966 3972 bulgio
991 3874 1050 3948 illa
1075 3875 1144 3948 sub
1169 3874 1285 3949 oculis
1307 3875 1394 3970 suis,
1416 3881 1507 3969 quot
1523 3873 1723 3950 nocticulas
1739 3875 1867 3951 lucen-

700 4003 755 4072 tes
788 3995 887 4071 videt
905 3987 941 4088 (⁵)
976 3995 1135 4092 agricola
1169 3994 1206 4068 in
1235 3994 1400 4070 convalle
1438 3995 1601 4071 subiecta
1633 3995 1749 4071 oculis
1780 3996 1865 4072 suis.

699 4116 834 4191 Ordine
862 4115 912 4192 sic
944 4115 1087 4191 literam
1117 4121 1154 4190 et
1187 4121 1382 4190 construe:
1415 4118 1567 4188 t'ottuvo
1595 4115 1727 4208 dotpio,
1753 4136 1865 4210 mam

700 4257 818 4332 nuper
843 4236 1078 4331 intraveram,
1105 4243 1191 4310 tutto
1214 4237 1413 4328 munuae
1443 4237 1482 4308 di
1510 4241 1603 4309 mate
1628 4239 1781 4328 fiammae,
1813 4237 1869 4311 di-

700 4377 894 4432 rersorum
920 4356 1059 4453 ignium
1085 4355 1291 4431 ardentium
1318 4363 1355 4430 et
1380 4355 1622 4431 relucentium
1638 4347 1675 4450 (⁰)
1697 4377 1719 4432 a
1746 4359 1866 4453 longe,

699 4485 825 4570 quante
857 4481 1009 4569 leucu,
1039 4497 1123 4572 quae
1154 4483 1239 4551 suut
1270 4497 1417 4551 vermes
1451 4476 1615 4552 volantes
1644 4494 1711 4571 per
1740 4495 1867 4552 aerem

698 4601 873 4692 lucentes,
906 4617 991 4692 quae
1021 4603 1224 4672 nascuntur
1254 4597 1301 4672 de
1334 4617 1476 4691 quercu
1510 4596 1668 4692 putrida,
1700 4600 1729 4672 it
1761 4599 1869 4671 υίὶῐαη

698 4721 749 4792 cl'
762 4721 801 4791 ot
817 4719 951 4811 poppio
975 4719 1007 4791 si
1030 4719 1166 4810 mposo,
1191 4717 1294 4813 idest,
1320 4717 1381 4811 qui
1400 4717 1563 4796 adhaeret
1579 4717 1693 4794 monti
1714 4717 1761 4794 de
1784 4737 1868 4794 sero

760 4949 788 5012 (Ι)
804 4949 835 5000 Ε.
851 4949 974 5012 meando,
990 4951 1051 5016 quia
1068 4950 1183 5002 damma.
1246 4950 1272 5013 w
1290 4950 1321 5001 B.
1339 4948 1459 5001 resistmo
1474 4948 1543 4999 sicut
1556 4951 1596 4999 oct
1611 4946 1685 5012 iguis.

760 5026 788 5091 (¹)
804 5027 835 5078 ll.
852 5028 940 5089 tertio,
956 5028 1017 5093 quta
1032 5029 1106 5093 iguis.
1244 5027 1272 5090 (¹)
1289 5027 1319 5076 E.
1335 5031 1361 5078 et
1378 5025 1410 5076 de
1426 5025 1548 5076 Proctdnr
1564 5029 1667 5090 quarm,
1684 5023 1745 5087 qula
1759 5021 1809 5073 loti.

760 5101 789 5166 l't
804 5103 830 5155 s·
847 5103 918 5156 odit
1245 5103 1273 5167 u)
1289 5103 1314 5155 s.
1331 5103 1481 5156 numnam.
