4566 6844
691 978 833 1035 CANTUS
856 975 1072 1036 monemus
1095 970 1289 1029 SECUNDUS·
1505 959 1574 1026 501

403 1119 577 1198 llordreti
602 1123 808 1218 oppositum
839 1121 905 1198 soli
935 1127 1022 1197 ante
1050 1119 1186 1196 vulnus
1215 1116 1371 1193 faciebat
1404 1103 1576 1192 umbram

404 1262 472 1337 per
495 1246 615 1318 totum
641 1261 787 1339 corpus,
811 1241 876 1318 sed
905 1245 986 1338 post
1016 1238 1151 1314 vulnus
1178 1235 1457 1333 amplissimum,
1485 1235 1578 1311 radii

404 1363 522 1439 libere
543 1361 758 1458 transibant,
783 1382 852 1438 nec
882 1360 1063 1438 iaciebant
1095 1358 1266 1434 umbram
1298 1355 1335 1429 in
1367 1361 1473 1452 parte
1504 1355 1576 1450 illa,

404 1502 472 1557 con
496 1501 573 1556 caso
596 1503 646 1556 no
673 1485 786 1576 culpo,
816 1481 952 1556 scilicet
980 1479 1128 1572 nuceas,
1149 1498 1219 1570 per
1248 1479 1285 1550 lo
1314 1495 1400 1550 utcu
1429 1469 1576 1549 unct.-

405 1599 565 1676 brtur'us
590 1599 658 1676 iste
677 1599 810 1675 dicitur
826 1598 1013 1695 expectari
1028 1597 1076 1673 ab
1093 1595 1254 1692 anglicis,
1271 1595 1349 1670 sive
1365 1593 1452 1689 quia
1473 1613 1575 1668 mors

406 1718 558 1795 eiusde
583 1717 760 1794 industria
788 1718 906 1794 celata
935 1717 1004 1791 luit
1031 1736 1054 1791 a
1085 1713 1320 1790 Constantino
1351 1731 1576 1806 successore,

407 1839 485 1916 sive
510 1839 597 1934 quia
622 1838 659 1912 in
686 1844 786 1914 taum
810 1835 1086 1934 perturbatione
1111 1853 1252 1928 rerum,
1269 1834 1428 1908 drturus
1451 1832 1578 1929 paucis

408 1957 560 2032 consciis
585 1963 757 2032 mortuus
782 1964 847 2052 est,
865 1962 903 2032 et
927 1955 1005 2030 sine
1030 1952 1106 2030 ullo
1130 1959 1310 2049 apparatu
1334 1953 1511 2049 sepultus,
1531 1972 1579 2028 cx

408 2097 485 2173 quo
510 2077 687 2176 inclytum
713 2096 841 2174 regem
864 2095 1001 2150 vanum
1019 2074 1154 2171 vulgus
1171 2069 1362 2168 tamquam
1378 2077 1579 2148 venturum

409 2217 556 2294 semper
580 2201 758 2292 expectat
772 2199 915 2268 -Noc
939 2197 1119 2268 Focacct'n.
1149 2194 1215 2268 llic
1238 2193 1425 2268 nominato
1450 2184 1594 2288 spirtu?

409 2317 577 2414 pessimo,
604 2315 668 2410 qui
692 2313 874 2390 commisit
900 2312 1142 2410 proditionem
1159 2304 1197 2406 (⁴)
1223 2313 1260 2386 in
1284 2319 1441 2408 patrem,
1462 2310 1581 2386 nomi-

409 2437 618 2516 natalium
650 2432 1002 2510 damnablllssimum
1036 2433 1274 2529 proditorem,
1302 2432 1367 2527 qui
1398 2431 1582 2506 commisit

409 2554 652 2651 perniciosam
677 2553 919 2648 proditionem
948 2553 986 2627 in
1017 2559 1194 2649 patruum
1223 2572 1334 2628 suum
1367 2556 1405 2627 et
1429 2551 1579 2647 stirpem

410 2694 530 2769 suum,
548 2693 595 2750 ex
613 2694 690 2768 quo
704 2679 874 2749 secutum
892 2680 948 2750 est
965 2694 1143 2772 magnum
1161 2673 1385 2749 scandalum.
1404 2673 1458 2748 lld
1475 2673 1582 2748 cuius

410 2793 466 2868 rel
491 2792 735 2889 cognitionem
762 2799 818 2868 est
842 2793 1043 2888 sciendum,
1070 2793 1180 2888 quod,
1208 2793 1301 2870 sicut
1316 2793 1395 2889 J'am
1413 2811 1510 2888 saepe
1527 2791 1583 2866 di-

411 2919 514 2987 ctum
540 2917 605 3006 est,
631 2911 669 2986 in
693 2912 811 2987 blCllC
836 2920 917 2988 erat
941 2913 980 2987 iu
1004 2913 1150 2991 civitate
1170 2912 1312 2986 Pistorii
1337 2911 1470 2986 domus
1487 2912 1582 2986 t'au-

412 3032 647 3109 oelluriorum
673 3032 939 3128 florentissima,
965 3033 1003 3107 in
1028 3054 1103 3128 qua
1132 3031 1227 3108 inter
1256 3031 1347 3107 alios
1377 3037 1484 3106 orant
1507 3036 1583 3106 tres
1715 3095 1719 3107 .

412 3150 545 3227 tratres
570 3151 714 3246 milites,
740 3172 902 3246 quorum
928 3171 1027 3226 unus
1051 3151 1210 3227 babebat
1240 3151 1356 3226 lilium
1386 3150 1585 3247 perditissi-

412 3291 519 3343 mum
537 3269 687 3345 nomine
703 3269 928 3367 boemiam,
945 3271 1258 3369 promptissimum
1276 3271 1324 3347 ad
1340 3291 1453 3346 omne
1470 3269 1582 3346 netas.

413 3388 550 3464 decidit
577 3399 706 3466 autem
737 3410 761 3464 a
798 3410 899 3485 casu,
933 3389 1033 3485 quod
1060 3395 1166 3487 pater
1199 3391 1384 3466 Focacciae
1417 3397 1585 3485 tempore

413 3507 648 3601 biemiecum
661 3507 853 3584 luderetur
865 3508 912 3583 ad
924 3509 1279 3604 nivem‚verberaril
1292 3531 1411 3586 unum
1426 3529 1585 3604 puerum

413 3632 585 3722 nepotem
603 3647 727 3721 suum,
745 3626 861 3702 lilium
883 3629 992 3702 unius
1017 3626 1186 3724 fratrum,
1207 3628 1294 3724 quia
1315 3628 1375 3704 ille
1395 3628 1587 3704 dicebatur

414 3746 637 3844 percussisse
673 3747 794 3842 inepte
830 3747 944 3823 alium
976 3767 1136 3844 puerum
1170 3767 1258 3823 cum
1293 3748 1394 3842 uive;
1429 3768 1477 3822 er
1512 3768 1587 3842 quo

410 3885 510 3962 puer
532 3871 613 3960 post
636 3865 779 3959 aliquos
796 3865 873 3940 dies
890 3867 1066 3940 simulans
1083 3885 1124 3941 se
1143 3867 1239 3941 velle
1259 3867 1358 3960 loqui
1379 3866 1437 3942 isti
1453 3874 1587 3963 patruo

415 4004 496 4078 suo,
521 3982 619 4058 dedit
644 3982 692 4056 illl
717 3984 862 4078 alapam
888 3984 926 4057 in
951 3983 1157 4059 vindictam.
1184 3984 1294 4058 Pater·
1323 3985 1429 4080 pueri
1460 3985 1587 4060 dolens

415 4105 462 4180 de
487 4101 686 4176 temerario
711 4121 865 4178 excessu
890 4101 953 4178 lilii
968 4093 1019 4198 (¹),
1037 4103 1134 4177 misit
1156 4103 1276 4200 ipsum
1301 4103 1349 4179 ad
1375 4103 1526 4180 tratrem
1545 4113 1587 4179 ut

416 4222 555 4298 luceret
579 4221 850 4316 correptionem
863 4213 901 4316 (³)
920 4221 967 4316 de
992 4241 1038 4298 eo
1061 4221 1109 4296 ad
1131 4221 1305 4319 placitum
1322 4242 1446 4298 suum.
1465 4224 1508 4297 Et
1529 4221 1589 4300 ille

417 4351 611 4435 umquam
636 4341 798 4438 prudens
824 4341 912 4436 risit,
939 4347 976 4418 et
1005 4341 1216 4418 remittebat
1244 4341 1360 4445 lilium
1390 4343 1485 4438 patri
1516 4363 1589 4418 non

418 4469 558 4538 tactum
583 4461 652 4538 nisi
676 4464 755 4537 solo
778 4462 915 4538 osculo.
946 4461 1018 4538 Sed
1046 4462 1219 4538 Focaocia
1249 4463 1451 4538 sceleratus
1475 4483 1589 4560 expe·

418 4589 521 4658 ctam
545 4603 706 4678 puerum
731 4583 769 4656 in
793 4582 920 4659 limine
944 4580 1088 4676 domuc,
1114 4581 1225 4657 traxit
1253 4583 1374 4678 ipsum
1400 4584 1438 4658 in
1463 4583 1591 4660 stabu-

417 4701 496 4774 lum
521 4703 645 4796 patris,
671 4707 708 4778 et
733 4701 938 4798 amputarit
970 4701 1021 4775 illi
1053 4721 1207 4776 manum
1242 4700 1353 4798 impie
1384 4723 1471 4778 cum
1502 4723 1590 4780 ense

417 4837 529 4914 super
554 4841 719 4916 praesepe
743 4821 850 4916 equi3
879 4827 916 4896 et
949 4841 1023 4895 uon
1055 4827 1250 4895 contentus
1280 4822 1348 4897 ista
1373 4823 1590 4898 crudelitate

479 5007 507 5066 (¹)
523 5005 554 5056 B.
570 5018 586 5056 s
602 5005 627 5055 S.
644 5007 781 5068 psalmum
798 5007 979 5070 proditionem.
1115 5005 1143 5066 (¹)
1159 5007 1213 5065 tto,
1230 5006 1304 5068 pueri
1321 5005 1367 5055 lllll
1383 5007 1432 5068 sul,
1449 5007 1526 5058 misit.

480 5081 507 5143 (⁸)
523 5081 550 5133 s.
566 5081 678 5156 debltam
694 5084 884 5134 correctionem
900 5081 932 5131 de
948 5093 981 5133 eo
995 5081 1027 5130 ad
1043 5080 1268 5144 palatium'auum.
1285 5080 1323 5132 nt
1337 5081 1390 5133 llla.
