<?xml version="1.0" encoding="UTF-8"?>
<!DOCTYPE html PUBLIC "-//W3C//DTD XHTML 1.0 Transitional//EN"
    "http://www.w3.org/TR/xhtml1/DTD/xhtml1-transitional.dtd">
<html xmlns="http://www.w3.org/1999/xhtml" xml:lang="en" lang="en">
 <head>
  <title>
</title>
<meta http-equiv="Content-Type" content="text/html;charset=utf-8" />
  <meta name='ocr-system' content='tesseract 3.04.00' />
  <meta name='ocr-capabilities' content='ocr_page ocr_carea ocr_par ocr_line ocrx_word'/>
</head>
<body>
  <div class='ocr_page' id='page_1' title='image "./comentumsuperda01benvgoog_0092.png"; bbox 0 0 4526 6836; ppageno 0'>
   <div class='ocr_carea' id='block_1_1' title="bbox 792 893 1555 964">
    <p class='ocr_par' dir='ltr' id='par_1_1' title="bbox 792 893 1555 964">
     <span class='ocr_line' id='line_1_1' title="bbox 792 893 1555 964; baseline 0.004 -3"><span class='ocrx_word' id='word_1_1' title='bbox 792 903 931 961; x_wconf 76' lang='lat' dir='ltr'><strong>morus</strong></span> <span class='ocrx_word' id='word_1_2' title='bbox 957 905 1156 962; x_wconf 76' lang='lat' dir='ltr'><strong>usmarus.</strong></span> <span class='ocrx_word' id='word_1_3' title='bbox 1508 893 1555 964; x_wconf 79' lang='lat'><strong>83</strong></span> 
     </span>
    </p>
   </div>
   <div class='ocr_carea' id='block_1_2' title="bbox 386 1043 1557 1392">
    <p class='ocr_par' dir='ltr' id='par_1_2' title="bbox 386 1043 1557 1392">
     <span class='ocr_line' id='line_1_2' title="bbox 388 1043 1556 1145; baseline 0.003 -25"><span class='ocrx_word' id='word_1_4' title='bbox 388 1047 493 1122; x_wconf 92' lang='lat' dir='ltr'><strong>thos:</strong></span> <span class='ocrx_word' id='word_1_5' title='bbox 517 1043 582 1121; x_wconf 86' lang='lat' dir='ltr'><strong>s&#39;ed</strong></span> <span class='ocrx_word' id='word_1_6' title='bbox 607 1053 735 1122; x_wconf 70' lang='lat' dir='ltr'><strong>souma</strong></span> <span class='ocrx_word' id='word_1_7' title='bbox 754 1047 925 1143; x_wconf 82' lang='lat' dir='ltr'><strong>Virgilius</strong></span> <span class='ocrx_word' id='word_1_8' title='bbox 947 1048 1033 1124; x_wconf 86' lang='lat' dir='ltr'><strong>dicit</strong></span> <span class='ocrx_word' id='word_1_9' title='bbox 1053 1049 1152 1144; x_wconf 85' lang='lat' dir='ltr'><strong>quod</strong></span> <span class='ocrx_word' id='word_1_10' title='bbox 1177 1049 1256 1145; x_wconf 90' lang='lat' dir='ltr'><strong>ipsa</strong></span> <span class='ocrx_word' id='word_1_11' title='bbox 1282 1049 1409 1124; x_wconf 92' lang='lat' dir='ltr'><strong>habuit</strong></span> <span class='ocrx_word' id='word_1_12' title='bbox 1434 1049 1556 1124; x_wconf 82' lang='lat' dir='ltr'><strong>virum</strong></span> 
     </span>
     <span class='ocr_line' id='line_1_3' title="bbox 386 1166 1556 1262; baseline 0.002 -22"><span class='ocrx_word' id='word_1_13' title='bbox 386 1166 433 1241; x_wconf 90' lang='lat' dir='ltr'><strong>de</strong></span> <span class='ocrx_word' id='word_1_14' title='bbox 452 1167 582 1240; x_wconf 72' lang='lat' dir='ltr'><strong>inscia</strong></span> <span class='ocrx_word' id='word_1_15' title='bbox 606 1173 645 1241; x_wconf 87' lang='lat' dir='ltr'><strong>et</strong></span> <span class='ocrx_word' id='word_1_16' title='bbox 669 1166 770 1262; x_wconf 87' lang='lat' dir='ltr'><strong>lilios,</strong></span> <span class='ocrx_word' id='word_1_17' title='bbox 789 1189 951 1262; x_wconf 90' lang='lat' dir='ltr'><strong>quorum</strong></span> <span class='ocrx_word' id='word_1_18' title='bbox 974 1189 1069 1244; x_wconf 88' lang='lat' dir='ltr'><strong>unus</strong></span> <span class='ocrx_word' id='word_1_19' title='bbox 1086 1169 1155 1246; x_wconf 88' lang='lat' dir='ltr'><strong>luit</strong></span> <span class='ocrx_word' id='word_1_20' title='bbox 1171 1168 1208 1243; x_wconf 94' lang='lat' dir='ltr'><strong>in</strong></span> <span class='ocrx_word' id='word_1_21' title='bbox 1224 1169 1427 1244; x_wconf 82' lang='lat' dir='ltr'><strong>subsidium</strong></span> <span class='ocrx_word' id='word_1_22' title='bbox 1444 1168 1556 1244; x_wconf 81' lang='lat' dir='ltr'><strong>Turni</strong></span> 
     </span>
     <span class='ocr_line' id='line_1_4' title="bbox 386 1286 1557 1392; baseline 0.003 -31"><span class='ocrx_word' id='word_1_23' title='bbox 386 1293 515 1362; x_wconf 87' lang='lat' dir='ltr'><strong>contra</strong></span> <span class='ocrx_word' id='word_1_24' title='bbox 540 1286 690 1362; x_wconf 76' lang='lat' dir='ltr'><strong>lineam.</strong></span> <span class='ocrx_word' id='word_1_25' title='bbox 717 1288 809 1362; x_wconf 83' lang='lat' dir='ltr'><strong>Dicit</strong></span> <span class='ocrx_word' id='word_1_26' title='bbox 834 1288 945 1364; x_wconf 86' lang='lat' dir='ltr'><strong>etiam</strong></span> <span class='ocrx_word' id='word_1_27' title='bbox 963 1289 1184 1384; x_wconf 86' lang='lat' dir='ltr'><strong>Pomponius</strong></span> <span class='ocrx_word' id='word_1_28' title='bbox 1201 1290 1305 1364; x_wconf 85' lang='lat' dir='ltr'><strong>hlelln</strong></span> <span class='ocrx_word' id='word_1_29' title='bbox 1331 1289 1557 1392; x_wconf 76' lang='lat' dir='ltr'><strong>qnodlllau-</strong></span> 
     </span>
    </p>
   </div>
   <div class='ocr_carea' id='block_1_3' title="bbox 284 1407 1558 4850">
    <p class='ocr_par' dir='ltr' id='par_1_3' title="bbox 284 1407 1558 4850">
     <span class='ocr_line' id='line_1_5' title="bbox 387 1407 1558 1505; baseline -0.001 -22"><span class='ocrx_word' id='word_1_30' title='bbox 387 1409 451 1483; x_wconf 90' lang='lat' dir='ltr'><strong>tho</strong></span> <span class='ocrx_word' id='word_1_31' title='bbox 476 1407 545 1484; x_wconf 86' lang='lat' dir='ltr'><strong>luit</strong></span> <span class='ocrx_word' id='word_1_32' title='bbox 568 1417 688 1484; x_wconf 91' lang='lat' dir='ltr'><strong>mater</strong></span> <span class='ocrx_word' id='word_1_33' title='bbox 712 1408 824 1504; x_wconf 81' lang='lat' dir='ltr'><strong>Mopsi</strong></span> <span class='ocrx_word' id='word_1_34' title='bbox 850 1409 1001 1486; x_wconf 84' lang='lat' dir='ltr'><strong>maximi</strong></span> <span class='ocrx_word' id='word_1_35' title='bbox 1025 1409 1188 1505; x_wconf 89' lang='lat' dir='ltr'><strong>auguris.</strong></span> <span class='ocrx_word' id='word_1_36' title='bbox 1208 1409 1408 1484; x_wconf 82' lang='lat' dir='ltr'><strong>Dicendum</strong></span> <span class='ocrx_word' id='word_1_37' title='bbox 1435 1409 1558 1484; x_wconf 84' lang='lat' dir='ltr'><strong>brevi-</strong></span> 
     </span>
     <span class='ocr_line' id='line_1_6' title="bbox 386 1520 1557 1624; baseline 0 -22"><span class='ocrx_word' id='word_1_38' title='bbox 386 1534 454 1622; x_wconf 91' lang='lat' dir='ltr'><strong>ter,</strong></span> <span class='ocrx_word' id='word_1_39' title='bbox 479 1528 579 1622; x_wconf 82' lang='lat' dir='ltr'><strong>quod</strong></span> <span class='ocrx_word' id='word_1_40' title='bbox 604 1527 710 1622; x_wconf 79' lang='lat' dir='ltr'><strong>virgo</strong></span> <span class='ocrx_word' id='word_1_41' title='bbox 733 1527 867 1602; x_wconf 87' lang='lat' dir='ltr'><strong>dieitur</strong></span> <span class='ocrx_word' id='word_1_42' title='bbox 896 1528 1001 1622; x_wconf 85' lang='lat' dir='ltr'><strong>qnasi</strong></span> <span class='ocrx_word' id='word_1_43' title='bbox 1014 1520 1051 1620; x_wconf 69' lang='lat'><strong>(¹)</strong></span> <span class='ocrx_word' id='word_1_44' title='bbox 1086 1528 1224 1624; x_wconf 81' lang='lat' dir='ltr'><strong>virago,</strong></span> <span class='ocrx_word' id='word_1_45' title='bbox 1251 1529 1350 1623; x_wconf 89' lang='lat' dir='ltr'><strong>quod</strong></span> <span class='ocrx_word' id='word_1_46' title='bbox 1377 1528 1475 1604; x_wconf 90' lang='lat' dir='ltr'><strong>idem</strong></span> <span class='ocrx_word' id='word_1_47' title='bbox 1501 1535 1557 1604; x_wconf 87' lang='lat' dir='ltr'><strong>est</strong></span> 
     </span>
     <span class='ocr_line' id='line_1_7' title="bbox 387 1645 1556 1745; baseline 0.002 -25"><span class='ocrx_word' id='word_1_48' title='bbox 387 1647 486 1742; x_wconf 89' lang='lat' dir='ltr'><strong>quod</strong></span> <span class='ocrx_word' id='word_1_49' title='bbox 509 1647 621 1724; x_wconf 76' lang='lat' dir='ltr'><strong>virtus</strong></span> <span class='ocrx_word' id='word_1_50' title='bbox 645 1645 795 1722; x_wconf 88' lang='lat' dir='ltr'><strong>loemina</strong></span> <span class='ocrx_word' id='word_1_51' title='bbox 821 1657 859 1724; x_wconf 87' lang='lat' dir='ltr'><strong>et</strong></span> <span class='ocrx_word' id='word_1_52' title='bbox 883 1648 999 1722; x_wconf 85' lang='lat' dir='ltr'><strong>virilia</strong></span> <span class='ocrx_word' id='word_1_53' title='bbox 1016 1667 1152 1743; x_wconf 82' lang='lat' dir='ltr'><strong>agons3</strong></span> <span class='ocrx_word' id='word_1_54' title='bbox 1169 1648 1269 1723; x_wconf 90' lang='lat' dir='ltr'><strong>unde</strong></span> <span class='ocrx_word' id='word_1_55' title='bbox 1294 1648 1370 1742; x_wconf 92' lang='lat' dir='ltr'><strong>ipse</strong></span> <span class='ocrx_word' id='word_1_56' title='bbox 1387 1648 1556 1745; x_wconf 82' lang='lat' dir='ltr'><strong>Virgilius</strong></span> 
     </span>
     <span class='ocr_line' id='line_1_8' title="bbox 386 1765 1556 1864; baseline 0.003 -24"><span class='ocrx_word' id='word_1_57' title='bbox 386 1765 425 1840; x_wconf 91' lang='lat' dir='ltr'><strong>in</strong></span> <span class='ocrx_word' id='word_1_58' title='bbox 449 1766 626 1842; x_wconf 88' lang='lat' dir='ltr'><strong>Buoolicis</strong></span> <span class='ocrx_word' id='word_1_59' title='bbox 649 1767 806 1862; x_wconf 90' lang='lat' dir='ltr'><strong>appellat</strong></span> <span class='ocrx_word' id='word_1_60' title='bbox 822 1765 1015 1862; x_wconf 89' lang='lat' dir='ltr'><strong>Pasiphem</strong></span> <span class='ocrx_word' id='word_1_61' title='bbox 1040 1766 1221 1862; x_wconf 83' lang='lat' dir='ltr'><strong>virginem</strong></span> <span class='ocrx_word' id='word_1_62' title='bbox 1246 1787 1333 1842; x_wconf 91' lang='lat' dir='ltr'><strong>oum</strong></span> <span class='ocrx_word' id='word_1_63' title='bbox 1354 1768 1434 1864; x_wconf 87' lang='lat' dir='ltr'><strong>jam</strong></span> <span class='ocrx_word' id='word_1_64' title='bbox 1459 1778 1556 1844; x_wconf 81' lang='lat' dir='ltr'><strong>esset</strong></span> 
     </span>
     <span class='ocr_line' id='line_1_9' title="bbox 284 1883 1555 1980; baseline 0.002 -20"><span class='ocrx_word' id='word_1_65' title='bbox 284 1957 286 1960; x_wconf 85' lang='grc'>,</span> <span class='ocrx_word' id='word_1_66' title='bbox 387 1891 506 1960; x_wconf 87' lang='lat' dir='ltr'><strong>mater</strong></span> <span class='ocrx_word' id='word_1_67' title='bbox 530 1883 892 1980; x_wconf 59' lang='lat' dir='ltr'><strong>honoratoriam</strong></span> <span class='ocrx_word' id='word_1_68' title='bbox 916 1896 955 1962; x_wconf 89' lang='lat' dir='ltr'><strong>et</strong></span> <span class='ocrx_word' id='word_1_69' title='bbox 979 1885 1172 1980; x_wconf 78' lang='lat' dir='ltr'><strong>Androgei.</strong></span> <span class='ocrx_word' id='word_1_70' title='bbox 1191 1887 1316 1962; x_wconf 90' lang='lat' dir='ltr'><strong>Posset</strong></span> <span class='ocrx_word' id='word_1_71' title='bbox 1333 1887 1443 1962; x_wconf 79' lang='lat' dir='ltr'><strong>eham</strong></span> <span class='ocrx_word' id='word_1_72' title='bbox 1461 1887 1555 1962; x_wconf 80' lang='lat' dir='ltr'><strong>torte</strong></span> 
     </span>
     <span class='ocr_line' id='line_1_10' title="bbox 386 2004 1555 2102; baseline 0.003 -24"><span class='ocrx_word' id='word_1_73' title='bbox 386 2004 455 2080; x_wconf 88' lang='lat' dir='ltr'><strong>diei</strong></span> <span class='ocrx_word' id='word_1_74' title='bbox 479 2005 578 2098; x_wconf 87' lang='lat' dir='ltr'><strong>quod</strong></span> <span class='ocrx_word' id='word_1_75' title='bbox 604 2005 768 2080; x_wconf 82' lang='lat' dir='ltr'><strong>Manthos</strong></span> <span class='ocrx_word' id='word_1_76' title='bbox 793 2012 874 2080; x_wconf 91' lang='lat' dir='ltr'><strong>erat</strong></span> <span class='ocrx_word' id='word_1_77' title='bbox 898 2005 1003 2102; x_wconf 82' lang='lat' dir='ltr'><strong>virgo</strong></span> <span class='ocrx_word' id='word_1_78' title='bbox 1020 2005 1168 2099; x_wconf 87' lang='lat' dir='ltr'><strong>quondo</strong></span> <span class='ocrx_word' id='word_1_79' title='bbox 1188 2005 1307 2100; x_wconf 92' lang='lat' dir='ltr'><strong>primo</strong></span> <span class='ocrx_word' id='word_1_80' title='bbox 1326 2007 1555 2100; x_wconf 85' lang='lat' dir='ltr'><strong>pervenitad</strong></span> 
     </span>
     <span class='ocr_line' id='line_1_11' title="bbox 386 2124 1554 2220; baseline -0.002 -20"><span class='ocrx_word' id='word_1_81' title='bbox 386 2124 497 2200; x_wconf 90' lang='lat' dir='ltr'><strong>istum</strong></span> <span class='ocrx_word' id='word_1_82' title='bbox 522 2125 665 2218; x_wconf 90' lang='lat' dir='ltr'><strong>looum;</strong></span> <span class='ocrx_word' id='word_1_83' title='bbox 689 2125 755 2200; x_wconf 89' lang='lat' dir='ltr'><strong>sed</strong></span> <span class='ocrx_word' id='word_1_84' title='bbox 788 2131 984 2220; x_wconf 79' lang='lat' dir='ltr'><strong>postquam</strong></span> <span class='ocrx_word' id='word_1_85' title='bbox 1018 2125 1130 2198; x_wconf 77' lang='lat' dir='ltr'><strong>traxit</strong></span> <span class='ocrx_word' id='word_1_86' title='bbox 1160 2124 1209 2199; x_wconf 94' lang='lat' dir='ltr'><strong>ihi</strong></span> <span class='ocrx_word' id='word_1_87' title='bbox 1243 2145 1399 2220; x_wconf 89' lang='lat' dir='ltr'><strong>moram,</strong></span> <span class='ocrx_word' id='word_1_88' title='bbox 1426 2125 1554 2200; x_wconf 89' lang='lat' dir='ltr'><strong>habuit</strong></span> 
     </span>
     <span class='ocr_line' id='line_1_12' title="bbox 385 2244 1554 2338; baseline 0 -18"><span class='ocrx_word' id='word_1_89' title='bbox 385 2245 507 2320; x_wconf 83' lang='lat' dir='ltr'><strong>virum</strong></span> <span class='ocrx_word' id='word_1_90' title='bbox 532 2251 571 2320; x_wconf 90' lang='lat' dir='ltr'><strong>et</strong></span> <span class='ocrx_word' id='word_1_91' title='bbox 595 2244 696 2319; x_wconf 84' lang='lat' dir='ltr'><strong>lilios</strong></span> <span class='ocrx_word' id='word_1_92' title='bbox 723 2244 825 2320; x_wconf 91' lang='lat' dir='ltr'><strong>Unde</strong></span> <span class='ocrx_word' id='word_1_93' title='bbox 850 2244 986 2320; x_wconf 85' lang='lat' dir='ltr'><strong>Statius</strong></span> <span class='ocrx_word' id='word_1_94' title='bbox 1016 2244 1054 2319; x_wconf 93' lang='lat' dir='ltr'><strong>iu</strong></span> <span class='ocrx_word' id='word_1_95' title='bbox 1078 2245 1123 2318; x_wconf 87' lang='lat' dir='ltr'><strong>Vl</strong></span> <span class='ocrx_word' id='word_1_96' title='bbox 1157 2244 1252 2338; x_wconf 84' lang='lat' dir='ltr'><strong>dicit,</strong></span> <span class='ocrx_word' id='word_1_97' title='bbox 1278 2245 1377 2338; x_wconf 82' lang='lat' dir='ltr'><strong>quod</strong></span> <span class='ocrx_word' id='word_1_98' title='bbox 1408 2245 1554 2320; x_wconf 85' lang='lat' dir='ltr'><strong>Mantho</strong></span> 
     </span>
     <span class='ocr_line' id='line_1_13' title="bbox 385 2355 1554 2462; baseline -0.003 -23"><span class='ocrx_word' id='word_1_99' title='bbox 385 2365 452 2440; x_wconf 84' lang='lat' dir='ltr'><strong>init</strong></span> <span class='ocrx_word' id='word_1_100' title='bbox 476 2365 648 2440; x_wconf 88' lang='lat' dir='ltr'><strong>saoerdos</strong></span> <span class='ocrx_word' id='word_1_101' title='bbox 676 2364 866 2459; x_wconf 75' lang='lat' dir='ltr'><strong>Apollinis,</strong></span> <span class='ocrx_word' id='word_1_102' title='bbox 893 2365 1004 2440; x_wconf 86' lang='lat' dir='ltr'><strong>etiam</strong></span> <span class='ocrx_word' id='word_1_103' title='bbox 1019 2355 1057 2456; x_wconf 81' lang='lat'><strong>(²)</strong></span> <span class='ocrx_word' id='word_1_104' title='bbox 1083 2364 1183 2458; x_wconf 82' lang='lat' dir='ltr'><strong>quod</strong></span> <span class='ocrx_word' id='word_1_105' title='bbox 1205 2365 1333 2460; x_wconf 86' lang='lat' dir='ltr'><strong>Apollo</strong></span> <span class='ocrx_word' id='word_1_106' title='bbox 1364 2363 1554 2462; x_wconf 83' lang='lat' dir='ltr'><strong>sagiptavit</strong></span> 
     </span>
     <span class='ocr_line' id='line_1_14' title="bbox 386 2483 1552 2580; baseline -0.003 -22"><span class='ocrx_word' id='word_1_107' title='bbox 386 2485 565 2580; x_wconf 87' lang='lat' dir='ltr'><strong>Lampum</strong></span> <span class='ocrx_word' id='word_1_108' title='bbox 591 2502 787 2580; x_wconf 83' lang='lat' dir='ltr'><strong>augurem,</strong></span> <span class='ocrx_word' id='word_1_109' title='bbox 812 2483 899 2577; x_wconf 88' lang='lat' dir='ltr'><strong>quia</strong></span> <span class='ocrx_word' id='word_1_110' title='bbox 923 2490 1166 2560; x_wconf 72' lang='lat' dir='ltr'><strong>attentaverat</strong></span> <span class='ocrx_word' id='word_1_111' title='bbox 1194 2485 1351 2577; x_wconf 85' lang='lat' dir='ltr'><strong>Mantho,</strong></span> <span class='ocrx_word' id='word_1_112' title='bbox 1383 2490 1420 2558; x_wconf 86' lang='lat' dir='ltr'><strong>et</strong></span> <span class='ocrx_word' id='word_1_113' title='bbox 1447 2483 1552 2560; x_wconf 82' lang='lat' dir='ltr'><strong>dicit:</strong></span> 
     </span>
     <span class='ocr_line' id='line_1_15' title="bbox 386 2602 1552 2699; baseline -0.002 -23"><span class='ocrx_word' id='word_1_114' title='bbox 386 2605 513 2694; x_wconf 73' lang='lat' dir='ltr'><strong>oudo,</strong></span> <span class='ocrx_word' id='word_1_115' title='bbox 528 2603 615 2697; x_wconf 87' lang='lat' dir='ltr'><strong>quia</strong></span> <span class='ocrx_word' id='word_1_116' title='bbox 631 2602 791 2678; x_wconf 87' lang='lat' dir='ltr'><strong>solitaria</strong></span> <span class='ocrx_word' id='word_1_117' title='bbox 808 2603 952 2699; x_wconf 88' lang='lat' dir='ltr'><strong>lugiens</strong></span> <span class='ocrx_word' id='word_1_118' title='bbox 968 2623 1079 2678; x_wconf 90' lang='lat' dir='ltr'><strong>omne</strong></span> <span class='ocrx_word' id='word_1_119' title='bbox 1095 2603 1300 2678; x_wconf 91' lang='lat' dir='ltr'><strong>humanum</strong></span> <span class='ocrx_word' id='word_1_120' title='bbox 1314 2602 1552 2694; x_wconf 90' lang='lat' dir='ltr'><strong>oonsortium,</strong></span> 
     </span>
     <span class='ocr_line' id='line_1_16' title="bbox 385 2723 1550 2818; baseline -0.002 -20"><span class='ocrx_word' id='word_1_121' title='bbox 385 2725 564 2814; x_wconf 65' lang='lat' dir='ltr'><strong>possm</strong></span> <span class='ocrx_word' id='word_1_122' title='bbox 587 2723 720 2814; x_wconf 61' lang='lat' dir='ltr'><strong>pond,</strong></span> <span class='ocrx_word' id='word_1_123' title='bbox 744 2723 880 2798; x_wconf 85' lang='lat' dir='ltr'><strong>seilicet</strong></span> <span class='ocrx_word' id='word_1_124' title='bbox 904 2743 971 2818; x_wconf 90' lang='lat' dir='ltr'><strong>per</strong></span> <span class='ocrx_word' id='word_1_125' title='bbox 993 2723 1179 2818; x_wconf 88' lang='lat' dir='ltr'><strong>planitiem</strong></span> <span class='ocrx_word' id='word_1_126' title='bbox 1204 2723 1419 2817; x_wconf 68' lang='lat' dir='ltr'><strong>istomodo</strong></span> <span class='ocrx_word' id='word_1_127' title='bbox 1439 2731 1550 2816; x_wconf 74' lang='lat' dir='ltr'><strong>terro,</strong></span> 
     </span>
     <span class='ocr_line' id='line_1_17' title="bbox 377 2841 1553 2936; baseline 0.001 -20"><span class='ocrx_word' id='word_1_128' title='bbox 377 2841 511 2916; x_wconf 87' lang='lat' dir='ltr'><strong>scilieet</strong></span> <span class='ocrx_word' id='word_1_129' title='bbox 540 2843 673 2918; x_wconf 87' lang='lat' dir='ltr'><strong>dietam</strong></span> <span class='ocrx_word' id='word_1_130' title='bbox 699 2843 847 2936; x_wconf 89' lang='lat' dir='ltr'><strong>lamam,</strong></span> <span class='ocrx_word' id='word_1_131' title='bbox 872 2846 931 2916; x_wconf 82' lang='lat' dir='ltr'><strong>ool</strong></span> <span class='ocrx_word' id='word_1_132' title='bbox 953 2846 1089 2934; x_wconf 78' lang='lat' dir='ltr'><strong>meppio</strong></span> <span class='ocrx_word' id='word_1_133' title='bbox 1113 2844 1171 2916; x_wconf 84' lang='lat' dir='ltr'><strong>del</strong></span> <span class='ocrx_word' id='word_1_134' title='bbox 1187 2848 1325 2934; x_wconf 79' lang='lat' dir='ltr'><strong>pontus</strong></span> <span class='ocrx_word' id='word_1_135' title='bbox 1345 2861 1455 2916; x_wconf 75' lang='lat' dir='ltr'><strong>seusa</strong></span> <span class='ocrx_word' id='word_1_136' title='bbox 1479 2845 1553 2918; x_wconf 85' lang='lat' dir='ltr'><strong>oot-</strong></span> 
     </span>
     <span class='ocr_line' id='line_1_18' title="bbox 382 2961 1551 3060; baseline 0 -26"><span class='ocrx_word' id='word_1_137' title='bbox 382 2967 477 3060; x_wconf 61' lang='lat' dir='ltr'><strong>tum,</strong></span> <span class='ocrx_word' id='word_1_138' title='bbox 502 2961 593 3036; x_wconf 79' lang='lat' dir='ltr'><strong>idest</strong></span> <span class='ocrx_word' id='word_1_139' title='bbox 617 2962 696 3036; x_wconf 91' lang='lat' dir='ltr'><strong>siue</strong></span> <span class='ocrx_word' id='word_1_140' title='bbox 720 2962 823 3038; x_wconf 85' lang='lat' dir='ltr'><strong>cultu</strong></span> <span class='ocrx_word' id='word_1_141' title='bbox 855 2967 977 3056; x_wconf 80' lang='lat' dir='ltr'><strong>terrae,</strong></span> <span class='ocrx_word' id='word_1_142' title='bbox 1003 2983 1023 3034; x_wconf 86' lang='lat' dir='ltr'><strong>e</strong></span> <span class='ocrx_word' id='word_1_143' title='bbox 1046 2965 1144 3036; x_wconf 81' lang='lat' dir='ltr'><strong>nudo</strong></span> <span class='ocrx_word' id='word_1_144' title='bbox 1166 2965 1201 3036; x_wconf 87' lang='lat' dir='ltr'><strong>d&#39;</strong></span> <span class='ocrx_word' id='word_1_145' title='bbox 1214 2961 1370 3052; x_wconf 56' lang='lat' dir='ltr'><strong>abbud</strong></span> <span class='ocrx_word' id='word_1_146' title='bbox 1397 2961 1488 3038; x_wconf 87' lang='lat' dir='ltr'><strong>idest</strong></span> <span class='ocrx_word' id='word_1_147' title='bbox 1512 2969 1551 3036; x_wconf 92' lang='lat' dir='ltr'><strong>et</strong></span> 
     </span>
     <span class='ocr_line' id='line_1_19' title="bbox 381 3080 1549 3177; baseline -0.002 -23"><span class='ocrx_word' id='word_1_148' title='bbox 381 3081 459 3156; x_wconf 88' lang='lat' dir='ltr'><strong>sine</strong></span> <span class='ocrx_word' id='word_1_149' title='bbox 483 3080 716 3176; x_wconf 84' lang='lat' dir='ltr'><strong>habitatione,</strong></span> <span class='ocrx_word' id='word_1_150' title='bbox 750 3081 856 3175; x_wconf 84' lang='lat' dir='ltr'><strong>qussi</strong></span> <span class='ocrx_word' id='word_1_151' title='bbox 893 3081 999 3175; x_wconf 77' lang='grc' dir='ltr'>(ἰίαιι,</span> <span class='ocrx_word' id='word_1_152' title='bbox 1029 3081 1180 3156; x_wconf 92' lang='lat' dir='ltr'><strong>omnino</strong></span> <span class='ocrx_word' id='word_1_153' title='bbox 1210 3081 1407 3175; x_wconf 86' lang='lat' dir='ltr'><strong>desertam,</strong></span> <span class='ocrx_word' id='word_1_154' title='bbox 1434 3095 1549 3177; x_wconf 88' lang='lat' dir='ltr'><strong>ergo:</strong></span> 
     </span>
     <span class='ocr_line' id='line_1_20' title="bbox 380 3193 1553 3293; baseline 0.002 -21"><span class='ocrx_word' id='word_1_155' title='bbox 380 3203 510 3274; x_wconf 79' lang='lat' dir='ltr'><strong>ristette</strong></span> <span class='ocrx_word' id='word_1_156' title='bbox 538 3193 576 3292; x_wconf 79' lang='lat' dir='ltr'><strong>tt,</strong></span> <span class='ocrx_word' id='word_1_157' title='bbox 602 3199 694 3275; x_wconf 88' lang='lat' dir='ltr'><strong>idest</strong></span> <span class='ocrx_word' id='word_1_158' title='bbox 725 3200 884 3275; x_wconf 86' lang='lat' dir='ltr'><strong>firmavit</strong></span> <span class='ocrx_word' id='word_1_159' title='bbox 917 3221 1024 3276; x_wconf 88' lang='lat' dir='ltr'><strong>snam</strong></span> <span class='ocrx_word' id='word_1_160' title='bbox 1057 3200 1288 3278; x_wconf 83' lang='lat' dir='ltr'><strong>residentiam</strong></span> <span class='ocrx_word' id='word_1_161' title='bbox 1318 3200 1379 3293; x_wconf 90' lang='lat' dir='ltr'><strong>ibi,</strong></span> <span class='ocrx_word' id='word_1_162' title='bbox 1412 3202 1553 3274; x_wconf 82' lang='lat' dir='ltr'><strong>eo’suoi</strong></span> 
     </span>
     <span class='ocr_line' id='line_1_21' title="bbox 381 3321 1553 3416; baseline 0.001 -21"><span class='ocrx_word' id='word_1_163' title='bbox 381 3324 477 3395; x_wconf 81' lang='lat' dir='ltr'><strong>serui</strong></span> <span class='ocrx_word' id='word_1_164' title='bbox 499 3341 524 3394; x_wconf 87' lang='lat' dir='ltr'><strong>a</strong></span> <span class='ocrx_word' id='word_1_165' title='bbox 545 3325 610 3416; x_wconf 77' lang='lat' dir='ltr'><strong>sor</strong></span> <span class='ocrx_word' id='word_1_166' title='bbox 632 3341 693 3395; x_wconf 76' lang='lat' dir='ltr'><strong>ute</strong></span> <span class='ocrx_word' id='word_1_167' title='bbox 722 3325 806 3414; x_wconf 81' lang='lat' dir='ltr'><strong>orti,</strong></span> <span class='ocrx_word' id='word_1_168' title='bbox 831 3321 967 3396; x_wconf 85' lang='lat' dir='ltr'><strong>scilieet</strong></span> <span class='ocrx_word' id='word_1_169' title='bbox 999 3322 1194 3416; x_wconf 80' lang='lat' dir='ltr'><strong>divinandi,</strong></span> <span class='ocrx_word' id='word_1_170' title='bbox 1221 3341 1290 3414; x_wconf 85' lang='lat' dir='ltr'><strong>per</strong></span> <span class='ocrx_word' id='word_1_171' title='bbox 1319 3323 1440 3414; x_wconf 46' lang='grc' dir='ltr'><strong>[αμφὶ</strong></span> <span class='ocrx_word' id='word_1_172' title='bbox 1468 3322 1553 3412; x_wconf 75' lang='lat' dir='ltr'><strong>opst</strong></span> 
     </span>
     <span class='ocr_line' id='line_1_22' title="bbox 380 3439 1551 3532; baseline -0.002 -18"><span class='ocrx_word' id='word_1_173' title='bbox 380 3444 567 3514; x_wconf 76' lang='lat' dir='ltr'><strong>oomorzto</strong></span> <span class='ocrx_word' id='word_1_174' title='bbox 582 3459 726 3532; x_wconf 70' lang='lat' dir='ltr'><strong>mono,</strong></span> <span class='ocrx_word' id='word_1_175' title='bbox 744 3441 835 3516; x_wconf 83' lang='lat' dir='ltr'><strong>idest</strong></span> <span class='ocrx_word' id='word_1_176' title='bbox 851 3459 1001 3516; x_wconf 91' lang='lat' dir='ltr'><strong>omnem</strong></span> <span class='ocrx_word' id='word_1_177' title='bbox 1019 3441 1230 3518; x_wconf 86' lang='lat' dir='ltr'><strong>sooielatom</strong></span> <span class='ocrx_word' id='word_1_178' title='bbox 1249 3440 1440 3518; x_wconf 89' lang='lat' dir='ltr'><strong>bominum</strong></span> <span class='ocrx_word' id='word_1_179' title='bbox 1458 3439 1551 3516; x_wconf 87' lang='lat' dir='ltr'><strong>siout</strong></span> 
     </span>
     <span class='ocr_line' id='line_1_23' title="bbox 379 3549 1552 3656; baseline -0.002 -22"><span class='ocrx_word' id='word_1_180' title='bbox 379 3559 534 3656; x_wconf 86' lang='lat' dir='ltr'><strong>exigunt</strong></span> <span class='ocrx_word' id='word_1_181' title='bbox 556 3559 649 3636; x_wconf 78' lang='lat' dir='ltr'><strong>tales</strong></span> <span class='ocrx_word' id='word_1_182' title='bbox 672 3563 827 3652; x_wconf 85' lang='lat' dir='ltr'><strong>artes,e</strong></span> <span class='ocrx_word' id='word_1_183' title='bbox 858 3561 960 3650; x_wconf 74' lang='lat' dir='ltr'><strong>obse,</strong></span> <span class='ocrx_word' id='word_1_184' title='bbox 984 3559 1120 3635; x_wconf 82' lang='lat' dir='ltr'><strong>seilicet</strong></span> <span class='ocrx_word' id='word_1_185' title='bbox 1151 3559 1212 3653; x_wconf 91' lang='lat' dir='ltr'><strong>ibi,</strong></span> <span class='ocrx_word' id='word_1_186' title='bbox 1237 3581 1256 3634; x_wconf 80' lang='lat' dir='ltr'><strong>e</strong></span> <span class='ocrx_word' id='word_1_187' title='bbox 1286 3561 1322 3634; x_wconf 82' lang='lat' dir='ltr'><strong>vi</strong></span> <span class='ocrx_word' id='word_1_188' title='bbox 1350 3549 1458 3634; x_wconf 82' lang='lat' dir='ltr'><strong>losotd</strong></span> <span class='ocrx_word' id='word_1_189' title='bbox 1487 3577 1552 3632; x_wconf 78' lang='lat' dir='ltr'><strong>uto</strong></span> 
     </span>
     <span class='ocr_line' id='line_1_24' title="bbox 379 3676 1552 3772; baseline -0.001 -19"><span class='ocrx_word' id='word_1_190' title='bbox 379 3699 488 3772; x_wconf 78' lang='lat' dir='ltr'><strong>ootpo</strong></span> <span class='ocrx_word' id='word_1_191' title='bbox 512 3699 618 3770; x_wconf 69' lang='lat' dir='ltr'><strong>waso,</strong></span> <span class='ocrx_word' id='word_1_192' title='bbox 644 3678 748 3772; x_wconf 80' lang='lat' dir='ltr'><strong>quasi</strong></span> <span class='ocrx_word' id='word_1_193' title='bbox 773 3676 879 3772; x_wconf 84' lang='lat' dir='ltr'><strong>dieat,</strong></span> <span class='ocrx_word' id='word_1_194' title='bbox 905 3677 954 3752; x_wconf 90' lang='lat' dir='ltr'><strong>ibi</strong></span> <span class='ocrx_word' id='word_1_195' title='bbox 978 3678 1070 3753; x_wconf 78' lang='lat' dir='ltr'><strong>vixit</strong></span> <span class='ocrx_word' id='word_1_196' title='bbox 1094 3685 1131 3754; x_wconf 89' lang='lat' dir='ltr'><strong>et</strong></span> <span class='ocrx_word' id='word_1_197' title='bbox 1156 3678 1204 3754; x_wconf 88' lang='lat' dir='ltr'><strong>ihi</strong></span> <span class='ocrx_word' id='word_1_198' title='bbox 1224 3683 1457 3754; x_wconf 80' lang='lat' dir='ltr'><strong>mortuaest</strong></span> <span class='ocrx_word' id='word_1_199' title='bbox 1480 3677 1552 3772; x_wconf 78' lang='lat' dir='ltr'><strong>Ap-</strong></span> 
     </span>
     <span class='ocr_line' id='line_1_25' title="bbox 380 3797 1547 3895; baseline 0 -21"><span class='ocrx_word' id='word_1_200' title='bbox 380 3799 489 3895; x_wconf 84' lang='lat' dir='ltr'><strong>pellat</strong></span> <span class='ocrx_word' id='word_1_201' title='bbox 511 3805 637 3874; x_wconf 86' lang='lat' dir='ltr'><strong>autem</strong></span> <span class='ocrx_word' id='word_1_202' title='bbox 664 3818 799 3893; x_wconf 88' lang='lat' dir='ltr'><strong>eorpus</strong></span> <span class='ocrx_word' id='word_1_203' title='bbox 824 3819 975 3892; x_wconf 85' lang='lat' dir='ltr'><strong>vanum,</strong></span> <span class='ocrx_word' id='word_1_204' title='bbox 1000 3799 1088 3892; x_wconf 76' lang='lat' dir='ltr'><strong>(prin</strong></span> <span class='ocrx_word' id='word_1_205' title='bbox 1112 3819 1274 3874; x_wconf 84' lang='lat' dir='ltr'><strong>vacuum</strong></span> <span class='ocrx_word' id='word_1_206' title='bbox 1300 3805 1338 3874; x_wconf 89' lang='lat' dir='ltr'><strong>et</strong></span> <span class='ocrx_word' id='word_1_207' title='bbox 1362 3797 1547 3894; x_wconf 85' lang='lat' dir='ltr'><strong>privatum</strong></span> 
     </span>
     <span class='ocr_line' id='line_1_26' title="bbox 379 3909 1548 4014; baseline -0.002 -20"><span class='ocrx_word' id='word_1_208' title='bbox 379 3920 513 4013; x_wconf 85' lang='lat' dir='ltr'><strong>anima,</strong></span> <span class='ocrx_word' id='word_1_209' title='bbox 531 3919 580 3993; x_wconf 88' lang='lat' dir='ltr'><strong>ita</strong></span> <span class='ocrx_word' id='word_1_210' title='bbox 602 3917 700 4014; x_wconf 90' lang='lat' dir='ltr'><strong>quod</strong></span> <span class='ocrx_word' id='word_1_211' title='bbox 717 3935 857 4014; x_wconf 84' lang='lat' dir='ltr'><strong>organa</strong></span> <span class='ocrx_word' id='word_1_212' title='bbox 874 3919 1078 4012; x_wconf 83' lang='lat' dir='ltr'><strong>eorporalin</strong></span> <span class='ocrx_word' id='word_1_213' title='bbox 1093 3909 1130 4009; x_wconf 81' lang='lat'><strong>(³)</strong></span> <span class='ocrx_word' id='word_1_214' title='bbox 1148 3918 1236 3992; x_wconf 93' lang='lat' dir='ltr'><strong>nihil</strong></span> <span class='ocrx_word' id='word_1_215' title='bbox 1250 3923 1473 4012; x_wconf 64' lang='lat' dir='ltr'><strong>operantum</strong></span> <span class='ocrx_word' id='word_1_216' title='bbox 1490 3917 1548 3992; x_wconf 86' lang='lat' dir='ltr'><strong>vel</strong></span> 
     </span>
     <span class='ocr_line' id='line_1_27' title="bbox 378 4036 1549 4132; baseline -0.004 -17"><span class='ocrx_word' id='word_1_217' title='bbox 378 4037 464 4116; x_wconf 82' lang='lat' dir='ltr'><strong>dioit</strong></span> <span class='ocrx_word' id='word_1_218' title='bbox 481 4057 576 4114; x_wconf 84' lang='lat' dir='ltr'><strong>oooo</strong></span> <span class='ocrx_word' id='word_1_219' title='bbox 594 4039 682 4132; x_wconf 83' lang='lat' dir='ltr'><strong>quin</strong></span> <span class='ocrx_word' id='word_1_220' title='bbox 699 4037 866 4113; x_wconf 83' lang='lat' dir='ltr'><strong>exercuit</strong></span> <span class='ocrx_word' id='word_1_221' title='bbox 884 4057 1031 4132; x_wconf 67' lang='lat' dir='ltr'><strong>semper</strong></span> <span class='ocrx_word' id='word_1_222' title='bbox 1046 4043 1146 4112; x_wconf 86' lang='lat' dir='ltr'><strong>artes</strong></span> <span class='ocrx_word' id='word_1_223' title='bbox 1163 4036 1335 4132; x_wconf 85' lang='lat' dir='ltr'><strong>maginus,</strong></span> <span class='ocrx_word' id='word_1_224' title='bbox 1356 4055 1440 4130; x_wconf 79' lang='lat' dir='ltr'><strong>que</strong></span> <span class='ocrx_word' id='word_1_225' title='bbox 1461 4055 1549 4112; x_wconf 88' lang='lat' dir='ltr'><strong>vere</strong></span> 
     </span>
     <span class='ocr_line' id='line_1_28' title="bbox 378 4147 1549 4252; baseline 0 -20"><span class='ocrx_word' id='word_1_226' title='bbox 378 4165 465 4232; x_wconf 84' lang='lat' dir='ltr'><strong>som</strong></span> <span class='ocrx_word' id='word_1_227' title='bbox 495 4177 602 4234; x_wconf 72' lang='lat' dir='ltr'><strong>vanu</strong></span> <span class='ocrx_word' id='word_1_228' title='bbox 621 4147 673 4252; x_wconf 73' lang='lat'><strong>(⁸),</strong></span> <span class='ocrx_word' id='word_1_229' title='bbox 707 4158 795 4252; x_wconf 81' lang='lat' dir='ltr'><strong>quin</strong></span> <span class='ocrx_word' id='word_1_230' title='bbox 823 4157 944 4252; x_wconf 86' lang='lat' dir='ltr'><strong>potius</strong></span> <span class='ocrx_word' id='word_1_231' title='bbox 979 4157 1118 4232; x_wconf 82' lang='lat' dir='ltr'><strong>laniunt</strong></span> <span class='ocrx_word' id='word_1_232' title='bbox 1148 4155 1326 4250; x_wconf 80' lang='lat' dir='ltr'><strong>quosdam</strong></span> <span class='ocrx_word' id='word_1_233' title='bbox 1365 4155 1549 4232; x_wconf 86' lang='lat' dir='ltr'><strong>illusiones</strong></span> 
     </span>
     <span class='ocr_line' id='line_1_29' title="bbox 379 4275 1550 4374; baseline 0 -24"><span class='ocrx_word' id='word_1_234' title='bbox 379 4297 492 4372; x_wconf 84' lang='lat' dir='ltr'><strong>quam</strong></span> <span class='ocrx_word' id='word_1_235' title='bbox 518 4297 578 4354; x_wconf 84' lang='lat' dir='ltr'><strong>res</strong></span> <span class='ocrx_word' id='word_1_236' title='bbox 603 4297 721 4374; x_wconf 75' lang='lat' dir='ltr'><strong>verns,</strong></span> <span class='ocrx_word' id='word_1_237' title='bbox 747 4285 790 4352; x_wconf 93' lang='lat' dir='ltr'><strong>ut</strong></span> <span class='ocrx_word' id='word_1_238' title='bbox 809 4277 887 4373; x_wconf 89' lang='lat' dir='ltr'><strong>ipse</strong></span> <span class='ocrx_word' id='word_1_239' title='bbox 903 4276 1075 4373; x_wconf 86' lang='lat' dir='ltr'><strong>Virgilius</strong></span> <span class='ocrx_word' id='word_1_240' title='bbox 1088 4275 1185 4352; x_wconf 82' lang='lat' dir='ltr'><strong>dicit.</strong></span> <span class='ocrx_word' id='word_1_241' title='bbox 1205 4277 1251 4352; x_wconf 86' lang='lat' dir='ltr'><strong>Et</strong></span> <span class='ocrx_word' id='word_1_242' title='bbox 1269 4275 1452 4354; x_wconf 84' lang='lat' dir='ltr'><strong>oouuludlt</strong></span> <span class='ocrx_word' id='word_1_243' title='bbox 1468 4275 1550 4350; x_wconf 83' lang='lat' dir='ltr'><strong>Vir·</strong></span> 
     </span>
     <span class='ocr_line' id='line_1_30' title="bbox 378 4395 1549 4494; baseline 0.002 -22"><span class='ocrx_word' id='word_1_244' title='bbox 378 4395 485 4494; x_wconf 86' lang='lat' dir='ltr'><strong>gilius</strong></span> <span class='ocrx_word' id='word_1_245' title='bbox 509 4397 735 4492; x_wconf 87' lang='lat' dir='ltr'><strong>propositum</strong></span> <span class='ocrx_word' id='word_1_246' title='bbox 759 4396 968 4492; x_wconf 77' lang='lat' dir='ltr'><strong>prinoipnle,</strong></span> <span class='ocrx_word' id='word_1_247' title='bbox 986 4402 1135 4492; x_wconf 88' lang='lat' dir='ltr'><strong>propter</strong></span> <span class='ocrx_word' id='word_1_248' title='bbox 1155 4395 1254 4491; x_wconf 87' lang='lat' dir='ltr'><strong>quod</strong></span> <span class='ocrx_word' id='word_1_249' title='bbox 1279 4402 1335 4472; x_wconf 84' lang='lat' dir='ltr'><strong>est</strong></span> <span class='ocrx_word' id='word_1_250' title='bbox 1359 4395 1456 4472; x_wconf 88' lang='lat' dir='ltr'><strong>laeta</strong></span> <span class='ocrx_word' id='word_1_251' title='bbox 1473 4402 1549 4474; x_wconf 79' lang='lat' dir='ltr'><strong>toto</strong></span> 
     </span>
     <span class='ocr_line' id='line_1_31' title="bbox 378 4515 1547 4614; baseline 0 -22"><span class='ocrx_word' id='word_1_252' title='bbox 378 4517 445 4592; x_wconf 82' lang='lat' dir='ltr'><strong>ista</strong></span> <span class='ocrx_word' id='word_1_253' title='bbox 458 4516 666 4614; x_wconf 73' lang='lat' dir='ltr'><strong>descriptio,</strong></span> <span class='ocrx_word' id='word_1_254' title='bbox 690 4516 826 4595; x_wconf 68' lang='lat' dir='ltr'><strong>mitem</strong></span> <span class='ocrx_word' id='word_1_255' title='bbox 849 4523 893 4590; x_wconf 90' lang='lat' dir='ltr'><strong>ut</strong></span> <span class='ocrx_word' id='word_1_256' title='bbox 911 4515 1078 4592; x_wconf 75' lang='lat' dir='ltr'><strong>oemndat</strong></span> <span class='ocrx_word' id='word_1_257' title='bbox 1096 4517 1347 4594; x_wconf 78' lang='lat' dir='ltr'><strong>fundationem</strong></span> <span class='ocrx_word' id='word_1_258' title='bbox 1372 4517 1547 4610; x_wconf 66' lang='lat' dir='ltr'><strong>Mantum,</strong></span> 
     </span>
     <span class='ocr_line' id='line_1_32' title="bbox 379 4634 1546 4732; baseline 0.001 -22"><span class='ocrx_word' id='word_1_259' title='bbox 379 4643 419 4710; x_wconf 88' lang='lat' dir='ltr'><strong>et</strong></span> <span class='ocrx_word' id='word_1_260' title='bbox 438 4636 538 4732; x_wconf 81' lang='lat' dir='ltr'><strong>dicit,</strong></span> <span class='ocrx_word' id='word_1_261' title='bbox 555 4636 654 4732; x_wconf 90' lang='lat' dir='ltr'><strong>quod</strong></span> <span class='ocrx_word' id='word_1_262' title='bbox 674 4635 841 4712; x_wconf 86' lang='lat' dir='ltr'><strong>homiues</strong></span> <span class='ocrx_word' id='word_1_263' title='bbox 865 4634 1055 4730; x_wconf 85' lang='lat' dir='ltr'><strong>dispersim</strong></span> <span class='ocrx_word' id='word_1_264' title='bbox 1080 4635 1283 4712; x_wconf 88' lang='lat' dir='ltr'><strong>habitantes</strong></span> <span class='ocrx_word' id='word_1_265' title='bbox 1308 4635 1345 4712; x_wconf 91' lang='lat' dir='ltr'><strong>iu</strong></span> <span class='ocrx_word' id='word_1_266' title='bbox 1371 4636 1546 4730; x_wconf 91' lang='lat' dir='ltr'><strong>partibus,</strong></span> 
     </span>
     <span class='ocr_line' id='line_1_33' title="bbox 378 4743 1545 4850; baseline 0 -22"><span class='ocrx_word' id='word_1_267' title='bbox 378 4756 553 4850; x_wconf 89' lang='lat' dir='ltr'><strong>paulatim</strong></span> <span class='ocrx_word' id='word_1_268' title='bbox 578 4756 839 4833; x_wconf 76' lang='lat' dir='ltr'><strong>convenientes</strong></span> <span class='ocrx_word' id='word_1_269' title='bbox 863 4754 911 4829; x_wconf 88' lang='lat' dir='ltr'><strong>ad</strong></span> <span class='ocrx_word' id='word_1_270' title='bbox 935 4743 1071 4850; x_wconf 83' lang='lat' dir='ltr'><strong>loc‘um,</strong></span> <span class='ocrx_word' id='word_1_271' title='bbox 1097 4755 1263 4841; x_wconf 83' lang='lat' dir='ltr'><strong>leserunt</strong></span> <span class='ocrx_word' id='word_1_272' title='bbox 1278 4755 1328 4832; x_wconf 92' lang='lat' dir='ltr'><strong>ibi</strong></span> <span class='ocrx_word' id='word_1_273' title='bbox 1348 4755 1545 4832; x_wconf 81' lang='lat' dir='ltr'><strong>civitatem.</strong></span> 
     </span>
    </p>
   </div>
   <div class='ocr_carea' id='block_1_4' title="bbox 437 4933 1426 5082">
    <p class='ocr_par' dir='ltr' id='par_1_4' title="bbox 437 4933 1426 5082">
     <span class='ocr_line' id='line_1_34' title="bbox 438 4933 1426 5010; baseline -0.01 -4"><span class='ocrx_word' id='word_1_274' title='bbox 438 4941 467 5006; x_wconf 74' lang='lat'><strong>(¹)</strong></span> <span class='ocrx_word' id='word_1_275' title='bbox 484 4947 538 5010; x_wconf 66' lang='grc' dir='ltr'><strong>ω,</strong></span> <span class='ocrx_word' id='word_1_276' title='bbox 555 4943 598 4996; x_wconf 70' lang='lat' dir='ltr'><strong>n·</strong></span> <span class='ocrx_word' id='word_1_277' title='bbox 612 4945 694 5008; x_wconf 66' lang='grc' dir='ltr'><strong>ψει</strong></span> <span class='ocrx_word' id='word_1_278' title='bbox 816 4933 848 5004; x_wconf 71' lang='lat' dir='ltr'><strong>tt</strong></span> <span class='ocrx_word' id='word_1_279' title='bbox 861 4945 917 5002; x_wconf 72' lang='lat' dir='ltr'><strong>us</strong></span> <span class='ocrx_word' id='word_1_280' title='bbox 932 4945 960 4992; x_wconf 71' lang='lat' dir='ltr'><strong>o</strong></span> <span class='ocrx_word' id='word_1_281' title='bbox 974 4942 1052 5006; x_wconf 71' lang='lat' dir='ltr'><strong>ond</strong></span> <span class='ocrx_word' id='word_1_282' title='bbox 1179 4944 1207 5004; x_wconf 84' lang='lat' dir='ltr'><strong>o</strong></span> <span class='ocrx_word' id='word_1_283' title='bbox 1219 4943 1248 4996; x_wconf 79' lang='lat' dir='ltr'><strong>s</strong></span> <span class='ocrx_word' id='word_1_284' title='bbox 1263 4943 1426 5006; x_wconf 62' lang='lat' dir='ltr'><strong>tumturn</strong></span> 
     </span>
     <span class='ocr_line' id='line_1_35' title="bbox 437 5019 1094 5082; baseline 0 -11"><span class='ocrx_word' id='word_1_285' title='bbox 437 5019 506 5082; x_wconf 64' lang='lat' dir='ltr'><strong>m</strong></span> <span class='ocrx_word' id='word_1_286' title='bbox 522 5031 602 5081; x_wconf 68' lang='lat' dir='ltr'><strong>rum,</strong></span> <span class='ocrx_word' id='word_1_287' title='bbox 618 5026 646 5071; x_wconf 80' lang='lat' dir='ltr'><strong>et</strong></span> <span class='ocrx_word' id='word_1_288' title='bbox 659 5019 799 5076; x_wconf 58' lang='grc' dir='ltr'><strong>ΜΗ</strong></span> <span class='ocrx_word' id='word_1_289' title='bbox 810 5019 937 5082; x_wconf 60' lang='lat' dir='ltr'><strong>quum</strong></span> <span class='ocrx_word' id='word_1_290' title='bbox 953 5019 1094 5072; x_wconf 63' lang='lat' dir='ltr'><strong>ulum</strong></span> 
     </span>
    </p>
   </div>
   <div class='ocr_carea' id='block_1_5' title="bbox 0 0 2268 6836">
    <p class='ocr_par' dir='ltr' id='par_1_5' title="bbox 0 0 2268 6836">
     <span class='ocr_line' id='line_1_36' title="bbox 0 0 2268 6836; baseline 0 2"><span class='ocrx_word' id='word_1_291' title='bbox 0 0 2268 6836; x_wconf 95' lang='lat' dir='ltr'><strong> </strong></span> 
     </span>
    </p>
   </div>
  </div>
 </body>
</html>
