4580 6844
673 981 676 988 ·
721 937 791 1004 360
1113 953 1316 1009 counnrunr
1340 956 1491 1010 turnum

722 1102 856 1189 muter,
882 1095 933 1169 ita
958 1097 1057 1190 quod
1084 1098 1206 1172 nullus
1231 1099 1448 1175 concubitus
1480 1104 1561 1175 erat
1591 1097 1799 1192 damnatus,
1826 1095 1895 1170 nisi

720 1216 756 1289 in
783 1221 903 1290 matre
928 1223 966 1290 et
990 1216 1062 1292 lilia
1075 1210 1127 1312 (¹),
1153 1225 1191 1294 et
1216 1220 1333 1295 multa
1359 1220 1500 1295 similia.
1532 1217 1729 1312 Episcopus
1755 1216 1895 1292 triden-

720 1335 818 1410 tinus
842 1335 1002 1410 sentiens
1026 1355 1194 1414 errorem
1222 1339 1404 1434 pullulare
1417 1330 1456 1431 (²)
1481 1339 1518 1413 in
1547 1336 1696 1412 dioeccsi
1721 1357 1801 1430 sua,
1827 1356 1894 1428 er-

719 1455 811 1550 pulit
835 1475 923 1530 eum
940 1455 1200 1552 dementibus,
1219 1458 1255 1532 in
1273 1460 1408 1553 quibus
1433 1459 1554 1534 adbuc
1570 1457 1810 1555 inveniuntur
1826 1454 1895 1530 ali·

719 1596 803 1669 quae
822 1574 985 1669 reliquiae
1002 1575 1124 1650 iratris
1152 1578 1296 1653 Dulcini
1308 1569 1358 1671 (³).
1378 1579 1553 1655 Dulcinus
1573 1584 1701 1652 autern
1727 1575 1894 1651 transivit

718 1714 785 1789 per
802 1701 946 1769 montes
963 1697 1167 1770 multarum
1184 1699 1373 1774 civitatum
1392 1698 1631 1792 bombardiae,
1652 1701 1845 1772 crescente
1858 1685 1895 1788 (²)

718 1814 756 1888 in
780 1812 856 1888 dies
882 1815 1115 1890 multitudine
1142 1837 1287 1914 magna,
1321 1818 1408 1912 quia
1439 1837 1586 1912 semper
1618 1817 1695 1891 ibat
1719 1836 1786 1910 per
1811 1816 1892 1890 loca

718 1939 798 2008 luta
812 1926 862 2028 (¹⁵),
889 1935 952 2008 ubi
977 1956 1051 2009 non
1076 1943 1197 2030 posset
1221 1937 1373 2013 faciliter
1390 1937 1480 2032 capi.
1499 1937 1602 2012 Unde
1619 1937 1703 2012 lecit
1727 1936 1890 2029 aliquam

717 2075 861 2129 moram
888 2055 925 2128 iu
951 2056 1136 2131 montibus
1161 2057 1305 2153 Brixiae,
1331 2058 1515 2154 Bergami,
1540 2057 1656 2151 Comi,
1681 2075 1727 2131 ac
1754 2055 1891 2131 Medio-

717 2176 801 2251 lani.
833 2176 876 2248 Et
906 2175 1052 2251 taudem
1084 2196 1132 2251 er
1161 2178 1333 2252 omnibus
1363 2178 1536 2273 depulsus
1556 2169 1606 2272 (θ),
1637 2196 1809 2252 reversus
1835 2182 1892 2250 est

716 2297 762 2371 ad
789 2303 910 2391 partes
936 2297 1065 2372 natalis
1090 2297 1168 2391 soli,
1195 2305 1231 2373 ct
1261 2299 1386 2374 sedern
1417 2317 1524 2373 suam
1556 2298 1676 2394 posuit
1700 2297 1739 2371 in
1763 2303 1890 2371 monte

716 2416 791 2491 alto
817 2416 912 2490 inter
937 2416 1133 2491 Novariam
1159 2422 1196 2490 ct
1220 2417 1422 2511 Vercellas3
1454 2418 1517 2492 ubi
1543 2417 1671 2492 babuit
1697 2417 1794 2492 ultra
1819 2415 1890 2490 tria

720 2535 831 2610 millia
865 2535 1056 2610 hominum
1091 2537 1251 2610 robustae
1280 2538 1495 2633 juventutis,
1528 2536 1623 2616 inter
1657 2557 1750 2630 quos
1783 2542 1889 2611 eraut

716 2654 830 2749 aliqui
855 2655 994 2729 nobiles
1018 2663 1056 2730 et
1085 2655 1224 2730 divites.
1251 2657 1326 2730 Nec
1358 2657 1508 2750 mirum,
1541 2662 1621 2729 tum
1654 2656 1740 2749 quie
1771 2661 1889 2730 sectu-

716 2775 852 2851 bantur
877 2775 1093 2870 voluptates,
1120 2794 1279 2868 quarum
1307 2782 1387 2850 crat
1412 2775 1461 2850 ibi
1486 2775 1631 2852 officina
1657 2775 1776 2871 plena,
1806 2781 1888 2848 tum

715 2895 802 2989 quia
828 2895 942 2970 irater
967 2895 1142 2970 Dulcinus
1162 2903 1242 2970 crat
1263 2895 1466 2993 intelligens
1491 2903 1530 2972 et
1554 2895 1886 2990 eloquentissimus,

713 3015 807 3089 adeo
832 3015 931 3108 quod
956 3015 1173 3091 suavissima
1200 3015 1369 3090 secundia
1399 3036 1467 3089 sua
1497 3015 1548 3088 ita
1578 3013 1712 3111 ligabat
1740 3013 1886 3088 auditu-

714 3154 785 3228 ros,
811 3134 910 3228 quod
935 3129 1057 3208 nullus
1086 3134 1264 3210 accedens
1289 3134 1336 3209 ad
1361 3155 1448 3210 eum
1485 3134 1611 3228 semel,
1637 3139 1780 3228 poterat
1812 3153 1885 3208 un-

712 3275 835 3362 quam
853 3255 1026 3330 recedere
1042 3246 1089 3347 (7).
1108 3255 1285 3330 Dulcinus
1300 3255 1413 3351 igitur
1429 3254 1587 3329 sentiens
1603 3253 1740 3330 bellurn
1761 3253 1885 3349 parari

712 3383 840 3450 contra
873 3395 924 3469 se,
957 3375 1113 3450 munivit
1143 3381 1321 3468 montem,
1347 3375 1410 3468 qui
1442 3395 1561 3468 usque
1595 3374 1632 3447 in
1664 3374 1882 3449 hodiernum

712 3495 809 3570 diem
835 3495 1093 3570 denominatur
1118 3495 1166 3568 ab
1191 3514 1236 3569 eo
1261 3495 1362 3568 lduns
1387 3495 1537 3588 Gezari;
1560 3500 1598 3568 et
1622 3494 1746 3568 uillam
1773 3513 1885 3568 voca-

712 3624 787 3689 tam
802 3614 1008 3688 Triverium
1021 3613 1066 3688 ad
1082 3612 1222 3688 radices
1240 3613 1374 3686 montis
1385 3614 1493 3709 juxta
1510 3614 1664 3688 tluvium
1683 3613 1883 3705 senseram,

712 3739 1056 3828 transportaverunt
1081 3733 1118 3805 in
1144 3738 1321 3827 montem,
1342 3739 1380 3807 et
1396 3733 1486 3807 alias
1511 3734 1615 3807 uillas
1640 3731 1884 3807 circumstan-

712 3861 778 3950 tes,
804 3860 841 3930 et
866 3853 989 3927 omnia
1015 3853 1186 3951 victualia
1215 3859 1252 3928 et
1283 3855 1500 3946 necessaria,
1526 3873 1610 3948 quae
1641 3851 1884 3928 tumultuarie

711 3981 880 4072 poterant
906 3994 1037 4069 rapere
1050 3964 1099 4066 (⁸).
1126 3974 1229 4048 Tunc
1253 3975 1411 4068 populus
1440 3973 1608 4048 Novariae
1634 3980 1672 4048 et
1698 3974 1883 4060 Vercella-

711 4116 796 4168 rum
822 4094 1017 4170 cinxerunt
1042 4100 1204 4168 montem
1231 4093 1418 4169 obsidione
1443 4113 1529 4167 curn
1548 4091 1725 4167 machinis
1746 4099 1783 4167 et
1803 4093 1882 4167 aliis

710 4215 961 4290 instrumentis
985 4214 1122 4288 bellicis
1147 4215 1239 4308 aptis
1263 4213 1310 4288 ad
1331 4214 1640 4310 oppugnationem
1661 4213 1817 4287 arcium.
1835 4213 1880 4286 lit

710 4335 816 4409 multi
841 4333 1083 4429 crucesignati
1109 4339 1292 4408 venerunt
1317 4353 1391 4408 non
1419 4334 1539 4407 solum
1565 4331 1611 4408 de
1637 4332 1744 4407 tcrris
1768 4333 1880 4406 Lom-

710 4453 857 4548 hardla,
884 4474 968 4547 quae
994 4452 1195 4527 vocabatur
1210 4443 1246 4544 (⁹)
1274 4452 1388 4528 Gallia
1413 4452 1595 4548 cisalpina,
1613 4452 1677 4527 scd
1696 4451 1806 4526 etiam
1832 4451 1879 4526 de

771 4685 799 4748 (¹)
816 4688 847 4738 E.
862 4686 924 4736 lllia.
940 4687 1047 4736 Dicebat
1062 4687 1140 4738 etlam
1156 4693 1183 4738 et
1199 4687 1248 4738 alla
1265 4686 1378 4738 multum
1395 4687 1434 4738 blo
1449 4687 1550 4739 almllia.
1568 4687 1717 4750 Episcopus.

773 4763 800 4826 ρ)
816 4765 847 4814 Ε.
863 4765 934 4815 bunc
950 4763 1089 4827 pullulare.

772 4840 799 4902 ι’)
816 4841 846 4890 lt.
863 4841 939 4892 lanius
955 4839 1044 4892 fratria
1060 4840 1177 4900 baldat:
1193 4841 1239 4905 qui
1255 4841 1315 4891 inde
1331 4840 1455 4892 recedam
1471 4841 1595 4892 transivit.

771 4917 798 4977 (¹)
814 4916 845 4968 lt.
862 4921 995 4968 crescente
1010 4917 1082 4968 omnl
1097 4915 1139 4966 dle
1154 4915 1329 4967 multitudine.

772 4993 799 5052 t'l
814 4994 845 5045 ll.
862 4999 918 5046 tnta
933 4994 959 5044 ln
975 4993 1068 5058 quibus
1083 5007 1144 5044 non.
1277 4992 1305 5054 θ)
1321 4993 1352 5043 R
1368 4994 1499 5058 expulsus.
1624 4993 1651 5057 (¹)
1666 4993 1693 5044 S.
1704 4993 1809 5044 reverti.

771 5069 799 5133 (⁸)
817 5071 847 5122 Ε.
864 5072 988 5137 reperire.
1278 5071 1305 5132 Ρ)
1323 5075 1368 5122 tlt
1384 5084 1400 5122 c
1416 5072 1447 5122 E.
1463 5071 1527 5121 olim
1544 5072 1693 5123 vocabatur.
