4580 6844
737 973 877 1032 carrus
901 975 1092 1032 morsurus
1117 975 1300 1030 sarrrnns.
1534 963 1602 1032 311

435 1115 632 1211 Montagna
658 1115 788 1192 nobilis
813 1119 918 1194 miles
942 1117 990 1193 de
1013 1117 1202 1193 Parcitatis
1227 1117 1274 1192 de
1297 1116 1474 1211 Arimino,
1503 1118 1606 1213 prin·

435 1253 520 1328 ceps
545 1234 658 1328 partis
687 1235 913 1332 ghibellinae3
945 1257 1059 1331 quem
1090 1243 1239 1332 captum
1269 1256 1356 1310 cum
1383 1237 1605 1330 quibusdam

434 1351 512 1426 alis
545 1353 731 1429 Malatesta
764 1354 908 1430 tradidit
939 1355 1219 1431 custodiendum
1257 1355 1481 1430 Malatestino
1518 1355 1604 1432 tilio.

434 1472 564 1547 Postea
583 1472 708 1567 petivit
724 1473 772 1547 ab
797 1493 853 1567 eo,
871 1473 959 1568 quid
978 1473 1115 1550 iactum
1132 1478 1229 1550 esset
1246 1474 1294 1549 de
1313 1475 1517 1571 Montagna.
1537 1474 1605 1550 Cui

435 1590 504 1666 iste
516 1584 554 1682 (¹)
580 1592 782 1688 respondit:
800 1593 966 1688 Domine,
984 1599 1040 1668 est
1059 1594 1128 1668 sub
1146 1592 1217 1668 fida
1238 1591 1420 1686 custodia5
1439 1592 1489 1668 ita
1505 1592 1605 1685 quod

435 1710 466 1784 si
500 1711 610 1786 vellet
641 1732 682 1788 se
710 1712 904 1808 suffocare,
940 1733 1013 1788 non
1047 1719 1185 1807 posset,
1218 1712 1388 1805 quamvis
1423 1712 1469 1786 sit
1495 1712 1605 1807 juxta

435 1849 550 1904 mare.
577 1831 621 1904 Et
644 1831 735 1905 dum
759 1832 895 1907 iterum
921 1831 1118 1908 etiterum
1144 1837 1297 1926 peteret,
1327 1838 1365 1906 et
1399 1813 1604 1925 replicaret,

435 1948 548 2040 dixit:
582 1950 691 2025 Certe
723 1950 861 2045 dubito,
895 1951 995 2043 quod
1028 1950 1169 2025 nescies
1202 1949 1322 2043 ipsum
1336 1941 1375 2042 (²)
1408 1949 1603 2026 custodire.

436 2069 694 2164 Malatestinus,
731 2077 858 2145 notato
895 2070 1028 2163 verbo,
1065 2069 1151 2144 tecit
1192 2069 1424 2165 Montagnam
1451 2069 1605 2144 mactari

437 2207 524 2262 cum
563 2189 782 2282 quibusdam
816 2189 905 2264 aliis.
949 2189 1034 2264 ideo
1068 2189 1165 2264 bene
1198 2195 1306 2264 vocat
1338 2188 1605 2264 Malatestinum

436 2307 629 2399 Mastinurn
656 2328 795 2383 novum
826 2308 874 2383 ab
904 2308 972 2383 isto
996 2327 1136 2404 genere
1161 2307 1354 2401 violentiae,
1384 2315 1421 2383 et
1454 2309 1502 2383 ab
1533 2309 1605 2383 alia

435 2425 572 2521 peiore,
597 2426 644 2502 de
668 2448 743 2522 qua
767 2426 852 2504 dicit
881 2427 918 2501 in
943 2427 1110 2521 sequenti
1127 2426 1298 2522 capitulo,
1323 2426 1387 2500 ubi
1412 2427 1523 2502 etiam
1550 2427 1605 2502 ia·

436 2544 485 2618 cit
510 2544 735 2640 mentionem
760 2545 807 2620 de
831 2545 1005 2621 Arimino.
1032 2545 1117 2620 ideo
1135 2544 1241 2620 dicit:
1258 2549 1325 2638 sao
1341 2546 1394 2618 det
1407 2547 1501 2620 dent
1523 2567 1602 2620 srec-

436 2667 525 2756 oto'o,
562 2664 666 2757 idest,
697 2672 847 2762 sugunt,
879 2672 1087 2762 emungunt
1100 2655 1137 2757 (³)
1176 2665 1367 2741 facultates
1396 2664 1601 2758 hominum,

436 2773 473 2856 tri
498 2786 587 2858 dove
606 2787 755 2878 norton,
770 2785 871 2880 idest,
893 2785 930 2858 in
955 2785 1101 2862 civitate
1124 2784 1290 2879 Arimini,
1317 2785 1380 2858 ubi
1405 2786 1523 2860 soient
1539 2807 1605 2860 su·

435 2921 536 2998 gere.
552 2907 665 2976 -La
681 2896 771 2978 αἀὰ.
788 2905 854 2980 Hie
878 2912 988 2979 autor
1012 2903 1183 2978 describit
1206 2903 1299 2978 duas
1323 2903 1413 2978 alias
1438 2892 1615 2979 civitatesl

435 3023 695 3116 Romandiolae,
728 3023 863 3098 scilicet
895 3023 1109 3099 Faventiam
1141 3030 1178 3096 et
1210 3021 1363 3096 imolam
1393 3043 1424 3096 a.
1448 3022 1605 3097 Domino

435 3161 514 3216 suo.
535 3143 581 3216 Et
605 3143 685 3217 vult
697 3130 736 3235 (⁸)
761 3143 1023 3218 sententialiter
1052 3141 1187 3234 dicere,
1217 3140 1316 3234 quod
1345 3141 1605 3236 btagbinardus

435 3261 607 3357 Paganus
637 3262 731 3358 regit
759 3261 970 3337 Faventem
987 3251 1044 3354 (⁵);
1078 3259 1142 3335 sed
1162 3259 1220 3344 ,ad
1251 3258 1469 3334 evidentiam
1502 3259 1606 3334 istius

436 3380 552 3454 literae
577 3387 722 3475 oportet
747 3380 909 3456 breviter
930 3379 1102 3477 praescire
1119 3379 1219 3472 quod
1235 3377 1493 3474 Magbinardns
1510 3400 1607 3476 prta-

434 3498 553 3574 dictus
577 3499 644 3574 fuit
677 3499 805 3576 nobilis
838 3500 1057 3575 castellanus
1082 3498 1119 3572 in
1145 3498 1332 3573 montibus
1361 3519 1474 3594 supra
1508 3500 1606 3575 tmo-

435 3619 527 3714 tam3
553 3619 617 3714 qui
641 3641 710 3694 sua
735 3619 916 3714 probitate
940 3626 978 3694 et
1001 3619 1170 3694 felicitate
1194 3638 1240 3693 ex
1266 3639 1383 3715 parvo
1408 3621 1605 3696 castellano

285 3729 290 3740 ’
433 3740 552 3832 taetus
578 3744 632 3814 ost
658 3759 816 3836 magnus
832 3737 1003 3812 dominus
1021 3738 1057 3810 in
1074 3737 1326 3832 Romandiola‚
1345 3739 1513 3833 itaquod
1538 3739 1606 3814 ba·

433 3857 514 3931 buit
537 3864 613 3932 tres
637 3858 811 3950 civitates,
828 3857 964 3932 scilieet
980 3856 1195 3950 Forlivium,
1212 3857 1423 3932 Faventiam
1450 3865 1488 3934 et
1507 3859 1606 3933 irno-

433 3976 507 4050 tam
521 3964 572 4068 (ὓ),
597 3973 661 4050 sed
686 3995 761 4049 non
784 3994 915 4049 omnes
939 3975 1061 4049 simul.
1083 3975 1185 4050 Unde
1208 3981 1264 4049 est
1284 3973 1485 4070 sciendum,
1505 3976 1606 4070 quod

434 4095 472 4170 in
491 4094 644 4170 MCCXC
658 4092 863 4190 Stephanus
880 4094 926 4169 de
942 4093 1126 4168 Dinazano
1138 4082 1174 4186 ζ’)
1189 4113 1380 4189 romanus,
1393 4113 1518 4169 comes
1531 4095 1606 4169 Ro-

435 4212 627 4290 mnndiolae
651 4232 719 4307 pro
744 4231 849 4308 papa,
873 4212 942 4286 tuit
966 4218 1094 4308 captus
1119 4212 1157 4286 in
1181 4211 1329 4288 civitate
1354 4213 1539 4288 Ravennoe
1557 4213 1605 4288 ab

434 4333 502 4410 ittis
525 4334 572 4409 de
596 4333 747 4408 Potenta
771 4332 996 4408 diedecima
1020 4331 1182 4408 secunda
1206 4331 1436 4426 novembris3
1453 4338 1605 4430 propter

434 4455 534 4549 quod
558 4453 814 4551 Magbinardus
839 4454 1008 4551 Paganus
1025 4453 1120 4548 oepit
1136 4452 1321 4530 civitatem
1345 4451 1541 4548 Faventia,
1567 4459 1607 4526 et

495 4693 524 4754 (¹)
541 4695 595 4752 111,
611 4693 665 4743 tlte.
789 4691 817 4755 (¹)
832 4691 858 4743 S.
874 4704 945 4742 enm.

496 4765 522 4829 ι’)
539 4770 593 4826 tto.
608 4773 636 4818 et
651 4773 826 4833 mungunt—
835 4767 866 4818 B.
882 4772 910 4817 et
925 4770 1048 4831 mergunt
1062 4765 1207 4818 facultates.

494 4843 522 4904 ρ)
538 4843 569 4892 Β.
586 4843 620 4894 lit
635 4844 693 4895 rntt
707 4845 818 4895 finaliter
834 4844 922 4894 dinero
937 4844 1008 4908 qnod
1023 4842 1208 4908 btngbtnardnr
1224 4841 1342 4906 emur
1357 4841 1409 4893 tuit
1423 4839 1525 4894 nobilis.

493 4919 521 4980 Γ)
538 4921 592 4978 tto.
609 4919 758 4970 Faventiam
766 4923 793 4970 et
803 4919 923 4980 lmotnm,
935 4919 978 4970 ned
994 4919 1026 4968 ad
1042 4917 1206 4968 evidentiam.
1216 4915 1282 4967 -S.
1292 4917 1443 4969 faventiam
1455 4916 1603 4968 etimolnm

432 4995 622 5059 improbitate
637 4999 664 5045 ot
679 4993 811 5046 felicitato.
826 4993 876 5046 Sed
891 4993 924 5044 ad
939 4995 1102 5046 evidenttsm.

496 5070 524 5135 ι’)
542 5075 596 5132 tto,
611 5070 731 5132 tmolum,
748 5071 809 5122 tinet
824 5083 878 5122 non
894 5083 984 5120 omnes
999 5069 1085 5120 simut.
1211 5067 1238 5132 Γ)
1254 5067 1285 5119 Ε.
1301 5067 1472 5120 thamno.
