4526 6836
728 953 775 1019 26
1120 961 1324 1020 COMENTUH
1349 959 1500 1017 multi

730 1117 829 1186 totus
853 1107 1058 1188 sordidatus
1073 1099 1110 1202 (⁴)
1134 1129 1156 1184 a
1182 1107 1300 1205 capite
1324 1129 1444 1204 usque
1468 1109 1515 1183 ad
1535 1105 1655 1205 pedes.
1677 1109 1767 1186 Dicit
1788 1129 1897 1208 ergot

728 1231 843 1304 emili
866 1251 915 1303 un
939 1233 996 1303 eol
1012 1251 1106 1324 rapo
1130 1221 1160 1304 si
1182 1231 1287 1304 'lordo
1312 1231 1350 1304 ot
1373 1231 1510 1321 merda,
1537 1236 1683 1325 turpem
1717 1231 1897 1327 capellum

728 1349 909 1445 habebat;
935 1353 994 1424 ele
1017 1371 1089 1424 oon
1109 1369 1225 1443 pareo
1250 1353 1279 1424 r'
1292 1369 1356 1424 eru
1381 1351 1471 1424 luteo
1502 1351 1683 1443 oetaeo,
1709 1349 1800 1426 idest
1825 1371 1898 1426 non

728 1469 1004 1548 discernebatur
1013 1461 1063 1566 (³),
1077 1477 1206 1545 utrum
1224 1476 1319 1546 esset
1336 1469 1516 1564 sacerdos
1533 1469 1591 1544 vel
1609 1469 1794 1564 secularis,
1812 1469 1899 1564 quia
1960 1557 1964 1566 ,

728 1590 861 1666 scilicet
875 1581 912 1683 (³)
940 1611 1013 1666 non
1037 1597 1182 1687 poterat
1205 1588 1320 1666 videri
1346 1589 1376 1664 si
1401 1587 1558 1664 habebat
1584 1589 1730 1685 capillos
1748 1590 1807 1664 vel
1824 1590 1899 1665 cle-

729 1709 854 1788 ricam.
882 1711 953 1786 Per
968 1700 1004 1804 (⁵)
1032 1713 1101 1787 hoo
1118 1718 1220 1788 notat
1237 1711 1336 1806 quod
1352 1711 1420 1786 iste
1436 1701 1574 1785 iecerat
1591 1709 1657 1784 sibi
1677 1709 1842 1784 habitum
1861 1709 1899 1784 in

728 1828 947 1926 adulatione,
974 1831 1061 1906 nihil
1077 1823 1113 1924 (³)
1133 1831 1271 1906 sciebat
1294 1830 1417 1907 dicere
1441 1831 1502 1905 vel
1525 1830 1649 1904 lacere
1674 1829 1751 1904 sine
1777 1829 1898 1904 modio

727 1950 959 2046 adulationls3
978 1949 1058 2027 ideo
1071 1951 1122 2027 ita
1134 1950 1233 2028 visus
1251 1957 1305 2027 est
1322 1951 1443 2026 lacere
1459 1950 1540 2026 viro
1557 1949 1726 2046 sapienti:
1744 1955 1781 2024 et
1797 1951 1897 2024 hunc

728 2071 811 2166 vidi,
828 2079 960 2145 mentre
983 2073 1019 2145 io
1043 2093 1143 2146 cereo
1168 2063 1204 2145 tt
1228 2067 1288 2164 ptri
1304 2093 1371 2145 eon
1387 2073 1553 2163 rocem,
1571 2071 1662 2146 idest
1679 2065 1776 2144 dum'
1789 2089 1895 2143 scru-

728 2199 828 2268 tarer
851 2193 898 2268 de
923 2213 998 2268 ono
1023 2193 1146 2288 aliquo
1170 2193 1251 2268 viro
1277 2191 1424 2268 notabili
1440 2183 1476 2286 (⁶)
1496 2192 1533 2265 in
1557 2192 1625 2266 ista
1651 2190 1790 2266 sentina
1816 2209 1897 2264 sor·-

726 2313 809 2388 dida
834 2334 920 2388 eum
946 2314 1055 2389 oculo
1080 2313 1246 2408 mentali3
1267 2320 1305 2388 et
1329 2313 1413 2388 licet
1440 2311 1535 2386 istud
1560 2309 1776 2386 scrutinium
1794 2309 1896 2384 vide-

727 2439 832 2508 retur
854 2455 1055 2529 provocare
1072 2455 1248 2510 nauseam
1266 2433 1413 2528 videnti,
1431 2440 1555 2508 tamen
1572 2433 1706 2506 unimae
1722 2427 1896 2504 humanae

682 2607 686 2614 -
727 2553 813 2629 nihil
851 2561 957 2630 nocet
995 2553 1120 2630 videre
1153 2561 1324 2630 stercora.
1357 2554 1402 2627 llt
1436 2552 1536 2649 ponit
1569 2551 1894 2648 interrogationem

727 2675 822 2749 illius
853 2674 999 2770 spiritus
1030 2675 1077 2750 ad
1105 2696 1145 2750 se
1176 2676 1240 2770 qui
1275 2675 1432 2752 miratur
1461 2681 1499 2748 et
1528 2672 1779 2767 conqueritur,
1809 2672 1896 2767 quia
1955 2759 1957 2762 ¹

644 2803 652 2818 ’
726 2799 836 2870 autor
860 2795 941 2889 plus
966 2795 1163 2890 respiceret
1187 2795 1307 2890 ipsum
1334 2815 1446 2890 quam
1469 2801 1638 2888 caeteros3
1665 2793 1765 2868 unde
1788 2791 1895 2866 dicit:

726 2920 816 3010 quet,
842 2915 977 2992 scilieet
1000 2915 1159 3011 alerius,
1185 2938 1240 2991 me
1263 2907 1398 3009 spraud,
1415 2936 1502 2990 curn
1519 2935 1586 2990 ore
1607 2936 1676 2989 suo
1693 2913 1818 2988 loetido
1835 2931 1896 2986 re-

726 3036 823 3134 pleto
855 3044 1019 3113 stercore
1053 3037 1280 3132 adulationis
1309 3043 1348 3112 et
1376 3042 1510 3138 tamen
1533 3035 1591 3111 hic
1625 3055 1697 3110 non
1731 3032 1896 3128 loquitur

726 3158 929 3252 adulanter,
946 3157 1022 3232 imo
1041 3155 1281 3254 indignanter,
1296 3153 1424 3251 percite*
1444 3159 1503 3230 sie'
1516 3163 1551 3229 tu
1574 3148 1783 3247 el'opordo,
1804 3153 1895 3227 idest

727 3277 968 3373 intemperate
999 3275 1145 3372 avidus,
1177 3279 1215 3350 dt
1244 3277 1442 3368 ripuordm
1467 3271 1529 3370 prtl
1559 3297 1612 3349 me
1643 3277 1703 3349 ele
1734 3275 1784 3365 pt·
1811 3271 1896 3346 oltra·

726 3399 855 3472 dodi?
880 3397 972 3473 idest
995 3397 1085 3472 alios
1110 3397 1317 3471 adulatores
1342 3395 1548 3491 inquinatos
1568 3395 1637 3490 hic,
1659 3394 1763 3490 quasi
1780 3393 1894 3468 dicat:

726 3517 785 3592 hic
810 3522 865 3592 est
889 3537 1025 3614 magna
1050 3515 1245 3592 multitudo
1265 3515 1498 3592 adulatorum
1519 3522 1556 3592 et
1568 3516 1831 3614 joculatorum,
1850 3513 1898 3587 de
2005 3543 2008 3550 ¹

727 3637 861 3732 quibus
885 3641 989 3731 poles
1013 3637 1185 3732 scribere,
1212 3657 1285 3712 non
1299 3625 1337 3730 (⁷)
1369 3637 1522 3712 deberes
1552 3656 1690 3733 ponere
1724 3655 1796 3730 me,
1827 3653 1897 3710 nec

728 3757 868 3834 reterre
902 3777 997 3832 nova
1031 3757 1078 3832 de
1110 3777 1172 3832 me
1201 3757 1248 3832 ad
1278 3757 1457 3832 mundum
1489 3756 1701 3832 viventium.
1729 3757 1773 3830 Et
1797 3755 1897 3853 ponit

729 3877 1000 3974 responsionem
1019 3877 1139 3953 suiad
1164 3877 1265 3953 illum
1283 3879 1471 3976 assignans
1488 3879 1667 3954 rationem
1690 3866 1818 3973 quare,
1843 3875 1898 3951 di-

727 4017 837 4073 cens:
864 4003 897 4070 et
917 4000 953 4071 io
978 4019 1002 4070 a
1026 4001 1086 4090 lei,
1108 4000 1235 4095 supple
1252 3998 1431 4096 respondi,
1447 3996 1577 4092 perole'
1595 3989 1656 4091 pst
1673 4001 1753 4072 tto
1774 4000 1897 4072 oedoto

728 4121 784 4192 coi
806 4121 923 4212 capelli
947 4121 1092 4211 nemeti,
1115 4119 1219 4214 quasi
1244 4119 1359 4194 dicat:
1376 4119 1449 4194 vidi
1470 4125 1507 4194 te
1527 4119 1652 4194 vivum
1671 4117 1757 4193 satis
1782 4119 1897 4192 hono-

728 4245 850 4315 ratum
877 4245 914 4315 et
938 4249 1110 4316 ornatum
1132 4239 1296 4335 militem,
1314 4240 1483 4335 quamvis
1499 4240 1609 4314 modo
1626 4239 1674 4313 sis
1695 4239 1744 4313 ita
1765 4238 1897 4313 'detur-

731 4367 837 4456 patus
862 4361 931 4435 isto
948 4361 1046 4456 turpi
1063 4361 1225 4455 liquore,
1250 4361 1354 4454 qnasi
1370 4359 1466 4435 dicat
1482 4367 1607 4436 autor:
1625 4359 1760 4435 ideirco
1777 4357 1896 4456 potius

730 4486 767 4555 te
792 4479 956 4577 respicio,
982 4479 1069 4574 quia
1094 4479 1226 4554 melius
1250 4500 1398 4576 possum
1420 4480 1588 4578 judicare
1601 4471 1638 4575 (⁸)
1663 4479 1710 4556 de
1735 4487 1782 4576 te,
1810 4479 1897 4574 quia

730 4599 861 4676 audivi·
877 4605 915 4675 te
939 4599 1151 4694 loquentem
1177 4599 1398 4677 interrivos
1427 4601 1477 4676 ita
1505 4601 1698 4694 fastidiose,
1723 4601 1773 4676 ita
1798 4599 1896 4696 quod

788 4799 816 4862 (¹)
832 4800 864 4852 ll.
880 4799 999 4852 imatus.
1395 4802 1423 4866 (¹)
1439 4801 1464 4854 S.
1481 4803 1686 4868 dignonoebulur.

788 4875 815 4940 (Ἴ
832 4876 863 4927 E.
879 4873 979 4926 scilicet
994 4875 1055 4926 sclrl
1070 4889 1123 4927 uon
1138 4881 1239 4941 poterat
1254 4877 1276 4928 sl
1291 4875 1408 4928 urbem.

787 4953 815 5017 (¹)
832 4953 857 5004 S„
873 4953 984 5016 Propter
1001 4952 1051 5004 hoc
1067 4957 1186 5005 notrt-
1196 4954 1226 5006 B.
1243 4954 1277 5006 Bt
1293 4968 1340 5019 per
1355 4955 1405 5007 hoc
1421 4958 1502 5006 notul.

789 5029 817 5094 (⁸)
833 5029 863 5080 ll.
880 5029 940 5094 quir
954 5027 1028 5080 nlull.
1396 5029 1424 5094 Γ)
1441 5033 1494 5093 tro,
1511 5029 1600 5082 nobill.

789 5105 817 5169 ξ’)
832 5106 863 5158 Ε.
880 5120 932 5157 uon
948 5107 1033 5158 debes
1116 5125 1119 5128 ·
1398 5105 1427 5172 (¹)
1441 5107 1472 5160 ll.
1487 5107 1574 5161 oluere
1591 5111 1626 5160 ts
