4566 6844
722 915 792 990 titt
1116 931 1319 994 ocurrunt
1343 934 1494 992 mrcnm

718 1079 880 1175 procedit
904 1099 927 1153 n
950 1097 1083 1176 magna
1107 1079 1338 1174 impotentia3
1365 1079 1461 1156 unde
1484 1079 1515 1156 si
1535 1097 1671 1175 pravus
1689 1079 1802 1154 homo
1826 1075 1885 1152 vei

718 1201 871 1296 angelus
888 1200 1007 1273 maius
1024 1207 1144 1294 posset
1160 1201 1228 1276 diei
1245 1208 1373 1297 potens
1390 1201 1477 1296 quia
1493 1207 1611 1296 potest
1627 1201 1736 1293 mata,
1753 1219 1888 1294 seque-

720 1327 835 1413 retur,
852 1319 950 1414 quod
971 1325 1065 1395 esset
1083 1322 1264 1414 potentior
1282 1322 1369 1416 Deo,
1387 1323 1450 1416 qui
1471 1323 1572 1396 nullo
1587 1315 1623 1412 (¹)
1640 1321 1749 1395 modo
1769 1325 1887 1416 potest

718 1442 826 1515 mata.
846 1439 1068 1534 Secundum,
1082 1441 1217 1516 scilicet
1233 1441 1370 1534 odium,
1385 1446 1494 1536 patet,
1513 1441 1601 1534 quia
1623 1438 1788 1515 diabolus
1811 1439 1887 1515 odit

719 1560 908 1656 diligentes
924 1579 964 1635 se
986 1567 1023 1634 et
1043 1561 1242 1636 servientes
1267 1561 1343 1636 sibi.
1365 1562 1527 1636 Tertium
1554 1561 1663 1636 etiam
1684 1551 1735 1654 (¹),
1752 1559 1887 1636 scilicet

720 1679 924 1777 ignorantia
950 1680 1029 1755 eius
1046 1680 1198 1755 faciliter
1217 1680 1431 1775 ostenditur,
1449 1681 1534 1775 quia
1552 1681 1645 1756 sicut
1671 1681 1781 1754 homo
1801 1699 1887 1775 pra·

721 1820 801 1893 vus,
815 1807 907 1874 teste
920 1800 1142 1894 philosopho,
1160 1805 1278 1895 potest
1294 1800 1363 1875 diei
1380 1806 1523 1875 astutus
1540 1800 1602 1874 sed
1619 1819 1693 1874 non
1712 1799 1885 1894 prudeus,

720 1941 806 1994 cum
825 1919 1017 2015 prudentia
1037 1921 1082 1994 sit
1107 1940 1253 1996 summa
1271 1922 1410 2014 virtus3
1436 1919 1486 1995 ita
1510 1920 1646 1995 malitia
1662 1919 1794 1994 diaboli
1811 1940 1886 1993 uon

720 2045 837 2135 potest
856 2040 979 2114 vocari
1003 2039 1187 2134 sapientia,
1209 2039 1272 2116 sed
1295 2041 1415 2136 potius
1434 2039 1647 2136 ignorantia.
1671 2041 1776 2113 Nunc
1795 2058 1885 2136 ergo

719 2159 764 2234 ad
782 2160 947 2235 literam:
966 2168 1075 2235 autor
1090 2161 1260 2236 describit
1277 2161 1344 2235 ista
1364 2160 1430 2234 tria
1445 2161 1573 2255 capita,
1593 2160 1886 2256 unumquodque

719 2281 788 2356 sub
822 2287 923 2356 certa
955 2282 1085 2377 figura,
1122 2281 1267 2357 dicens:
1302 2284 1409 2356 tuno
1440 2284 1595 2372 dinouct,
1628 2280 1764 2355 scilicet
1794 2287 1885 2356 testa

719 2401 852 2495 media,
878 2422 897 2475 c
922 2406 1035 2494 quello
1059 2423 1123 2475 aro
1148 2405 1344 2494 damieta,
1370 2408 1407 2478 et
1432 2402 1499 2476 ista
1525 2403 1641 2497 prima
1662 2401 1796 2497 figurat
1814 2400 1885 2473 im-

720 2520 930 2617 potentiam,
965 2541 1050 2615 quae
1081 2521 1245 2597 accendit
1277 2531 1314 2596 et
1345 2522 1546 2598 inflammat
1577 2522 1727 2616 ipsum,·
1760 2522 1886 2594 taluc

720 2661 831 2714 mono
850 2644 929 2733 due,
945 2643 1005 2714 cte
1029 2643 1060 2715 si
1082 2645 1282 2734 mocorono
1302 2664 1326 2714 a
1343 2649 1475 2734 comta,
1492 2642 1579 2736 quia
1600 2661 1675 2714 uua
1691 2661 1714 2714 a
1735 2640 1885 2733 dextris,

721 2763 836 2837 altera
853 2781 875 2836 a
893 2761 1043 2836 sinistris
1067 2762 1262 2837 uniebatur
1291 2761 1339 2836 titi
1366 2761 1506 2855 mediae,
1528 2779 1689 2835 roorcsso
1713 2763 1741 2834 u
1764 2779 1886 2834 ntezzo

720 2885 758 2955 ct
787 2885 954 2954 cascum
986 2884 1115 2974 spotia,
1147 2901 1231 2975 quae
1268 2887 1347 2956 erat
1385 2882 1433 2956 ita
1462 2883 1594 2976 ampla,
1628 2879 1725 2976 quod
1764 2901 1882 2954 unum

721 3007 831 3095 caput
856 3001 951 3076 bene
975 3001 1125 3076 sedebat
1149 3002 1185 3074 iu
1211 3021 1273 3095 ca3
1300 3001 1381 3075 ideo
1404 3000 1508 3076 dicit:
1534 3023 1553 3073 a
1576 3003 1608 3074 si
1630 3004 1828 3092 gtungeono
1847 3003 1887 3073 ot

721 3123 797 3193 loco
827 3123 872 3194 dc
899 3125 936 3196 tc
967 3128 1094 3212 mecm,
1128 3121 1229 3216 idest,
1260 3110 1577 3217 coniungebantu‘r
1607 3121 1710 3212 faciei
1742 3121 1884 3214 mediae,

721 3261 805 3335 quae
837 3249 917 3316 erat
950 3241 1065 3316 rubea
1099 3241 1192 3316 sicut
1224 3241 1345 3336 crista,
1370 3246 1408 3316 et
1436 3241 1713 3335 supereminens
1744 3241 1823 3316 atiis
1847 3241 1886 3314 in

719 3361 871 3437 modum
897 3363 1015 3438 cristae
1041 3381 1126 3458 quae
1150 3369 1221 3437 stat
1245 3363 1318 3436 atta
1343 3362 1380 3436 iu
1406 3361 1631 3456 summitate,
1656 3383 1675 3436 e
1705 3364 1742 3435 to
1767 3365 1888 3436 dudo

713 3502 830 3574 porco
854 3488 912 3555 tro
937 3483 1064 3555 biensa
1088 3505 1107 3555 c
1130 3484 1241 3572 gutta
1253 3507 1268 3575 ;
1293 3480 1395 3576 idest,
1421 3479 1565 3576 pallida,
1589 3488 1628 3556 ct
1652 3481 1730 3556 hacc
1753 3481 1889 3578 figurat

718 3600 844 3675 odium
870 3600 1013 3675 invidio
1037 3599 1248 3695 diaboli31a
1272 3603 1417 3674 onisco
1440 3621 1505 3673 eru
1531 3605 1593 3692 tut,
1617 3601 1718 3694 idest,
1737 3606 1813 3675 tam
1832 3601 1889 3674 ni·

718 3742 839 3820 gra,o
863 3723 980 3812 cedar,
998 3723 1106 3812 moti,
1131 3719 1266 3796 scilicet
1291 3719 1463 3816 aethiopes
1483 3721 1592 3818 nigri,
1616 3741 1752 3814 corgon
1776 3725 1814 3796 dt
1838 3712 1887 3811 td,

720 3841 866 3934 scincet,
892 3842 939 3916 ab
960 3847 1099 3935 austro,
1120 3844 1253 3916 ondett
1272 3845 1350 3915 Ntto
1366 3844 1560 3916 saumae.
1580 3843 1680 3916 Nilus
1698 3843 1796 3917 euim
1819 3843 1890 3916 tiu-

722 3962 802 4036 vius
828 3960 955 4035 transit
980 3981 1045 4056 per
1071 3961 1304 4055 AEthiopiam,
1331 3962 1488 4037 africam
1514 3969 1551 4036 et
1576 3963 1797 4060 AEgyptum3
1823 3981 1889 4058 per

720 4083 814 4156 hanc
840 4080 969 4156 taciem
995 4081 1138 4177 nigram
1166 4081 1300 4178 figurat
1323 4081 1566 4177 ignorantiam
1593 4101 1677 4178 quae
1703 4089 1759 4158 est
1785 4089 1888 4158 tenc—

719 4203 830 4276 brusa
863 4219 1020 4295 semper.
1039 4239 1089 4256 -
1106 4204 1211 4284 Sotto.
1239 4201 1303 4274 Hic
1335 4206 1444 4275 autor
1473 4201 1643 4276 describit
1676 4203 1713 4277 in
1743 4201 1889 4297 speciali

718 4324 796 4396 atas
819 4320 988 4413 Luciferi,
1019 4319 1165 4395 dicens:
1193 4327 1282 4394 sotto
1306 4324 1470 4396 ocaeano
1498 4325 1641 4396 uscioan
1666 4325 1732 4396 due
1755 4323 1890 4413 grandi

718 4445 780 4532 cti,
805 4446 843 4515 ct
868 4438 919 4514 sic
944 4446 1050 4514 erant
1075 4459 1151 4514 sex.
1178 4441 1257 4514 tstae
1288 4435 1357 4516 al'ae
1389 4441 1549 4538 figurant
1580 4441 1825 4540 instigationes
1850 4449 1890 4518 et

618 4617 623 4629 .
717 4561 969 4656 inspirationes
995 4559 1139 4655 diaboii,
1162 4580 1246 4654 quae
1272 4545 1358 4636 suut
1383 4562 1488 4638 vaide
1514 4581 1669 4660 magnae,
1690 4583 1776 4638 cum
1803 4563 1887 4658 qui-

718 4681 787 4754 bus
811 4678 982 4754 discurrit
1007 4699 1074 4774 per
1099 4687 1217 4755 totum
1245 4681 1444 4776 mundum3
1469 4681 1550 4756 ideo
1574 4681 1677 4758 dicit:
1699 4691 1829 4775 morato
1854 4687 1888 4758 st

1777 4865 1882 4874 ——.

781 4970 810 5034 (1)
826 4971 857 5022 a.
874 4973 946 5024 nnita
961 4975 1030 5026 mata
1046 4977 1137 5038 potest
1153 4973 1309 5026 mudum.

784 5047 811 5113 (¹)
827 5047 858 5100 R
873 5049 951 5102 edam
968 5049 1079 5102 nentur
1093 5051 1238 5104 scanditur
1252 5049 1371 5104 vtdadcat
1387 5053 1538 5117 inomaus,
1554 5053 1615 5118 quia
1630 5054 1705 5106 daut.
