4534 6842
697 927 837 988 cunnus
861 927 1052 986 rueramus
1075 926 1251 994 orturus.
1488 912 1557 980 1tlt

390 1077 597 1148 extremam
618 1069 749 1165 ripam,
767 1069 830 1144 ubi
855 1071 911 1146 cst
936 1069 1016 1146 llnis
1035 1069 1164 1166 pontis,
1182 1068 1229 1143 ad
1245 1051 1359 1162 quam
1379 1072 1475 1145 esset
1490 1065 1560 1143 dii·

389 1190 491 1266 licilis
514 1210 700 1285 ascensus,
722 1190 772 1264 ita
798 1191 898 1284 quod
922 1191 1034 1264 homo
1053 1211 1127 1264 non
1143 1195 1264 1285 posset
1288 1188 1408 1284 primo
1433 1207 1561 1262 ascen-

388 1310 478 1386 dere
502 1311 580 1386 sine
600 1310 792 1405 juvamine
816 1311 986 1405 ulterius3
1012 1311 1062 1386 itu
1093 1310 1139 1386 ud
1171 1309 1396 1405 propositum
1426 1309 1562 1384 Dentes

391 1451 464 1505 non
490 1438 633 1527 poterat
658 1431 716 1506 hic
741 1451 807 1526 per
832 1452 872 1506 se
894 1431 1093 1508 ascendere
1113 1429 1257 1506 ruinam
1276 1429 1394 1524 pontis
1411 1449 1477 1525 per
1494 1428 1562 1506 ali-

392 1571 505 1644 quam
523 1558 678 1647 partem,
692 1550 774 1627 ideo
791 1551 962 1648 Virgilius
974 1553 1140 1628 consulte
1157 1542 1313 1650 elegitl¹l
1331 1571 1450 1628 unam
1461 1551 1560 1630 viam

393 1670 515 1745 minus
538 1670 722 1747 difficilem
749 1679 786 1747 et
812 1672 929 1769 magis
955 1672 1125 1766 habilem,
1143 1678 1181 1749 et
1200 1671 1345 1766 capiens
1365 1670 1484 1765 ipsum
1507 1672 1562 1749 lo·

394 1789 491 1864 ravit
516 1811 616 1886 eum,
642 1799 680 1867 et
703 1791 825 1887 posuit
849 1813 936 1866 cum
962 1792 1114 1887 pedibus
1135 1812 1247 1887 supra
1271 1811 1389 1870 unum
1415 1812 1560 1886 sarum,

394 1916 431 1985 et
455 1911 668 1986 ostendebat
684 1912 843 2005 desuper
867 1911 967 1986 aliud
992 1931 1124 1990 sanum
1151 1910 1249 2006 qnod
1271 1911 1563 2006 apprehenderet

394 2048 479 2103 cum
505 2031 686 2125 manibus,
712 2038 750 2108 el
765 2021 802 2124 θ)
827 2031 879 2106 sic
903 2031 1113 2126 perveniret
1137 2030 1184 2105 ad
1209 2030 1459 2108 summitatem
1479 2029 1560 2107 loci.

393 2149 498 2224 Nune
513 2151 641 2226 ordina
659 2151 710 2225 sic
731 2151 888 2244 literam,
902 2172 921 2224 e
937 2153 1086 2227 leucado
1102 2172 1156 2224 me
1171 2171 1213 2226 su
1231 2172 1293 2227 cer
1309 2153 1345 2226 lu
1362 2153 1453 2225 cimu
1469 2152 1504 2228 d
1512 2169 1561 2228 aa

392 2273 593 2362 rmwMooc,
619 2270 721 2366 idest,
748 2271 859 2346 unius
884 2271 975 2364 saxi,
1001 2274 1171 2346 coreava
1195 2272 1253 2347 κη’
1266 2273 1362 2351 oltra
1386 2271 1561 2360 rclcppic,

392 2389 494 2484 idest,
519 2389 660 2485 peciam
674 2381 712 2481 (³)
737 2389 889 2464 alterius
924 2389 1014 2484 saxi,
1040 2392 1204 2466 dicendo:
1232 2392 1295 2482 poi
1325 2391 1562 2482 topproppa,

392 2507 495 2603 idest,
511 2508 651 2604 applica
668 2515 716 2602 te,
733 2530 844 2601 sopra
860 2511 988 2602 puella,
1004 2509 1068 2584 sed
1088 2509 1163 2584 noli
1179 2508 1322 2602 timere,
1341 2508 1439 2587 uude
1458 2507 1561 2584 dicit:

393 2648 453 2700 mo
472 2634 562 2700 ento
573 2630 660 2722 pn'u
684 2624 754 2701 rie
779 2631 830 2702 tol
852 2631 977 2702 cl'ellu
995 2630 1174 2720 tireppiu,
1190 2626 1294 2722 idest,
1311 2627 1374 2704 sed
1395 2627 1564 2723 experire

394 2747 513 2842 primo
538 2747 567 2821 si
593 2747 653 2822 illa
676 2750 839 2840 schoppio
862 2755 920 2824 cst
944 2755 1020 2824 tem
1046 2748 1149 2824 tortis
1173 2753 1210 2824 et
1235 2747 1355 2842 druto,
1375 2748 1475 2842 quud
1499 2768 1563 2824 su-

394 2866 526 2942 stineat
544 2873 597 2962 te3
611 2874 649 2942 ct
661 2869 731 2942 hoc
743 2868 827 2944 lecit
840 2875 877 2942 et
894 2869 983 2945 dixit
991 2869 1162 2965 Virgilius
1175 2869 1375 2964 prudenter
1392 2876 1430 2944 et
1442 2874 1562 2962 cauto,

394 2980 465 3062 cori
488 3009 583 3062 conse
607 2992 696 3082 quei,
722 2988 826 3083 idest,
850 3008 897 3064 eo
930 2989 1041 3064 modo
1071 3010 1146 3084 quo
1178 2990 1248 3084 ille,
1281 2992 1332 3064 ct'
1345 2992 1505 3082 adopera
1531 2994 1566 3062 et

395 3111 530 3200 mimo,
555 3108 657 3204 idest,
682 3109 745 3203 qui
769 3109 846 3204 agit
871 3115 909 3185 et
932 3109 1069 3206 cogitat
1092 3109 1202 3182 simul
1222 3115 1396 3185 eventum
1422 3107 1487 3201 rei,
1504 3109 1565 3184 cde
1603 3202 1605 3208 Ι

395 3250 531 3322 compre
543 3251 616 3322 par
631 3231 691 3302 cle
707 3232 855 3304 innanzi
865 3231 897 3302 si
905 3232 1115 3321 moveppiu,
1134 3235 1175 3302 ut
1192 3227 1278 3302 niul
1296 3215 1484 3319 ureniatl‘l
1494 3227 1565 3305 im-

396 3348 595 3443 provisum.
622 3348 666 3420 ut
690 3347 749 3422 hie
774 3352 860 3422 nota
885 3347 984 3441 quod
1004 3347 1176 3444 Virgilius
1200 3347 1291 3424 solet
1315 3367 1462 3442 semper
1479 3367 1563 3442 por·

395 3474 475 3544 tare
499 3470 654 3544 Dantem
675 3467 822 3562 quando
839 3470 919 3544 vult
935 3468 1158 3547 descendere
1174 3470 1221 3546 ad
1237 3469 1392 3545 lundum
1412 3467 1567 3544 alicuius

393 3589 528 3686 bulgiae
553 3589 612 3664 rel
638 3587 721 3664 inde
746 3589 861 3682 exire,
886 3589 981 3663 sicut
1009 3589 1127 3684 patuit
1159 3609 1270 3685 snpra
1301 3589 1338 3664 in
1368 3588 1493 3684 bulgio
1517 3586 1567 3660 si-

395 3708 663 3802 moniacorum,
684 3707 783 3802 quod
799 3699 835 3800 (⁶)
863 3708 1022 3804 portavit
1046 3729 1135 3786 enm
1160 3699 1374 3803 interiusl⁶)‚
1392 3715 1428 3782 et
1453 3708 1490 3781 in
1510 3707 1567 3786 io·

396 3829 507 3902 troitu
537 3828 639 3903 istius
670 3828 806 3924 bulgiae
832 3835 945 3904 sentae
978 3829 1135 3923 portavit
1160 3849 1247 3904 eum
1280 3829 1375 3903 inter
1404 3826 1566 3922 brachia,

397 3948 544 4040 quando
562 3947 727 4043 permisit
742 3969 783 4024 se
799 3949 933 4026 cadere
945 3947 1120 4024 deorsum
1140 3947 1564 4027 timoredaemoniorum.

396 4068 501 4142 Nunc
517 4087 607 4144 vcro
623 4067 661 4144 in
677 4067 780 4144 exitu
797 4088 871 4142 non
888 4051 1010 4162 portat
1027 4087 1115 4142 eum
1135 4087 1240 4142 more
1256 4067 1373 4162 solito,
1387 4065 1450 4142 sed
1458 4067 1566 4161 juvat

397 4208 484 4264 enm
510 4188 731 4284 emcndcrc3
758 4194 796 4264 et
820 4189 889 4262 hoc
923 4187 1005 4262 ideo
1033 4187 1119 4263 lacit
1133 4175 1170 4279 (⁷)
1205 4186 1290 4280 quia
1320 4186 1358 4260 in
1387 4185 1567 4280 predictis

395 4307 483 4383 locis
507 4329 581 4384 nun
605 4308 781 4404 potuisset
804 4312 915 4382 antor
930 4303 1055 4402 aliquo
1073 4306 1183 4383 modo
1201 4305 1267 4400 ire,
1284 4306 1371 4399 quia
1391 4310 1472 4384 erat
1488 4305 1566 4400 ripa

396 4428 470 4506 elta
494 4436 532 4504 et
557 4434 670 4523 recta,
696 4428 790 4504 sicut
814 4427 925 4523 paulo
949 4437 1031 4522 post
1054 4425 1181 4502 audies
1205 4426 1252 4502 dc
1277 4425 1356 4520 ripa
1380 4423 1566 4520 seruantis

396 4547 555 4644 hulgiae3
580 4549 646 4625 sed
670 4567 736 4644 per
761 4547 867 4626 istam
894 4545 1041 4624 ruinam
1068 4545 1188 4644 pontis
1212 4546 1317 4627 fracti
1341 4550 1485 4641 poma
1500 4544 1568 4625 ali-

460 4805 624 4874 l'lieldt
890 4806 1445 4872 (loupannlmamlmm.

459 4880 487 4944 (¹)
503 4882 533 4933 E·
550 4889 658 4947 mtrem.
891 4885 917 4948 (ll
934 4885 965 4936 lt.
981 4887 1123 4948 proveniat.
1342 4881 1369 4946 (⁸)
1385 4881 1416 4933 E.
1433 4883 1503 4946 quir.

460 4957 488 5098 g}
504 4962 566 5086 ¹¹1⁶}
562 4959 691 5092 ⁸lanzonum.
707 4961 799 5013 danila
814 4961 957 5025 rspomvlr
971 4973 1034 5012 cnm
1050 4961 1177 5026 προπίω,
1194 4963 1222 5012 ut
1236 4961 1264 5010 ln
1278 4959 1395 5010 utrum.
