4498 6836
761 976 899 1036 CANTUS
923 973 1116 1033 violemus
1139 971 1270 1028 NONUS·
1534 963 1606 1030 407

434 1118 603 1196 mittebat
630 1119 687 1197 itti·
709 1121 862 1217 simplici
895 1127 933 1200 et
960 1120 1065 1196 intuo
1097 1117 1221 1194 iacere
1254 1114 1434 1192 mirabilia
1459 1137 1606 1215 magua.
1686 1191 1688 1196 ,

434 1241 532 1318 luter
565 1239 649 1334 elia,
680 1239 770 1314 dum
804 1242 962 1321 titanos
995 1241 1064 1314 iste
1097 1235 1304 1314 levissimus
1337 1236 1538 1313 miraretur
1570 1246 1608 1315 et

434 1359 603 1437 leuduret
619 1359 849 1457 Griiolinum,
866 1361 1005 1437 diceus:
1023 1379 1047 1438 o
1068 1357 1178 1453 quate
1195 1362 1250 1432 est
1269 1355 1459 1452 ingenium
1480 1364 1607 1433 tuumt

433 1480 525 1559 dixit
554 1478 773 1559 Griioiinus:
811 1489 913 1557 certe
944 1480 1077 1558 scirem
1118 1476 1242 1554 iacere
1275 1476 1509 1572 impossibilia
1540 1499 1607 1574 per

435 1597 617 1682 naturam.
652 1601 745 1690 Quid
775 1602 927 1696 diceres,
958 1601 987 1678 si
1016 1599 1161 1676 videres
1190 1617 1253 1672 me
1283 1603 1452 1691 patenter
1481 1599 1608 1673 volare

434 1741 542 1804 more
565 1721 643 1796 evis
671 1741 739 1816 per
770 1726 929 1798 aerem?
958 1721 1115 1798 Albanus
1144 1717 1290 1813 pinguis
1322 1723 1359 1791 et
1387 1717 1609 1812 pecuniosus

435 1840 603 1934 expensis
628 1841 811 1936 crucifixi,
837 1840 947 1937 coepit
972 1859 1118 1936 rogare,
1144 1844 1186 1912 ut
1203 1837 1355 1912 doceret
1374 1857 1462 1912 eum
1487 1845 1608 1913 artem

435 1958 580 2040 volandi
604 1960 850 2056 artificialiter,
876 1960 940 2055 qui
966 1967 1091 2034 tamen
1116 1964 1197 2033 erat
1220 1976 1287 2052 per
1304 1959 1476 2033 naturam
1502 1957 1611 2033 levis-

435 2076 552 2152 simus
575 2078 622 2153 ed
656 2079 855 2156 volendum
884 2098 972 2156 oum
1002 2097 1070 2154 sua
1099 2081 1224 2152 mente
1256 2075 1463 2150 vanissime.
1498 2078 1611 2154 Multa

437 2217 528 2294 ergo
552 2196 707 2292 dicebat,
732 2205 769 2274 et
794 2200 901 2294 plura
926 2197 1171 2292 promittebat.
1200 2195 1271 2272 Sed
1293 2195 1491 2272 Griioiiuus
1516 2197 1612 2271 ludi·

438 2316 616 2390 iicahatur
639 2336 740 2413 eum,
765 2325 802 2394 et
831 2318 940 2392 debat
965 2317 1014 2390 iili
1040 2315 1153 2391 verba
1179 2316 1216 2390 in
1248 2315 1422 2390 solutum.
1450 2315 1611 2391 Tandem

438 2435 594 2514 Albanus
619 2436 744 2512 videns
768 2457 810 2512 se
835 2437 1005 2512 delusum
1031 2442 1070 2511 et
1085 2435 1292 2530 deceptum,
1316 2441 1541 2529 conquestus
1557 2440 1612 2510 est

439 2553 608 2649 episcopo
620 2555 715 2649 patri
732 2576 820 2650 suo;
837 2555 902 2650 qui
918 2575 1095 2632 accensus
1112 2554 1360 2651 indignatione
1377 2573 1512 2650 magna
1529 2554 1613 2630 iecit

438 2671 590 2746 tormari
615 2693 730 2748 unam
756 2674 1024 2768 inquisitionem
1052 2680 1180 2749 contra
1201 2693 1302 2768 eum,
1320 2673 1478 2768 qualiter
1503 2693 1613 2749 exer-

437 2792 544 2868 cebat
569 2793 763 2890 magicam,
790 2815 903 2890 quam
930 2801 1054 2870 tamen
1080 2793 1140 2868 iile
1157 2793 1369 2891 ignorahat;
1386 2800 1423 2870 et
1448 2794 1518 2870 sub
1543 2794 1639 2897 istq,

437 2912 561 2988 colore
576 2910 662 2986 iecit
678 2933 766 2987 eum
783 2905 820 3007 (¹)
845 2913 955 3011 digne
970 2913 1140 2990 cremori.
1162 2913 1267 2986 Nunc
1286 2911 1334 2986 nd
1349 2913 1511 3006 literam3
1528 2911 1614 2987 dicit

436 3037 568 3104 autor:
595 3034 617 3104 t'
629 3051 690 3123 un,
715 3032 860 3126 scilicet,
882 3033 1058 3130 magister
1074 3031 1283 3124 Griioiiuus,
1311 3035 1460 3124 rr'spose,
1478 3031 1615 3106 scilicet

438 3149 601 3243 petitioni
628 3169 745 3226 meae:
775 3154 811 3224 to
838 3154 892 3245 sui
916 3154 1105 3242 d’Arczzo,
1137 3156 1175 3226 et
1208 3157 1264 3226 est
1298 3157 1561 3247 argumentum
1592 3172 1615 3224 a

439 3271 532 3363 ioco,
559 3269 646 3363 quia
670 3269 838 3344 Aretium
864 3271 1112 3345 communiter
1137 3271 1248 3346 hebet
1273 3278 1384 3346 ecum
1407 3270 1564 3368 ingenia,
1585 3276 1619 3344 ct

440 3390 581 3464 nonu
601 3391 651 3464 du
668 3392 786 3480 Stena,
807 3411 891 3484 quae
913 3391 1040 3473 civitas
1057 3391 1254 3486 aliquando
1273 3391 1443 3485 producit
1465 3395 1616 3487 gentem

442 3529 588 3603 vanem,
606 3512 655 3582 mi
675 3512 721 3602 [ε’
739 3517 858 3584 metter
883 3512 922 3583 ct
942 3513 1070 3604 (trono,-
1088 3516 1126 3586 et
1151 3512 1221 3585 hoc
1242 3509 1328 3585 dicit
1346 3510 1393 3585 ad
1410 3515 1617 3584 extenuan-

441 3629 528 3703 dam
553 3648 660 3702 suam
690 3627 876 3704 iufamium
896 3620 933 3721 (¹)
962 3629 1061 3724 quod
1095 3629 1166 3704 aiio
1199 3629 1269 3703 iuit
1285 3631 1424 3723 'causa
1450 3649 1523 3723 qua
1549 3628 1617 3705 tuit

442 3748 657 3823 mmbustus
683 3748 720 3821 in
746 3749 896 3842 mundo,
922 3749 993 3824 aiio
1011 3769 1086 3844 qua
1106 3756 1162 3826 est
1178 3749 1377 3825 damnatus
1403 3749 1440 3823 in
1456 3749 1616 3842 inierno;

444 3865 542 3941 uude
566 3867 674 3940 dicit:
700 3888 761 3940 ma
790 3871 869 3959 quel
885 3870 1054 3960 percd'io
1080 3871 1197 3958 mori,
1224 3868 1370 3962 scilicet,
1396 3869 1503 3962 culpa
1529 3867 1617 3941 artis

443 3985 606 4082 magicae,
624 3989 684 4078 qui
699 4007 771 4060 non
787 3989 836 4060 mi
851 4007 967 4076 omno,
984 3985 1130 4080 scilicet,
1149 3985 1195 4060 ad
1212 3987 1320 4060 istam
1340 4005 1500 4080 poenam.
1520 3985 1566 4058 Et
1578 3976 1616 4077 (³)

443 4124 530 4182 ecoe
554 4123 705 4180 causam
732 4125 873 4199 veram,
899 4125 1017 4199 quare
1043 4105 1129 4180 iecit
1154 4125 1215 4180 me
1241 4105 1356 4198 mori,
1382 4111 1445 4177 Ver
1466 4102 1503 4178 e‘c
1519 4107 1618 4179 ct’to
1730 4121 1732 4126 ’

442 4228 577 4300 dosia
608 4226 669 4316 tui,
702 4223 849 4319 scilicet,
881 4224 930 4298 ilii
960 4225 1107 4317 diburo,
1135 4227 1318 4318 portando
1342 4245 1367 4296 a
1390 4227 1505 4316 picco,
1530 4223 1617 4319 quia

443 4343 624 4421 habebam
656 4344 829 4418 solatium
854 4343 900 4419 de
925 4345 1005 4419 eius
1030 4344 1216 4420 fatuitate:
1244 4347 1280 4417 to
1305 4347 1354 4418 mi
1377 4345 1496 4436 suprci
1520 4347 1620 4418 leem

438 4486 507 4558 per
533 4467 652 4538 iocre
676 4485 701 4536 a
726 4467 830 4558 voto‚·
843 4464 948 4559 quasi
965 4464 1085 4541 dicat:
1103 4471 1252 4540 mutum
1272 4463 1358 4560 scio,
1372 4464 1472 4559 quod
1487 4464 1620 4538 scirem

445 4584 571 4658 volare
595 4603 662 4680 per
685 4603 826 4679 aerem,
851 4584 882 4658 si
906 4584 1059 4677 reliem3
1091 4589 1128 4660 et
1149 4585 1271 4659 statim
1303 4585 1382 4660 avis
1411 4583 1572 4660 inescata
1580 4570 1618 4675 (⁸)

445 4719 551 4727 ——-

507 4769 534 4830 (Ι)
550 4767 575 4818 S.
592 4781 653 4818 eum
668 4771 772 4834 indigne
788 4773 947 4822 cremari-
958 4772 989 4823 E.
1005 4772 1064 4834 igne
1079 4771 1201 4822 cremari.

507 4843 534 4904 (¹)
550 4845 580 4893 ii.
596 4845 737 4908 infamiam,
753 4861 811 4912 que
829 4848 880 4900 init
894 4861 971 4900 causa
987 4848 1047 4912 quia
1063 4847 1214 4898 combustus
1231 4847 1328 4898 iuic-
1338 4851 1393 4908 tto,
1402 4846 1545 4906 infamiam,
1557 4843 1618 4908 quir

444 4921 494 4972 clia
509 4919 560 4970 soit
576 4933 653 4971 neusa
667 4936 718 4986 qur
735 4921 785 4973 iuit
800 4925 958 4974 combustus.

508 4994 534 5056 (¹)
551 4995 581 5045 E.
597 4995 648 5046 Sed
664 5001 743 5058 certe,
762 5011 839 5050 causa
853 5012 914 5050 reru
931 5013 1012 5062 quare
1028 4998 1089 5048 iecit
1105 5012 1148 5049 me
1164 4999 1241 5058 mori,
1259 4998 1318 5058 suit,
1335 4998 1405 5062 quod
1428 4999 1476 5049 Ver
1490 4999 1525 5046 te.

507 5071 535 5134 (¹)
553 5076 607 5132 itt,
625 5073 752 5125 inrescata
767 5080 816 5127 est.
