4534 6842
722 931 860 987 caurus
885 933 1076 988 vrassmus
1100 934 1262 989 ruamus
1503 925 1571 993 159

399 1095 558 1166 pcnscaa
577 1067 649 1148 cosi
657 1102 673 1168 ;
690 1075 792 1172 idest,
809 1077 860 1152 sic
875 1070 912 1170 (¹)
936 1077 1140 1174 arguebam
1161 1077 1256 1154 iutra
1277 1099 1350 1172 me,
1368 1084 1487 1178 quarti
1504 1082 1575 1156 sci·

401 1194 484 1270 licet
507 1195 704 1290 daemoues,
720 1217 808 1271 sono
831 1201 994 1272 saterrriti
1007 1219 1073 1292 par
1092 1201 1166 1289 aui,
1184 1199 1270 1292 quia
1296 1199 1433 1275 luimus
1459 1221 1571 1276 causa

401 1323 543 1391 remota
556 1317 658 1390 istius
671 1317 877 1412 delusionis,
891 1319 975 1394 licet
992 1319 1070 1394 siue
1088 1326 1212 1393 nostra
1230 1319 1351 1413 culpa,
1368 1341 1434 1393 coa
1450 1324 1572 1394 duam

400 1457 419 1507 a
442 1456 509 1508 con
533 1435 637 1528 beffa,
654 1438 741 1530 quia
765 1438 970 1514 amiserunt
986 1438 1149 1532 praedam
1169 1444 1205 1512 et
1222 1439 1499 1532 acquisiverunt
1515 1442 1572 1514 in-

295 1613 303 1626 .
400 1554 562 1649 lamiam,
586 1549 617 1628 sl
637 1561 742 1650 suus,
768 1557 870 1652 idest,
889 1564 963 1632 tam
990 1558 1099 1652 turpi,
1117 1560 1168 1630 ct’
1184 1561 1281 1630 assai
1304 1561 1409 1632 erecto
1434 1563 1501 1633 aaa
1518 1563 1574 1633 ior

400 1673 476 1750 mi:
500 1676 603 1770 idest,
621 1677 666 1750 sit
690 1678 743 1752 eis
768 1677 874 1753 valde
894 1679 1047 1753 molesta
1068 1677 1153 1772 quia
1176 1677 1433 1774 ignominiosa3
1455 1687 1491 1758 ct
1508 1701 1573 1776 per

401 1797 470 1870 lroc
491 1803 592 1872 notat
609 1817 721 1892 quam
743 1798 991 1892 periculosum
1010 1799 1219 1873 esthabere
1238 1798 1361 1874 iacere
1377 1820 1464 1874 cum
1486 1802 1572 1895 istis,

401 1925 744 2012 quantumcumque
764 1910 801 2009 (²)
833 1920 944 1991 homo
979 1919 1025 1990 sit
1060 1918 1249 2013 innocens;
1281 1919 1379 2012 quod
1410 1921 1571 1996 declarat

400 2038 623 2132 comparatio
649 2058 818 2132 sequeus,
837 2046 993 2132 quaeest
1018 2038 1123 2113 valde
1143 2039 1252 2114 clara.
1276 2041 1377 2115 Unde
1402 2040 1503 2116 dicit:
1526 2047 1570 2135 ci,

400 2157 536 2232 scilicet
548 2157 745 2252 daemonas,
762 2179 806 2232 ae
823 2179 1002 2232 amcam
1013 2161 1124 2232 dietro
1132 2153 1195 2250 piri
1208 2161 1568 2250 catalecticum

400 2298 424 2348 u
452 2281 567 2368 quella
591 2281 713 2351 iecora
741 2280 801 2351 alte
838 2283 980 2370 acceffa.
1007 2279 1052 2350 Et
1080 2277 1140 2351 hic
1169 2282 1254 2352 uela
1284 2284 1464 2372 quantum
1492 2281 1570 2355 haec

399 2396 625 2491 comparatio
642 2398 688 2472 sil
704 2395 961 2492 propriissime.
980 2396 1099 2483 Quam
1117 2395 1294 2470 offensam
1316 2399 1453 2493 recepit
1470 2400 1569 2474 cauis

398 2536 421 2591 a
437 2516 586 2611 lepore?
600 2526 700 2593 certe
717 2518 855 2592 nullam
867 2541 877 2611 ;
890 2521 929 2590 et
941 2523 1065 2591 mmeu
1082 2536 1129 2590 ex
1150 2518 1309 2590 naturali
1326 2518 1409 2592 odio
1424 2509 1462 2610 (³)
1482 2540 1568 2614 per-

402 2636 581 2729 sequitur,
594 2642 633 2710 et
645 2635 841 2711 crudeliter
854 2636 992 2711 lacerat
1008 2643 1045 2710 et
1061 2635 1160 2732 sugit
1176 2637 1393 2732 sauguinem
1407 2637 1504 2732 eius3
1518 2641 1568 2713 ita

401 2756 606 2833 baratarius
643 2777 732 2831 vere
761 2757 871 2850 cauis,
898 2763 939 2832 ut
971 2763 1160 2832 ostensum
1192 2764 1248 2831 est
1279 2757 1316 2830 iu
1349 2757 1568 2851 praecedeuti

400 2875 568 2971 capitulo,
588 2882 831 2970 persequetur
845 2865 882 2968 (⁴)
899 2877 987 2951 istos
1002 2877 1213 2951 innocentes
1234 2877 1311 2950 siue
1331 2877 1453 2970 aliqua
1466 2879 1566 2972 justa

398 3017 520 3090 causa,
542 2996 606 3070 sed
630 3017 676 3072 ex
703 2988 875 3088 iunatal⁵l
902 2996 1039 3070 malitia
1066 3007 1209 3089 quaeret
1233 3017 1382 3071 causam
1410 2996 1569 3072 laniandi

397 3137 472 3208 eos,
498 3122 534 3192 et
559 3121 661 3190 tauto
686 3115 883 3210 crudelius,
904 3125 1086 3209 quantum
1112 3117 1208 3189 ultra
1235 3117 1405 3190 naturale
1430 3115 1568 3211 odium,

396 3237 495 3331 quod
520 3257 657 3331 pravus
682 3236 793 3310 habet
821 3225 949 3313 contra
980 3237 1118 3310 bouum
1150 3257 1216 3331 per
1245 3235 1413 3310 accidens
1445 3237 1570 3311 volent

397 3365 617 3450 retorquere
642 3357 735 3430 iram
762 3376 874 3451 super
899 3377 977 3451 uos,
1003 3377 1049 3431 er
1077 3377 1151 3450 quo
1181 3373 1255 3431 nou
1280 3364 1479 3452 potueruut
1503 3357 1569 3429 ha·

396 3477 486 3551 bere
515 3497 627 3569 quem
664 3476 890 3569 quaerebaut.
924 3478 1009 3552 ldeo
1042 3476 1150 3551 dicit:
1182 3498 1220 3550 se
1250 3481 1344 3550 t'iru
1372 3480 1401 3549 s‘
1413 3481 1568 3568 ayueffa,

397 3597 499 3690 idest,
512 3595 723 3692 adiungitur
740 3601 777 3670 et
794 3596 1042 3692 coniungitur,
1058 3615 1170 3688 sopra
1180 3599 1207 3669 'i
1222 3600 1296 3670 mal
1314 3599 1449 3669 volere.-
1465 3594 1568 3690 idest,

396 3737 507 3810 supra
533 3716 760 3790 voluntatem
794 3715 840 3789 de
872 3737 912 3790 se
938 3735 1103 3810 pravam,
1129 3716 1223 3789 sicut
1248 3716 1415 3791 videmus
1440 3735 1569 3790 exem·

397 3836 499 3930 plum
526 3835 571 3909 de
597 3835 704 3928 lacto,
730 3835 817 3929 quia
843 3835 955 3910 homo
980 3837 1101 3909 malus
1122 3837 1275 3931 simplex
1292 3827 1329 3928 (⁶)
1356 3843 1411 3910 est
1435 3835 1568 3909 timeu-

396 3955 477 4048 dus,
502 3953 590 4046 quia
615 3974 753 4047 pronus
779 3954 904 4030 estad
930 3957 1157 4049 uoceudum;
1178 3956 1242 4031 sed
1267 3957 1296 4030 si
1326 3956 1371 4032 sit
1395 3956 1514 4030 malus
1531 3961 1568 4030 et

397 4073 512 4146 iratus
525 4062 576 4166 (⁷),
594 4072 757 4148 irritatus
773 4075 896 4168 aliqua
914 4095 1038 4169 causa,
1059 4077 1175 4150 multo
1202 4075 1328 4150 lortius
1353 4082 1409 4150 est
1434 4075 1578 4178 limem·a

395 4194 473 4270 drus.
487 4231 537 4250 -
552 4183 628 4266 (lid,
655 4193 720 4268 llic
745 4200 856 4268 autor
877 4195 1083 4271 manifestat
1101 4195 1272 4270 timorem
1300 4215 1410 4270 suum
1438 4201 1565 4268 natum

395 4334 442 4389 ax
468 4313 536 4389 istu
561 4314 721 4390 securim
746 4314 965 4410 cogitamine
997 4337 1064 4411 per
1094 4314 1240 4413 siguum
1272 4335 1486 4410 expressum
1522 4315 1567 4388 ti-

396 4434 518 4527 moris,
533 4423 809 4526 diceus:0icimi
822 4438 933 4508 senta
946 4439 1019 4510 tute
1034 4439 1060 4509 ii
1069 4439 1140 4529 peti
1152 4457 1337 4510 urracam
1350 4435 1405 4510 Ad
1418 4435 1516 4529 quod
1527 4424 1564 4528 (⁸)

397 4561 496 4649 nota,
513 4555 611 4647 quod
633 4554 779 4648 quaudo
797 4556 909 4630 homo
928 4556 1041 4650 timet,
1062 4557 1210 4653 sanguis
1231 4557 1417 4632 concurrit
1436 4557 1566 4631 adcor

456 4753 482 4816 (¹)
499 4753 529 4804 li.
545 4755 582 4804 aia
598 4755 742 4818 cogitabam
758 4757 826 4807 iutra
843 4769 894 4807 me.
1023 4756 1051 4819 l')
1066 4756 1092 4806 S.
1108 4763 1348 4822 quantumcumque
1364 4757 1397 4808 all
1412 4759 1545 4810 innocuus.

455 4829 482 4892 Ρ)
497 4831 527 4880 ll.
543 4831 604 4881 odia
619 4843 677 4882 arm
693 4835 857 4897 permqultar
872 4837 899 4884 sl
913 4833 1068 4883 uatunlllar
1085 4833 1181 4884 lacerat
1198 4835 1341 4885 crudeliter
1356 4840 1383 4885 et
1398 4835 1474 4898 sugit.

455 4904 483 4970 (⁸)
499 4906 524 4957 S.
540 4919 556 4956 a
572 4907 602 4956 E.
620 4907 792 4972 pemequllur.
1023 4909 1051 4971 (ἢ
1064 4909 1094 4959 ll.
1111 4921 1143 4959 ax
1160 4911 1271 4962 ammata
1285 4910 1383 4960 mulllla
1399 4911 1501 4975 quarti.

456 4981 483 5044 (⁸)
501 4987 554 5038 lla.
571 4981 721 5045 simpliciter
737 4988 777 5033 eat
792 4985 928 5034 timendus.
1025 4984 1052 5048 Ρ)
1067 4985 1092 5035 li.
1109 4987 1190 5038 lralm
1206 4986 1290 5050 rllqur
1306 4999 1390 5038 caum.

459 5057 478 5121 (¹
500 5057 525 5108 S.
544 5058 586 5108 Ad
602 5057 671 5120 quad
687 5063 726 5108 eal
743 5059 876 5110 subudum
892 5059 971 5124 quari.
