4566 6844
720 977 789 1044 560
1108 991 1309 1048 comnena
1334 991 1483 1046 suanam

715 1135 870 1231 pervixit
903 1137 998 1211 ultra
1032 1137 1241 1232 triennium,
1273 1145 1310 1213 et
1339 1139 1461 1213 nullus
1486 1141 1657 1211 mortuus
1682 1141 1737 1208 est
1762 1137 1883 1208 morte

714 1257 887 1352 naturali3
909 1257 971 1334 sed
999 1277 1127 1333 omnes
1151 1258 1303 1333 diversis
1320 1258 1464 1334 casibus
1487 1255 1694 1352 perierunt;
1713 1251 1772 1327 alii
1793 1272 1886 1325 nau-

714 1377 841 1474 iragio,
868 1379 927 1454 alii
953 1379 1060 1474 bello,
1083 1377 1230 1474 quidam
1248 1373 1284 1472 (¹)
1312 1399 1357 1454 eo
1382 1378 1459 1472 ipso
1485 1377 1643 1473 pugione
1661 1395 1735 1470 quo
1752 1376 1884 1449 vulne-

714 1505 887 1573 raverant
904 1501 1085 1575 Caesarem
1105 1500 1316 1596 semetipsos
1341 1498 1573 1574 oeciderunt:
1592 1498 1643 1572 sic
1666 1496 1758 1571 adeo
1783 1515 1885 1569 mors

580 1629 582 1634 ’
715 1619 774 1694 illa
799 1618 1046 1715 indignissima
1071 1620 1147 1694 visa
1173 1624 1228 1694 est
1252 1618 1474 1715 displicuisse
1499 1619 1575 1693 Deo
1600 1624 1638 1692 et
1661 1615 1880 1691 hominibus.

716 1739 819 1813 Nunc
843 1740 890 1813 ad
915 1740 1059 1814 literam
1085 1740 1168 1815 dicit
1186 1739 1375 1837 Virgilius:
1393 1742 1437 1813 de
1460 1743 1510 1832 pli
1534 1741 1619 1813 altri
1637 1741 1706 1812 dno
1726 1741 1883 1811 &loono

714 1861 742 1932 il
763 1879 853 1952 copo
869 1862 907 1933 dt
929 1867 1030 1952 sotto,
1056 1880 1123 1955 per
1148 1850 1421 1952 contrarium(¹)
1439 1859 1543 1933 ludae
1559 1859 1695 1934 habent
1712 1857 1821 1953 pedes
1846 1864 1884 1931 et

716 1999 825 2052 crura
852 1977 889 2052 in
922 1998 989 2054 ore
1016 1979 1185 2074 Luciferi,
1215 1985 1253 2054 et
1281 1985 1391 2075 caput
1421 1978 1580 2075 pendens
1613 1977 1774 2072 interius,
1806 1979 1885 2069 puel

716 2102 776 2172 cle
794 2101 908 2192 pende
933 2101 996 2174 dal
1018 2121 1106 2173 nero
1130 2105 1229 2192 cesso,
1248 2098 1350 2193 idest,
1373 2099 1421 2173 ab
1441 2118 1507 2174 ore
1524 2087 1629 2196 nigro
1645 2097 1789 2174 sinistro
1806 2098 1881 2169 Lu-

715 2219 827 2313 ciferi,
853 2213 889 2292 de
913 2225 1035 2293 Bruto.
1062 2220 1106 2293 Et
1122 2220 1179 2294 hic
1200 2225 1285 2293 nota
1301 2209 1338 2312 (³)
1356 2219 1454 2314 quod
1475 2218 1609 2294 Dentes
1633 2217 1679 2292 de
1704 2217 1881 2291 industria

714 2360 787 2414 non
813 2339 990 2435 expressit
1015 2339 1060 2414 de
1086 2361 1160 2435 quo
1186 2340 1300 2414 Bruto
1314 2327 1352 2432 (⁸)
1377 2338 1497 2433 potius
1514 2337 1742 2435 intelligeret,
1761 2345 1804 2411 ut
1820 2357 1882 2412 re·

715 2459 896 2553 linqueret
921 2459 1048 2534 lectori
1074 2460 1195 2534 locum
1215 2459 1437 2554 inquirendi3
1464 2466 1587 2534 tamen
1620 2457 1706 2532 milri
1737 2457 1883 2531 videtur

714 2579 813 2673 quod
837 2579 969 2655 debeat
994 2579 1141 2677 intelligi
1171 2577 1290 2675 p'otius
1322 2579 1368 2654 de
1397 2579 1548 2655 Decimo
1579 2579 1706 2673 Bruto,
1741 2578 1827 2673 quia
1843 2569 1881 2668 (⁵)

715 2699 784 2773 luit
809 2699 1008 2796 ingratior3
1035 2721 1120 2774 nam
1150 2719 1295 2794 semper
1321 2699 1440 2774 luerat
1473 2719 1559 2772 cum
1585 2699 1740 2791 Caesare,
1776 2703 1814 2771 et
1845 2696 1881 2770 in

713 2819 815 2894 bellis
840 2820 1004 2894 civilibus
1021 2827 1058 2895 et
1074 2819 1221 2918 gallicis,
1247 2826 1285 2894 el
1301 2819 1490 2894 Massiliam
1509 2825 1739 2914 oppresserat
1756 2809 1792 2910 (ὓ)
1814 2837 1882 2913 pro

714 2959 776 3034 θος
807 2940 905 3015 unde
930 2939 1123 3016 Saetonius
1152 2939 1197 3014 ad
1234 2939 1462 3036 arguendam
1494 2939 1691 3036 malignam
1729 2937 1883 3034 ingrati-

714 3058 877 3134 tudinem
903 3059 1130 3155 proditorum
1158 3059 1291 3153 scribit,
1318 3059 1417 3154 quod
1443 3059 1558 3152 multi,
1577 3079 1623 3133 ex
1649 3058 1716 3132 illis
1738 3058 1800 3151 qui
1818 3077 1882 3132 oc·

714 3181 881 3254 ciderunt
906 3200 994 3254 eum
1019 3186 1125 3255 erant
1150 3178 1326 3254 nominati
1353 3186 1494 3254 tutores
1519 3177 1579 3252 lilii
1606 3179 1673 3273 sui,
1701 3180 1730 3252 si
1753 3179 1886 3272 aliquis

714 3307 938 3376 nasceretur.
965 3299 1084 3395 Aliqui
1110 3299 1221 3375 etiam
1247 3305 1352 3375 erant
1383 3299 1579 3394 substituti,
1609 3301 1702 3374 sieut
1716 3291 1754 3393 (⁷)
1781 3301 1885 3375 Deci·

713 3444 797 3498 mus
822 3423 959 3496 Brutus
984 3422 1022 3495 in
1047 3427 1266 3502 testamento
1291 3420 1389 3515 quod
1415 3420 1552 3495 lecerat
1572 3420 1697 3517 paucis
1713 3410 1750 3513 (θ)
1776 3441 1883 3496 men-

713 3543 813 3616 sibus
850 3549 935 3616 ante
972 3549 1142 3616 mortem.
1181 3539 1333 3615 Videtur
1369 3540 1477 3614 etiam
1513 3561 1619 3636 posse
1654 3540 1801 3637 intelligi
1837 3540 1883 3615 de

713 3664 757 3736 Μ.
784 3663 910 3756 Bruto,
936 3661 999 3754 qui
1026 3660 1108 3735 licet
1133 3659 1258 3734 suisset
1280 3680 1426 3754 semper
1442 3660 1593 3735 infestus
1610 3660 1746 3738 uaesari
1764 3667 1800 3735 et
1816 3681 1883 3757 ge-

714 3804 781 3859 ner
806 3781 961 3876 Catonis,
989 3787 1112 3855 mmen
1138 3780 1442 3854 clementissimus
1467 3782 1645 3877 princeps,
1671 3783 1733 3875 qui
1761 3782 1881 3856 omni·

714 3905 783 3979 bus
808 3903 1010 3998 ignoverat,
1029 3921 1233 3994 numquam
1254 3901 1381 3975 solitus
1407 3901 1541 3994 ulcisci,
1568 3923 1640 3976 non
1668 3902 1882 3978 merebatur

715 4029 871 4098 mortem
898 4043 920 4095 a
946 4022 1072 4114 Bruto,
1098 4020 1159 4115 qui
1186 4021 1292 4095 venia
1318 4020 1473 4096 donatus
1498 4029 1535 4097 et
1559 4023 1745 4118 provincia
1770 4022 1883 4098 subli-

715 4150 835 4218 matus
847 4133 883 4234 (⁹)
896 4149 962 4216 aut
979 4141 1135 4216 debebat
1151 4141 1328 4216 beneficia
1345 4163 1529 4238 recusare,
1551 4149 1616 4218 aut
1634 4163 1714 4219 esse
1738 4145 1881 4218 amicus

714 4264 813 4357 eius;
839 4269 876 4337 et
901 4262 1061 4357 ipse‘lnil
1079 4261 1284 4356 principalis
1297 4253 1350 4354 (ὀ)
1377 4262 1414 4335 in
1436 4263 1504 4337 ista
1521 4263 1781 4338 coniuratione.
1800 4263 1884 4336 Fuit

714 4381 811 4457 enim
838 4382 894 4457 vir
920 4381 1042 4479 magni
1067 4381 1179 4455 animi
1205 4386 1241 4455 et
1266 4381 1400 4477 ingenii
1430 4382 1573 4476 literati,
1601 4403 1712 4477 quem
1743 4383 1882 4458 Tullius

713 4523 860 4579 summe
894 4502 1128 4578 sommendat
1160 4502 1198 4575 in
1231 4502 1325 4576 libro
1359 4503 1655 4599 Philippicarum,
1691 4511 1880 4601 amquam

713 4663 820 4674 ——nn-

774 4733 802 4795 (¹)
818 4731 849 4782 Β.
864 4731 969 4795 quidam
984 4743 1017 4782 ex
1032 4731 1070 4782 ets
1086 4744 1118 4782 so
1133 4733 1198 4795 ipso.
1354 4729 1381 4794 (’)
1398 4733 1429 4783 E.
1445 4747 1492 4796 per
1508 4734 1679 4795 oonlrarlurn,
1696 4733 1764 4784 uude
1779 4733 1884 4786 aalma

774 4807 802 4871 (”)
818 4808 849 4858 ll.
864 4821 880 4856 e
898 4810 951 4867 llo,
968 4812 1038 4868 nola,
1057 4807 1149 4868 lector,
1165 4807 1245 4872 quod.
1354 4807 1381 4871 (⁶)
1398 4809 1429 4859 ll.
1445 4809 1528 4860 Bruto
1545 4808 1710 4874 intelligeret.

774 4883 802 4948 (⁸)
819 4883 849 4934 E.
865 4885 909 4949 qul
926 4885 983 4936 suit.
1355 4883 1382 4948 (⁸)
1401 4887 1431 4936 lt.
1448 4887 1662 4950 apprehenderat.

773 4959 801 5022 Γ)
816 4959 847 5010 E.
864 4959 931 5011 slent
947 4961 974 5010 ln
989 4961 1065 5012 Brull
1081 4963 1235 5012 munerato
1251 4959 1369 5022 illelmus,
1386 4961 1455 5026 quod
1472 4961 1578 5013 lauerat.

763 5035 801 5176 lg}
817 5039 879 5164 ἓ).
890 5037 1097 5178 mindanll'zind
1131 5115 1183 5165 mn
1354 5035 1383 5098 l’l
1399 5037 1430 5088 ll.
1447 5039 1600 5090 subilmalus
1617 5053 1631 5088 a
1647 5038 1755 5104 &aare
1772 5043 1825 5090 aul.

941 5150 950 5175 ‚
984 5129 999 5164 e
1099 5127 1129 5178 pa
1185 5129 1204 5166 s.
