4550 6844
699 949 838 1006 CANTUS
863 948 1079 1006 anteesmtts
1104 948 1246 1004 PRIMUS.
1487 937 1558 1002 477

390 1095 454 1190 qui
471 1095 604 1170 ductus
619 1101 675 1172 est
691 1095 738 1170 ud
754 1095 971 1192 Scipionem.
988 1094 1121 1168 Laelius
1137 1093 1268 1169 deinde
1283 1093 1559 1187 superveniens,

388 1215 512 1296 audita
538 1235 580 1290 re
604 1216 760 1310 enormi,
785 1216 900 1291 voluit
925 1214 1068 1310 eripere
1082 1207 1119 1306 (¹)
1145 1213 1408 1309 Sophonisbam
1435 1213 1560 1288 Hassi-

389 1334 514 1429 nissae3
540 1336 604 1410 sed
629 1343 780 1433 rogatus
805 1337 854 1411 ab
884 1356 930 1412 eo
962 1334 1165 1411 reservavit
1183 1334 1364 1430 judicium
1389 1334 1557 1430 Scipioni.

387 1455 504 1552 Scipio
530 1456 770 1531 Massinissam
790 1457 837 1532 ad
854 1477 894 1532 se
911 1463 1084 1532 vocatum
1101 1455 1138 1530 in
1156 1461 1300 1532 secreto
1324 1455 1505 1550 increpuit
1517 1445 1555 1546 (²)

387 1575 461 1650 alto
484 1575 621 1670 animo,
647 1597 745 1652 nunc
773 1575 1007 1670 mordaciter,
1033 1595 1131 1650 nnnc
1160 1575 1335 1668 suaviter,
1363 1575 1558 1650 osteudens

388 1696 546 1790 qualiter
571 1698 774 1793 voluptates
799 1696 991 1772 interiores
1020 1693 1125 1772 erant
1153 1695 1354 1770 atrociores
1386 1695 1558 1770 omnibus

389 1817 554 1892 hostibus
579 1817 833 1892 exterioribus.
864 1817 1065 1892 Massinissa
1096 1816 1319 1892 amaricatus
1349 1815 1491 1911 pudore
1521 1825 1559 1892 et

389 1935 516 2010 dolore
540 1935 702 2011 breviter
726 1936 824 2012 misit
849 1956 915 2032 per
941 1935 1055 2012 ddum
1080 1935 1265 2016 nuntium,
1281 1955 1467 2010 venenum
1493 1935 1560 2010 So-

390 2055 586 2151 pbonisbae,
608 2063 650 2130 ut
674 2056 726 2132 sic
749 2077 816 2152 per
837 2063 994 2131 mortem
1013 2055 1186 2132 liberaret
1211 2074 1294 2130 eam
1312 2075 1335 2130 a
1352 2055 1560 2151 captivitate

390 2196 643 2270 romanorum,
664 2175 758 2251 sicul
782 2175 1011 2272 promiserat,
1030 2176 1130 2270 quod
1146 2175 1206 2250 illa
1231 2174 1410 2270 intrepide
1426 2174 1559 2269 hausit,

389 2301 427 2372 et
451 2295 503 2373 sic
527 2295 686 2370 ferocem
713 2294 881 2390 spiritum
907 2295 1036 2370 emisit
1064 2294 1208 2390 Syphax
1239 2300 1366 2370 autem
1398 2294 1454 2368 vir
1480 2295 1560 2369 eius

388 2415 521 2490 ductus
545 2416 702 2489 Romam
727 2435 750 2489 a
774 2415 885 2488 helio
906 2414 1044 2511 positus
1069 2421 1131 2499 est„
1150 2414 1187 2488 in
1212 2433 1363 2490 carcere
1382 2414 1481 2508 apud
1496 2414 1561 2488 Al-

388 2535 474 2611 bam
491 2525 539 2626 li).
566 2534 870 2630 Carthaginenses
894 2541 1021 2610 autem
1046 2534 1212 2610 videntes
1238 2535 1395 2608 Africam
1426 2534 1559 2608 ardere

389 2653 458 2728 sub
471 2653 647 2748 Scipione,
666 2653 760 2728 sicut
776 2653 877 2730 ltalia
893 2660 1037 2730 arserat
1052 2653 1123 2728 sub
1139 2653 1352 2748 Hannibale,
1368 2652 1559 2730 deficiente

388 2771 490 2847 omni
507 2792 582 2867 spe,
599 2772 845 2848 decreverunt
868 2792 1046 2848 revocare
1064 2772 1303 2848 Hannibalem
1314 2792 1369 2875 ‚ex
1385 2771 1497 2866 ltalia,
1515 2777 1560 2845 ut

388 2899 624 2968 succurreret
649 2893 776 2989 patrlae
796 2892 833 2967 in
849 2893 1027 2990 augustiis
1052 2892 1188 2989 positae.
1210 2892 1387 2967 Hannibal
1405 2911 1559 2966 rumore

389 3022 725 3108 rerumgestarum
752 3012 789 3087 in
809 3011 940 3106 Africa,
958 3012 1184 3107 stupefactus
1201 3011 1380 3086 miraculo
1400 3010 1559 3085 fortuma

390 3138 554 3226 mutata,
572 3132 691 3206 stabat
710 3133 747 3206 in
773 3137 942 3208 extremo
959 3132 1096 3228 ungulo
1112 3131 1225 3206 ltallae
1240 3129 1436 3206 orientalis.
1455 3131 1561 3224 Hugo

389 3272 480 3328 vexo
506 3252 619 3326 irater
644 3252 724 3326 eius
749 3251 786 3326 in
811 3257 982 3326 extremo
1006 3253 1144 3348 angulo
1174 3251 1285 3326 ltaliae
1317 3250 1561 3344 occidentalis,

389 3369 526 3446 scilicet
542 3369 579 3444 in
595 3369 762 3466 Liguria,
781 3377 818 3446 et
835 3371 873 3445 in
894 3390 986 3469 agro
1004 3371 1209 3448 insubrium
1228 3358 1265 3464 (⁴)
1283 3391 1450 3468 pugnans
1475 3390 1563 3444 cum

389 3490 552 3566 romanis
581 3491 763 3566 lethaliter
793 3490 1008 3566 vulneratus
1040 3491 1200 3566 recurrit
1224 3491 1271 3566 ad
1297 3511 1414 3586 mare,
1439 3496 1477 3566 et
1501 3509 1563 3564 re-

388 3611 491 3688 diens
520 3611 558 3685 in
587 3609 748 3686 Africam
784 3609 882 3686 circa
914 3609 1117 3686 Sardiniam
1150 3609 1341 3706 expiravit.
1383 3607 1562 3686 Hannibal

388 3750 492 3825 vero,
523 3729 570 3805 ad
600 3730 772 3806 mandata
806 3729 944 3806 reditus
970 3731 1028 3804 sui
1062 3729 1306 3827 ingemiscens
1329 3749 1375 3804 ac
1400 3729 1561 3826 rugiens,

388 3850 592 3925 exercitum
611 3871 720 3924 suum
740 3849 888 3924 reduxit
903 3849 950 3924 ad
968 3869 1101 3942 naves3
1119 3856 1157 3923 et
1176 3869 1275 3924 anno
1294 3855 1399 3924 sexto
1418 3848 1563 3922 decimo

276 4066 281 4076 Ι
389 3974 584 4062 postquam
610 3967 811 4042 intraverat
834 3967 975 4042 ltaliam
1002 3967 1161 4061 recessit,
1189 3966 1333 4042 rediens
1358 3965 1497 4040 tristior
1523 3966 1560 4040 in

390 4087 558 4182 patriam,
584 4106 697 4181 qnam
724 4105 888 4180 unquam
914 4085 1046 4180 aliquis
1070 4084 1179 4160 iverit
1205 4085 1243 4160 in
1269 4084 1435 4179 exHium,
1465 4104 1563 4180 saepe

390 4205 580 4282 reflectens
597 4205 724 4280 oculos
748 4204 796 4280 ad
819 4205 974 4299 ltaliam,
990 4210 1028 4280 et
1044 4204 1231 4300 suspirans
1248 4205 1365 4300 ipsam
1388 4204 1564 4280 excidisse

389 4325 436 4400 de
461 4323 627 4400 lancibus
652 4323 744 4418 eins,
769 4329 807 4398 et
832 4343 872 4400 se
897 4323 1015 4420 ipsum
1042 4325 1193 4420 culpans
1222 4325 1322 4419 quod
1347 4344 1420 4400 non
1446 4322 1566 4399 credi·

390 4445 495 4520 derat
510 4441 659 4520 consilio
678 4442 911 4538 Maharbalis3
930 4450 968 4518 et
984 4443 1122 4540 dolens,
1143 4443 1243 4538 quod
1262 4443 1340 4540 ipse
1361 4443 1439 4518 dux
1459 4443 1566 4518 indu-

390 4570 493 4638 ratus
518 4563 556 4638 in
581 4562 676 4638 beHo
701 4562 796 4638 inter
821 4569 875 4638 tot
894 4562 1065 4639 victorias
1081 4584 1168 4640 suas
1184 4584 1259 4640 non
1276 4564 1457 4640 babuerat
1474 4584 1563 4640 eum

390 4681 556 4756 animum
586 4682 633 4757 ad
661 4682 904 4759 invadendam
935 4684 1104 4778 Romam,
1130 4705 1244 4780 quem
1269 4684 1387 4780 Scipio
1414 4683 1563 4781 juvenis

389 4800 572 4876 babuerat
595 4801 642 4876 ad
666 4802 908 4879 invadendam
937 4804 1207 4901 Carthaginem,
1233 4805 1328 4882 inter
1357 4811 1411 4881 tot
1439 4804 1561 4881 clades

451 4971 478 5034 t¹t
496 4973 526 5024 E·
542 4973 667 5036 minere·
920 4973 948 5037 ι’)
965 4979 1020 5036 ns,
1036 4976 1186 5038 inceptu.

452 5047 480 5110 (¹)
495 5048 527 5100 B.
543 5047 683 5100 attonem.
921 5051 949 5115 θ)
965 5052 996 5102 B.
1011 5051 1200 5104 lumbuxblnxn.
