4534 6842
713 967 1232 1028 clnrusrrersnrnsrnnrns
1499 959 1551 1026 or

379 1113 480 1209 qnod
511 1119 567 1189 est
596 1113 756 1188 multum
781 1113 998 1190 dissolutum
1013 1107 1063 1209 (¹),
1090 1114 1263 1210 quiadiu
1288 1113 1459 1190 discurrit
1484 1135 1551 1212 per

379 1253 495 1328 mare,
519 1234 575 1306 olli
597 1233 722 1306 ribam
745 1235 796 1306 do
816 1237 950 1326 modo,
977 1234 1068 1310 idest
1092 1235 1140 1309 ab
1165 1235 1341 1310 anteriori
1360 1242 1466 1331 parte
1483 1256 1550 1310 na-

378 1352 443 1448 ris,
467 1375 487 1426 e
510 1355 565 1427 olo·
586 1354 637 1425 do
655 1373 790 1446 poppa,
808 1353 899 1430 idest
914 1375 938 1429 a
955 1354 1147 1450 posteriori
1172 1362 1289 1449 parte,
1305 1358 1390 1430 otti
1403 1359 1446 1450 so
1460 1360 1551 1431 renni

377 1478 415 1546 et
432 1475 517 1548 atet
541 1475 640 1564 volpe
667 1479 784 1566 sorte;
815 1471 905 1548 idest
936 1473 1020 1548 iacit
1048 1474 1174 1570 iunes3
1203 1477 1258 1548 oti
1285 1478 1451 1570 nempe
1481 1483 1552 1552 ter·

377 1595 522 1667 zerrwto
545 1597 579 1664 et
602 1594 791 1666 orbmoue:
821 1590 897 1667 dno
927 1611 1066 1689 genera
1091 1595 1271 1668 velorum.
1298 1593 1343 1669 Et
1367 1595 1426 1670 hio
1452 1603 1548 1691 nota,

378 1713 506 1806 lenter,
537 1719 579 1785 ut
610 1711 734 1788 rideas
764 1717 944 1806 quantum
978 1713 1025 1788 sit
1054 1714 1299 1809 propriissime
1325 1715 1549 1810 eomparatio

378 1831 562 1928 predicta,
593 1837 631 1907 et
663 1831 869 1907 mirabilem
901 1833 1127 1928 phantasiam
1158 1835 1309 1930 autoris,
1335 1836 1398 1928 qui
1423 1835 1548 1911 locum

379 1952 490 2027 istum
514 1959 591 2027 tum
616 1952 762 2028 curiose
786 1950 974 2048 descripsit
987 1945 1038 2048 (¹),
1064 1974 1176 2048 quem
1201 1975 1300 2052 saepe
1324 1957 1418 2032 bene
1442 1964 1548 2032 nota-

379 2079 484 2148 verat
508 2073 546 2146 in
560 2072 717 2148 'civitate
749 2070 999 2168 venetiarum,
1025 2079 1062 2150 et
1085 2094 1152 2170 per
1176 2074 1297 2171 ipsum
1323 2076 1427 2152 nobis
1452 2076 1548 2174 ligu-

378 2192 504 2268 raliter
519 2197 758 2288 representat
773 2193 948 2288 generale
972 2198 1010 2268 et
1035 2194 1243 2270 universale
1259 2195 1389 2270 vitium
1402 2197 1549 2271 barata-

378 2315 451 2389 riae.
495 2313 593 2412 Ergo
626 2332 692 2408 per
726 2319 938 2388 arsenarum
972 2313 1132 2412 intellige
1164 2334 1311 2390 omnem
1346 2316 1488 2392 curiam
1508 2307 1545 2410 (³)

375 2433 604 2528 comitatum,
636 2431 713 2507 sive
745 2431 992 2527 dominorum,
1024 2437 1072 2508 et.
1094 2433 1258 2510 maxime
1289 2435 1377 2510 milri
1402 2435 1547 2510 videtur

375 2553 505 2632 vidisse
524 2553 704 2648 optimum
730 2551 941 2648 exemplum
968 2553 1005 2626 in
1030 2553 1134 2628 curia
1158 2575 1272 2651 papae.
1299 2555 1366 2630 Pin
1391 2554 1547 2632 bulliens

378 2675 415 2750 in
438 2679 612 2750 arsenatu
637 2678 693 2748 est
718 2673 902 2748 barataria
919 2693 1003 2768 quae
1020 2671 1138 2750 iervet
1158 2675 1257 2752 inea
1274 2677 1437 2752 maxime
1451 2660 1557 2752 nem-¹

374 2814 466 2890 pore
489 2793 643 2890 hyemis,
675 2792 767 2868 idest
799 2792 1038 2888 adversitatis,
1068 2795 1155 2888 quia
1180 2803 1270 2872 tunc
1294 2796 1456 2874 maxime
1479 2796 1546 2872 ba·

374 2913 500 2988 ratarii
534 2913 712 3007 laborant,
742 2919 780 2988 et
804 2920 1005 3009 procurant
1033 2913 1099 2988 sibi
1124 2916 1281 3011 gratiam
1307 2923 1345 2992 et
1377 2916 1542 2992 levorem

371 3033 607 3110 dominorum
635 3042 673 3110 et
695 3033 916 3128 populorum
943 3033 1090 3127 quando
1114 3033 1249 3111 babent
1274 3041 1428 3110 rentum
1453 3055 1543 3110 oon-

375 3154 544 3249 uarium,
575 3173 645 3230 nee
675 3162 826 3249 possunt
849 3171 1025 3249 prospere
1050 3153 1235 3250 navigare,
1261 3161 1303 3229 ut
1327 3154 1378 3229 sic
1402 3161 1543 3250 postea,

374 3272 591 3348 adveniente
615 3291 705 3348 vere
729 3271 987 3368 prosperitatis,
1004 3273 1163 3348 habeant
1183 3293 1313 3348 eorum
1331 3273 1428 3371 ligna
1446 3274 1542 3350 bene

375 3391 519 3466 firmata
545 3397 581 3467 et
605 3392 713 3468 tortia
737 3400 865 3468 eontra
889 3411 1019 3468 omnes
1043 3393 1201 3489 impetus
1219 3393 1403 3470 undarum
1421 3393 1544 3468 insur-

372 3511 549 3607 gentium.
567 3514 613 3586 Et
628 3512 722 3588 siout
738 3513 777 3587 in
788 3519 962 3588 arsenatu
982 3521 1069 3588 sunt
1083 3502 1121 3606 (⁸)
1139 3519 1286 3590 tottam
1305 3514 1408 3590 varia
1428 3534 1542 3611 opera

372 3637 410 3706 et
425 3633 600 3708 exercitia
620 3633 825 3728 bominum,
841 3633 891 3709 ita
914 3633 951 3708 in
968 3633 1072 3710 curia
1089 3640 1165 3710 tam
1181 3636 1301 3711 multa
1324 3641 1362 3712 et
1385 3643 1461 3711 tam
1487 3637 1544 3712 di·

372 3770 480 3827 versa
501 3751 620 3847 studia
636 3757 674 3828 et
690 3751 1031 3848 officiabominnm,
1048 3754 1113 3848 qni
1133 3774 1263 3832 omnes
1279 3755 1317 3830 in
1332 3757 1451 3854 gradu
1462 3775 1543 3832 suo

371 3880 457 3949 sunt
484 3873 623 3949 solliciti
645 3872 692 3948 ad
717 3872 972 3948 baratandnm·
991 3874 1127 3969 aliquid
1151 3896 1175 3951 a
1201 3896 1336 3974 magno
1366 3877 1542 3975 magistro

369 3993 552 4088 usquead
569 3993 763 4068 minimum
780 3993 1069 4088 mercenarium
1096 3995 1177 4070 ideo
1197 3996 1292 4072 bene
1310 3996 1412 4094 tingit
1430 4004 1544 4074 autor

370 4112 470 4208 quod
481 4112 611 4208 aliquis
624 4112 710 4189 tacit
721 4113 861 4210 lignum
875 4133 1027 4208 novum,
1040 4113 1126 4208 quia
1138 4114 1269 4208 aliquis
1280 4116 1327 4191 de
1339 4134 1435 4191 novo
1452 4135 1538 4190 eum

371 4253 505 4331 magna
525 4243 607 4312 arte
627 4234 965 4330 procuratintrare
989 4233 1144 4329 curiam,
1169 4242 1207 4310 et
1231 4236 1369 4312 babere
1392 4235 1540 4331 aliquod

369 4353 511 4430 bonurn
541 4353 704 4429 officium
738 4373 826 4430 eum
858 4374 934 4448 quo
965 4353 1077 4449 possit
1108 4353 1300 4451 mvigare;
1330 4355 1424 4431 alius
1448 4375 1540 4432 vero

369 4473 497 4550 nititur
530 4471 685 4550 reticere
713 4479 751 4548 et
784 4493 959 4568 reparare
990 4473 1130 4572 liguum
1162 4481 1281 4570 retus,
1306 4474 1405 4570 qnod
1430 4476 1540 4552 babet

371 4592 632 4688 pluresrimas
662 4599 701 4669 et
731 4592 911 4670 foramina
937 4613 985 4670 ne
1007 4593 1254 4670 absorbeatur
1278 4596 1327 4670 ab
1350 4615 1464 4692 aqua3
1490 4596 1540 4672 ita

429 4857 456 4920 υ)
473 4859 527 4918 rra,
544 4856 698 4910 murm.

429 4931 456 4997 t'l
473 4931 504 4984 E.
520 4933 650 4996 duorlblt,
666 4947 745 4999 quem
761 4947 829 5000 rope
845 4938 988 4988 notarent.

428 5009 455 5071 ffl
472 5015 528 5073 tlt,
544 5012 645 5064 eurtum
659 5013 713 5068 rire
729 5013 943 5066 eommunltrteru
959 5012 1135 5067 dominorum.

427 5085 455 5149 (⁸)
471 5085 498 5138 Β.
514 5092 645 5156 muttum
661 5089 820 5146 rath-B.
836 5094 897 5141 arnt
913 5092 1063 5141 toletum
1079 5080 1186 5147 rana..

465 5229 469 5236 .
502 5193 533 5240 n.
1388 5199 1402 5241 'l
