4526 6836
748 960 795 1026 tt
1142 971 1343 1028 conmunmr
1367 971 1516 1026 ruamur

745 1117 917 1214 allegans,
936 1116 1035 1211 qnod
1059 1115 1198 1194 licitum
1216 1122 1296 1191 erat
1313 1115 1436 1190 omnia
1461 1115 1583 1191 iacere
1604 1136 1671 1211 pro
1696 1115 1915 1192 exaltatione

728 1221 931 1333 [ecclesiae3
958 1237 1203 1334 magnificavit
1228 1244 1266 1313 et
1289 1237 1415 1314 ditavit
1440 1257 1587 1312 summe
1615 1257 1711 1312 suos.
1739 1239 1845 1314 Nunc
1869 1237 1916 1313 ad

747 1358 889 1433 literam
914 1343 1208 1432 descendendum
1225 1363 1290 1432 est.
1309 1357 1401 1432 Dicit
1417 1376 1508 1454 ergo
1524 1357 1693 1432 Nicolaus
1711 1357 1914 1433 Boniiacio:

748 1481 803 1553 Se'
816 1485 851 1552 tu
874 1471 904 1552 sl
928 1483 1015 1552 esto
1039 1480 1078 1551 di
1101 1480 1293 1570 qmdooer
1314 1480 1427 1569 saio,
1448 1477 1539 1552 idest
1563 1476 1610 1552 de
1634 1479 1808 1553 thesauro
1836 1497 1915 1552 ma-

747 1618 832 1694 gno,
851 1619 920 1691 per
953 1600 988 1671 lo
1017 1601 1112 1690 quot,
1144 1597 1236 1672 idest
1265 1617 1333 1694 pro
1366 1615 1441 1691 quo
1470 1615 1545 1671 aere
1578 1597 1813 1694 acquirendo,
1844 1619 1914 1671 ooo

748 1719 877 1790 tmoli
900 1722 997 1790 torre
1021 1719 1230 1809 capuano,
1254 1717 1342 1810 quia
1366 1722 1421 1790 tot
1444 1715 1633 1791 fraudibus
1658 1737 1747 1789 usus
1773 1715 1852 1811 fuit,
1872 1723 1916 1790 ut

748 1836 889 1932 audisti,
916 1841 957 1908 ut
981 1837 1140 1931 eriperet
1164 1836 1355 1911 ecclesiam
1381 1835 1428 1911 de
1447 1835 1617 1910 munibus
1633 1835 1829 1931 Coelestini,
1847 1835 1910 1930 qui

748 1963 872 2032 tamen
896 1956 1069 2052 deceptus
1095 1956 1173 2051 luit,
1200 1957 1285 2051 qnia
1314 1957 1430 2052 decipi
1454 1955 1590 2051 roluit;
1615 1956 1702 2050 quia
1731 1955 1827 2030 bene
1850 1975 1916 2031 oo-

748 2077 945 2174 gnoscebat
969 2076 1205 2152 ambitionem
1236 2077 1418 2172 Boniiacii‚
1444 2082 1482 2152 et
1505 2075 1613 2152 cessit
1642 2075 1790 2150 consilio
1822 2077 1914 2171 eius,

748 2202 785 2272 et
809 2198 880 2271 hoc
905 2197 980 2292 ipse
1004 2197 1194 2292 querebat
1222 2207 1260 2274 et
1283 2197 1442 2293 optabat.
1468 2197 1513 2270 Et
1541 2196 1683 2272 etiamsi
1709 2215 1913 2290 numquam

749 2317 946 2414 decepisset
965 2317 1213 2413 Coelestinum,
1229 2323 1371 2392 constat
1386 2310 1435 2412 ι’),
1457 2315 1557 2411 quod
1582 2316 1658 2411 ipse
1683 2315 1821 2411 fraude,
1840 2337 1915 2392 non

748 2442 850 2511 recta
881 2436 950 2529 viu,
985 2435 1150 2530 pervenit
1186 2435 1233 2510 ad
1269 2440 1446 2531 optatum.
1482 2434 1574 2509 Dicit
1604 2455 1718 2531 ergo:
1752 2437 1790 2506 lo
1826 2435 1916 2508 ulto

748 2559 880 2650 dormo,
906 2553 1041 2630 scilicet
1066 2554 1268 2649 ecclesiam,
1289 2575 1373 2649 quae
1398 2561 1455 2630 est
1478 2555 1605 2650 pulcra
1622 2574 1753 2649 spuma
1770 2553 1913 2652 Christi,

743 2678 809 2767 poi
831 2677 869 2748 di
889 2677 995 2770 {orne
1013 2677 1162 2766 suarm,
1182 2675 1316 2752 scilicet
1331 2673 1522 2749 inhoneste
1547 2674 1735 2751 tractando
1761 2697 1857 2770 eam,
1880 2685 1917 2754 et

749 2794 997 2892 prostituendo
1016 2803 1205 2889 umquam
1226 2795 1469 2872 meretricem.
1496 2794 1614 2889 Aliqui
1641 2802 1765 2870 tamen
1790 2794 1915 2871 dicum

749 2915 848 3010 quod
882 2922 1001 3012 potest
1037 2915 1185 3012 intelligi
1218 2915 1264 2992 de
1297 2915 1457 3010 quodam
1491 2915 1673 2990 comitissa
1706 2917 1912 3012 Margarita,

750 3055 862 3130 quam
888 3035 1092 3111 Boniiacius
1118 3035 1261 3110 tradidit
1294 3034 1438 3111 cuidam
1469 3033 1590 3129 nepoti
1624 3054 1717 3129 suo;
1741 3033 1805 3110 sed
1834 3036 1911 3111 sive

749 3156 819 3231 hoc
843 3155 979 3250 fecerit,
1005 3157 1083 3232 sive
1107 3176 1192 3251 non,
1217 3162 1327 3231 autor
1343 3176 1416 3230 non
1433 3155 1595 3250 loquitur
1611 3154 1658 3230 de
1673 3155 1745 3230 alia
1766 3154 1913 3230 domina

749 3295 862 3370 qnam
880 3275 927 3350 de
942 3277 1093 3352 ecclesia
1107 3268 1145 3368 (²)
1170 3296 1236 3371 per
1252 3296 1364 3371 quam
1386 3276 1578 3370 acquisivit
1595 3275 1811 3350 thesaurum
1833 3297 1912 3350 ma-

748 3415 931 3492 gnum-
949 3398 1021 3468 Tol.
1040 3396 1105 3468 Hic
1120 3402 1229 3469 autor
1246 3396 1360 3492 tangit
1376 3396 1638 3490 contusionem,
1657 3416 1769 3491 qnam
1786 3396 1911 3471 incur-

751 3516 797 3589 rit
822 3535 868 3589 ex
894 3513 1127 3610 responsione
1147 3513 1241 3587 illius
1258 3514 1404 3610 spiritus
1421 3515 1678 3620 impertinente
1695 3515 1774 3609 sihi,
1791 3522 1829 3592 et
1844 3517 1914 3591 hoc

749 3653 818 3730 per
841 3633 1150 3729 comparationem
1176 3632 1223 3708 de
1242 3653 1282 3708 se
1303 3633 1550 3728 manifestam3
1572 3634 1671 3711 unde
1686 3634 1791 3710 dicit:
1808 3639 1844 3712 io
1860 3657 1915 3710 me

748 3755 818 3847 [eri
833 3756 894 3844 tol,
914 3750 1006 3827 idest
1027 3752 1075 3826 ita
1095 3752 1278 3848 oonirrsus,
1298 3757 1381 3846 quoi
1395 3775 1461 3827 son
1477 3758 1575 3828 color
1591 3757 1652 3828 clu
1666 3762 1793 3830 surore
1813 3759 1914 3849 quud

750 3874 918 3964 nonnuli,
944 3872 1045 3946 velut
1069 3872 1099 3946 si
1124 3873 1276 3966 loquens
1301 3871 1550 3948 ludificaretur
1576 3895 1650 3970 eos,
1670 3897 1739 3969 per
1763 3897 1837 3949 noo
1860 3879 1916 3949 io-

750 3994 869 4066 teuder
892 3983 946 4065 oid
970 3985 1071 4066 ct'de
1096 3995 1152 4066 lor
1176 3996 1339 4087 ήεροειο,
1365 3994 1451 4089 quia
1480 3995 1614 4070 scilicet
1648 3996 1835 4092 responsio
1859 3995 1916 4071 vi·

750 4110 858 4186 detur
874 4111 1023 4188 omuino
1040 4113 1158 4189 aliena
1174 4115 1222 4192 ab
1237 4113 1535 4211 interrogatione,
1553 4122 1591 4189 et
1607 4114 1708 4190 ideo:
1729 4117 1915 4208 wonder

749 4251 820 4304 ooo
843 4253 966 4305 soooo.
994 4232 1037 4306 lit
1066 4233 1165 4329 ponit
1190 4233 1352 4309 subitum
1378 4236 1567 4309 consilium
1593 4235 1740 4332 Virgilii,
1766 4235 1912 4311 dicens:

750 4353 843 4424 altor
879 4354 1035 4443 Virgilio,
1065 4352 1189 4428 videns
1215 4373 1276 4427 me
1306 4359 1406 4428 stare
1430 4355 1480 4429 ita
1505 4373 1735 4451 suspensum,
1761 4355 1910 4431 tacitum

750 4475 787 4545 et
825 4475 984 4566 mutum,
1018 4474 1132 4544 dese:
1168 4475 1249 4546 dalle
1284 4481 1386 4567 welo,
1416 4494 1464 4549 ne
1494 4476 1625 4570 perdas
1659 4483 1816 4580 tempus,
1842 4499 1915 4552 rtoo

750 4611 816 4664 sort
844 4595 946 4683 colui,
983 4611 1054 4664 ooo
1091 4613 1156 4666 coo
1192 4596 1282 4670 colui
1317 4597 1376 4670 olle
1412 4598 1520 4689 medi,
1549 4597 1653 4691 quasi
1684 4598 1802 4674 dicat:
1839 4619 1912 4674 non

749 4732 833 4786 sum
858 4711 1074 4806 Bonilacius,
1100 4713 1164 4806 qui
1190 4735 1263 4790 non
1295 4723 1349 4790 est
1378 4715 1498 4792 adhuc
1530 4723 1711 4812 mortuus,
1736 4718 1800 4795 sed
1829 4740 1911 4793 sum

750 4855 847 4909 unns
873 4833 991 4929 vivus,
1007 4854 1080 4909 non
1105 4833 1342 4930 simoniacus,
1368 4835 1450 4910 ideo
1474 4855 1551 4911 non
1573 4837 1655 4912 reni
1681 4838 1754 4912 huo
1770 4838 1817 4912 ad
1834 4859 1913 4936 poe·

811 5087 839 5150 l'l
855 5085 886 5136 R
902 5085 1041 5138 wmuuu.
1419 5087 1489 5152 (ps
1508 5089 1616 5141 omnen
1632 5089 1688 5142 nu.
