4550 6844
724 959 796 1036 480
1122 973 1327 1040 conandum
1352 985 1504 1039 rurunru

724 1132 933 1201 evaserunt.
959 1126 1058 1202 luter
1082 1127 1244 1222 captivos
1269 1125 1419 1204 luerunt
1443 1125 1637 1204 duodecim
1663 1125 1894 1224 elephantem

724 1265 794 1321 uec
817 1253 942 1321 umen
969 1247 1112 1321 romani
1139 1248 1348 1323 habuerunt
1377 1249 1484 1324 istam
1513 1247 1704 1323 victoriam
1734 1247 1897 1324 felicissi-

724 1386 824 1441 mam
844 1365 922 1440 siue
939 1366 1135 1463 sanguine3
1152 1389 1239 1443 uam
1256 1368 1384 1444 decem
1403 1368 1516 1444 millia
1537 1387 1632 1443 caesa
1648 1360 1685 1459 (¹)
1703 1374 1798 1442 sunt.
1817 1369 1898 1466 lpse

723 1485 799 1559 dux
826 1485 1005 1559 llannihal
1024 1485 1137 1582 prius,
1155 1486 1327 1563 omnihus
1352 1487 1510 1582 tentatis,
1529 1486 1677 1562 taudem
1699 1505 1786 1560 cum
1804 1509 1899 1583 pau·

723 1605 775 1680 cis
802 1605 951 1680 recessit
976 1627 1022 1681 er
1049 1607 1190 1702 proelio,
1216 1614 1253 1683 et
1284 1608 1544 1705 Carthaginem
1570 1607 1733 1701 veniens,
1759 1626 1898 1683 convo-

723 1731 807 1800 cato
824 1725 984 1820 consilio,
1005 1727 1190 1823 protessus
1215 1734 1271 1803 est
1295 1747 1336 1802 se
1360 1727 1511 1823 victum,
1532 1747 1607 1802 non
1627 1727 1746 1801 solum
1765 1729 1897 1823 proelio

723 1845 785 1920 sed
812 1845 918 1921 hello.
946 1847 1348 1944 Carthaginensesideo
1365 1847 1411 1924 de
1430 1847 1581 1922 oonsilio
1598 1847 1808 1922 Hannibalis
1824 1848 1895 1922 mi-

722 1971 852 2040 serunt
875 1967 1015 2062 legatos
1039 1965 1085 2040 ad
1112 1965 1317 2062 Scipionem
1341 1988 1409 2062 pro
1427 1985 1519 2061 pace
1537 1966 1703 2061 petenda.
1722 1965 1840 2062 Scipio
1857 1974 1895 2042 et

723 2087 781 2161 sui
807 2093 913 2162 erant
936 2086 1127 2184 proniores
1151 2087 1198 2162 ad
1224 2087 1368 2162 ruinam
1391 2085 1619 2183 Carthaginis
1636 2105 1747 2181 quam
1765 2086 1813 2161 ad
1828 2105 1895 2181 pa·

722 2228 825 2303 cem3
852 2213 977 2282 tamen
1007 2207 1240 2282 considerans
1270 2213 1450 2302 quantum
1483 2205 1617 2282 laboris
1650 2213 1688 2282 et
1719 2207 1894 2303 temporis

723 2333 819 2402 esset
844 2325 982 2400 ohsidio
1007 2331 1082 2400 tam
1108 2326 1264 2422 potentis
1291 2325 1402 2421 urhis,
1429 2331 1466 2400 et
1491 2325 1650 2401 sentiens
1679 2325 1778 2420 quod
1807 2325 1892 2399 novi

723 2447 892 2522 consules
917 2445 1018 2520 Titus
1043 2444 1215 2520 Claudius
1239 2452 1278 2520 et
1302 2445 1493 2521 Cornelius
1517 2445 1693 2519 Lentulus
1717 2463 1894 2540 procura-

723 2567 812 2642 hant
836 2565 1035 2640 succedere
1061 2565 1098 2638 io
1123 2565 1246 2640 locum
1264 2565 1356 2659 eius,
1376 2572 1417 2640 ut
1435 2565 1665 2660 perciperent
1683 2564 1824 2642 tructus
1840 2570 1894 2640 tot

723 2695 762 2762 et
787 2692 976 2759 tantorum
1002 2685 1185 2780 laborum,
1206 2684 1390 2759 inclinavit
1414 2683 1579 2759 animum
1598 2685 1644 2760 ad
1662 2705 1802 2780 pacem.
1821 2685 1893 2760 lle-

723 2805 773 2879 dit
798 2795 961 2902 igiturl¹l
989 2823 1118 2899 pacem
1143 2803 1483 2901 carthaginensibus
1507 2804 1555 2879 de
1570 2805 1760 2880 voluntate
1777 2805 1893 2880 Sena-

722 2931 782 2998 tus
808 2931 845 3000 ct
861 2923 985 3020 populi
1011 2923 1155 2999 romani
1172 2943 1259 2998 curn
1277 2924 1543 2999 conditionibus
1560 2923 1684 2998 multis
1690 2948 1701 3018 5
1727 2931 1770 2997 ut
1789 2925 1893 2999 vive-

655 3101 665 3115 .
722 3055 806 3122 rent
822 3046 897 3120 suis
913 3044 1067 3142 legibus,
1086 3050 1128 3117 ut
1143 3044 1274 3120 darent
1288 3064 1418 3120 omncs
1436 3065 1548 3120 naves
1566 3049 1740 3118 rostratas
1756 3049 1892 3139 proeter

720 3166 862 3260 decem,
879 3171 916 3241 et
936 3165 1146 3259 elephantes
1162 3164 1339 3259 domitos;
1358 3164 1553 3240 indomitos
1568 3183 1660 3239 vcro
1676 3162 1890 3257 domarcut;

721 3286 864 3360 nullum
889 3285 1026 3360 bellum
1053 3283 1217 3359 iacerent
1241 3285 1299 3358 vel
1326 3291 1520 3360 moverent
1535 3284 1615 3359 sine
1635 3283 1807 3359 mandato
1823 3303 1891 3378 po-

719 3405 795 3502 puli
825 3404 990 3498 romani;
1020 3403 1148 3479 decern
1184 3403 1294 3477 millia
1325 3405 1548 3488 talentorum
1582 3403 1731 3478 nomine
1765 3401 1890 3476 tributi

720 3525 909 3600 annuatim
936 3523 1076 3616 darent,
1095 3529 1132 3596 et
1158 3523 1274 3596 multa
1298 3522 1379 3597 alia.
1398 3525 1474 3597 Pax
1494 3523 1607 3619 igitur
1623 3521 1708 3596 data
1732 3527 1788 3596 est
1807 3542 1891 3595 car-

720 3641 994 3738 thaginensibus
1007 3661 1104 3715 anuo
1117 3639 1260 3715 decimo
1273 3641 1428 3735 septimo
1445 3649 1526 3737 post
1545 3640 1762 3736 principium
1781 3641 1891 3714 huius

720 3761 806 3838 belli
830 3757 972 3857 etpost
997 3759 1107 3834 finem
1134 3759 1244 3833 huius
1268 3759 1353 3835 helli
1380 3779 1479 3835 auno
1508 3758 1815 3856 quadragesim03
1840 3759 1890 3832 ita

721 3879 820 3978 quod
845 3881 941 3958 inter
965 3879 1127 3975 primum
1153 3879 1291 3953 hellum
1317 3879 1494 3974 punicum
1520 3879 1677 3973 finitum,
1698 3883 1736 3953 et
1760 3897 1892 3953 secun-

719 4001 810 4075 dum
836 3991 1048 4075 inchoatum
1074 3999 1226 4074 luerunt
1249 3999 1334 4074 anni
1353 3999 1478 4097 viginti
1499 4005 1671 4094 quatuor.
1689 3999 1734 4075 Et
1749 3997 1808 4072 hic
1825 3997 1891 4072 luit

721 4121 801 4195 finis
827 4120 977 4196 secundi
1001 4119 1086 4194 helli
1103 4119 1238 4214 punici,
1257 4139 1333 4213 quo
1353 4121 1498 4194 nullum
1515 4138 1682 4212 unquam
1707 4117 1891 4213 periculo·
1943 4213 1947 4222 Ι

720 4241 796 4315 sius
817 4241 894 4317 luit.
915 4242 1018 4315 Tunc
1034 4240 1151 4335 Scipio
1169 4241 1268 4314 illam
1287 4240 1440 4314 classem
1463 4239 1795 4336 carthaginensium
1814 4244 1890 4312 ter-

720 4361 864 4436 rihilcm
888 4361 1029 4435 cunctis
1045 4360 1212 4434 litoribus
1231 4358 1314 4433 iecit
1331 4358 1473 4434 incendi
1490 4365 1577 4433 ante
1593 4359 1719 4433 oculos
1735 4357 1890 4430 civitatis

714 4483 822 4578 juxta
853 4481 1010 4555 formam
1043 4484 1250 4574 pactorum,
1279 4497 1366 4552 cum
1397 4477 1528 4552 maiori
1553 4476 1681 4552 dolore
1708 4472 1888 4567 omnium,

720 4620 833 4694 quam
858 4599 889 4672 si
914 4597 1085 4672 vidissent
1109 4603 1223 4672 totam
1242 4597 1500 4692 Carthaginem
1526 4596 1587 4669 illo
1610 4595 1694 4691 igne
1711 4593 1889 4688 cremari3

721 4719 931 4815 quingente
956 4737 1067 4792 nares
1092 4716 1203 4791 luisse
1228 4715 1451 4791 referuntur.
1479 4715 1597 4810 Scipio
1622 4713 1782 4808 tandem,
1799 4733 1889 4808 pace

720 4850 820 4917 terra
841 4839 1011 4934 marique
1027 4845 1143 4937 parta,
1162 4857 1334 4914 reversus
1353 4843 1410 4913 est
1426 4837 1463 4911 iu
1481 4835 1652 4930 Siciliam,
1670 4841 1707 4911 et
1723 4833 1807 4910 inde
1824 4853 1890 4930 per

784 5097 813 5162 ζ’)
829 5098 860 5149 lt
876 5099 936 5150 cust
952 5103 1019 5151 suut.
1268 5097 1296 5162 (¹)
1314 5104 1359 5151 lid
1375 5112 1391 5151 ο
1407 5099 1438 5150 ll.
1456 5099 1534 5165 igitur
1549 5097 1635 5163 Sclplo
1650 5109 1749 5161 pacem.
