4606 6840
739 897 877 956 CANTUS
901 900 1091 956 wensinus
1113 901 1279 968 QUINTUS.
1525 889 1595 960 239

428 1039 610 1116 admissus
633 1041 680 1118 ad
705 1043 870 1120 militiam
887 1065 1006 1140 suam,
1026 1045 1332 1140 contemplatione
1345 1045 1593 1140 quorumdam

427 1181 560 1258 regum
585 1163 804 1258 amicorum,
825 1172 862 1240 et
881 1165 1003 1242 statim
1030 1176 1125 1244 esset
1149 1166 1398 1262 deprenensus
1423 1167 1460 1242 in
1485 1167 1594 1262 tnrtc,

425 1300 549 1374 aquo
575 1302 649 1358 non
673 1290 817 1378 poterat
841 1285 1035 1380 abstinere,
1061 1286 1230 1380 quesivit
1257 1286 1463 1362 Alexander
1486 1309 1509 1360 a
1536 1307 1597 1361 re·

425 1401 544 1497 gibus,
569 1424 731 1496 quornm
762 1404 880 1501 gratia
913 1413 1149 1500 promoverat
1179 1407 1294 1501 illum,
1328 1406 1427 1501 qnod
1460 1407 1597 1502 snppli-

425 1521 525 1596 cinm
550 1523 702 1598 daretur
722 1523 866 1598 furibus
881 1525 979 1620 apud
996 1546 1083 1621 eos;
1101 1533 1241 1602 etcum
1262 1527 1310 1602 illi
1327 1527 1597 1622 respondissent

425 1643 525 1738 qnod
549 1663 661 1718 cruce
685 1644 916 1740 punirentur,
933 1646 1055 1724 statim
1081 1667 1168 1722 eum
1192 1667 1239 1724 er
1264 1667 1403 1724 eorum*
1414 1647 1594 1722 sententia

425 1763 614 1838 crucifixit
629 1768 731 1838 -Lt
754 1768 848 1838 otti.
875 1766 939 1840 llic
964 1773 1073 1841 antor
1102 1767 1269 1863 ostendit,
1296 1767 1481 1862 quomodo
1506 1765 1592 1840 socii

424 1885 529 1960 istius
552 1884 672 1981 angeli
698 1885 950 1962 condoluerint
964 1882 1001 1978 (¹)
1031 1886 1078 1962 de
1109 1887 1177 1962 ista
1209 1888 1339 1962 infelici
1371 1891 1594 1962 transmuta-

425 2007 534 2102 tione,
559 2006 705 2082 diocns:
731 2009 757 2080 ti
781 2009 865 2080 atet
888 2009 960 2098 dut,
986 2007 1122 2082 scilicet
1150 2007 1278 2082 Rosius
1303 2015 1341 2083 et
1369 2007 1514 2102 Pucius,
1539 2009 1593 2080 rt-

423 2129 672 2219 puardnoono‚
696 2127 832 2201 scilicet
855 2126 962 2200 istam
986 2127 1199 2203 horribilem
1220 2127 1591 2221 transformationem,

423 2250 628 2320 edoscnno
652 2249 825 2338 pridocm
850 2242 940 2338 cord,
966 2246 1069 2341 idest,
1095 2249 1169 2324 bon
1194 2249 1303 2323 mibi!
1325 2248 1429 2342 quasi
1453 2247 1591 2324 diceret

422 2367 610 2442 dolenter:
637 2387 721 2461 quae
747 2366 969 2442 verecundia
994 2375 1050 2442 est
1074 2367 1170 2442 ista?
1196 2371 1309 2459 donet
1323 2389 1418 2442 conte
1440 2375 1469 2442 to
1495 2369 1590 2459 mod,
1621 2397 1627 2404 ·

423 2487 527 2582 qnasi
552 2487 663 2562 dicat:
680 2507 794 2580 qnam
812 2487 1021 2582 vituperosa
1038 2493 1092 2562 est
1109 2489 1177 2562 ista
1195 2489 1361 2565 mutatio!
1382 2488 1484 2563 Unde
1504 2491 1591 2560 nota

424 2607 524 2700 quod
549 2608 606 2682 isti
632 2607 719 2682 socii
744 2608 802 2682 tric
819 2607 942 2684 dolent
965 2607 1012 2684 de
1035 2609 1199 2704 infamia,
1217 2631 1303 2684 nam
1328 2629 1446 2706 genus
1462 2609 1588 2684 furum

422 2734 477 2802 est
496 2728 597 2822 juste
621 2729 792 2803 omnibns
816 2728 997 2822 odiosum,
1023 2729 1109 2821 quia
1140 2731 1238 2804 ultra
1263 2730 1298 2804 id
1323 2730 1422 2823 quod
1447 2740 1503 2806 est
1526 2750 1591 2823 pe-

421 2847 543 2922 stilens
568 2855 623 2924 est
648 2848 811 2922 manime
835 2848 923 2941 vile3
945 2847 1043 2922 unde
1068 2848 1248 2922 violentus
1272 2853 1328 2923 est
1353 2848 1474 2922 minus
1499 2848 1591 2924 infa-

423 2966 491 3040 mis
516 2988 629 3062 quarn
655 2967 732 3061 firr;
758 2967 840 3042 ideo
871 2967 1050 3042 violentus
1082 2967 1198 3063 magis
1228 2967 1449 3042 assimilatur
1480 2968 1588 3062 leoni,

421 3088 482 3164 fur
513 3109 603 3166 vero
636 3087 1038 3183 raimalastum
1070 3086 1208 3160 Tullius
1242 3087 1334 3160 libro
1368 3087 1586 3162 officiorum.

421 3209 550 3284 Nullus
575 3229 666 3305 ergo
690 3213 807 3303 potest
831 3206 994 3282 inclinari
1019 3199 1066 3280 ad
1092 3206 1245 3299 furtum,
1271 3205 1338 3278 nisi
1367 3225 1414 3280 ex
1440 3226 1586 3280 summa

419 3328 533 3403 animi
568 3329 722 3422 vilitate3
751 3328 834 3403 ideo
866 3327 961 3402 bene
994 3325 1167 3420 praefatus
1203 3323 1408 3400 Alexander
1438 3324 1587 3418 juvenis

420 3449 593 3546 egregius
606 3455 748 3526 tantum
765 3448 891 3522 odium
905 3447 1032 3520 babuit
1048 3447 1094 3520 ad
1111 3446 1223 3539 fures,
1236 3445 1336 3540 quod
1353 3444 1382 3520 si
1395 3444 1456 3519 fur
1473 3444 1587 3519 inter·

417 3568 507 3642 dnm
522 3569 811 3666 praesentabatur
828 3566 1038 3662 conspectui
1055 3566 1147 3659 eius,
1161 3563 1272 3661 digito
1289 3564 1436 3640 volebat
1454 3583 1589 3640 eruere

418 3689 485 3762 sibi
510 3691 661 3764 oculum
684 3680 738 3782 (²),
756 3693 793 3764 et
817 3687 867 3762 ita
892 3685 1149 3783 indignabatur
1170 3692 1299 3760 contra
1320 3686 1420 3779 talos,
1439 3684 1584 3778 quodsi

418 3829 483 3884 eos
500 3809 656 3903 videbat,
676 3809 800 3902 aliquo
821 3827 922 3902 casu,
939 3806 1208 3883 accendebatur
1223 3796 1259 3898 (³)
1279 3812 1355 3879 tam
1373 3825 1502 3880 amara
1518 3804 1585 3898 ira,

419 3929 519 4023 quod
544 3928 739 4022 aliquando
768 3927 869 4002 risus
898 3932 954 4001 est
982 3944 1157 4001 evomere
1181 3925 1343 4000 coleram
1374 3931 1451 4000 toto
1479 3923 1585 3998 vultu

416 4048 641 4144 ardescente,
668 4050 718 4123 ita
743 4054 784 4122 nt
809 4047 896 4122 nibil
926 4045 1026 4139 loqui
1055 4052 1193 4140 posset,
1219 4064 1309 4119 rere
1340 4044 1468 4118 nobilis
1494 4045 1586 4118 indi-

416 4169 541 4264 gnatio
556 4158 592 4260 (⁴)
606 4169 776 4265 generosi
793 4167 916 4262 animi,
930 4172 967 4242 et
980 4165 1097 4260 turpis
1115 4165 1234 4240 vilitas
1251 4164 1390 4257 furum,
1404 4185 1488 4258 qum
1505 4166 1586 4240 viro

414 4288 499 4366 forti
524 4295 561 4366 et
585 4289 730 4364 sublimi
756 4293 830 4362 tam
857 4286 977 4362 subito
994 4304 1173 4362 nauseam
1193 4283 1426 4380 provocabat
1441 4321 1491 4338 -
1506 4273 1583 4356 th.

415 4409 480 4484 llic
503 4416 613 4484 autor
637 4409 753 4503 posita
770 4406 1090 4482 transformatione
1105 4405 1196 4480 furis
1213 4403 1447 4503 ingenerati,
1470 4403 1586 4500 speci·

415 4528 499 4604 tioat
522 4528 681 4604 formam
708 4527 1035 4603 transformationis
1061 4527 1099 4601 in
1123 4525 1279 4621 speciali,
1305 4526 1446 4602 dicens:
1471 4527 1497 4600 tt
1520 4527 1586 4598 duc

414 4652 508 4742 capt,
525 4649 672 4744 scilicet,
693 4649 849 4724 bominis
874 4655 911 4724 et
936 4647 1124 4744 serpentis,
1150 4637 1212 4738 oid
1235 4669 1325 4722 mon
1349 4650 1501 4722 dtvcnnti
1522 4667 1584 4740 oo,

416 4768 564 4864 scilicet,
589 4775 710 4864 caput,
734 4771 876 4862 mondo
901 4771 968 4842 duc
988 4770 1103 4860 fiper
1127 4769 1237 4859 miste,
1262 4767 1409 4862 scilieet,
1435 4787 1586 4864 serpen·

476 4957 504 5018 (¹)
519 4955 546 5006 S.
561 4971 577 5007 e
592 4955 623 5007 li.
636 4956 835 5008 condoluerunt.
1023 4951 1050 5014 (b
1066 4951 1097 5001 Ε.
1113 4950 1228 5012 oculum,
1244 4953 1279 5002 tta
1294 4952 1364 5015 qnod
1379 4951 1566 5016 indignabatur.

476 5029 981 5097 (battancenndobntnrumm
1022 5027 1356 5094 flbtndtgnattonlmt.
