4606 6840
731 959 801 1025 228
1129 965 1331 1022 cormuruu
1356 965 1506 1022 nursam

728 1133 860 1210 grece,
887 1111 984 1207 quod
1010 1111 1120 1187 latine
1148 1113 1281 1188 dicitur
1309 1113 1410 1204 fides,
1439 1109 1538 1184 unde
1568 1109 1776 1204 Pistorium,
1807 1108 1898 1184 idest

729 1234 842 1309 fidelis
866 1235 1010 1326 civitas3
1036 1244 1114 1310 tum
1142 1234 1229 1326 quia
1245 1225 1281 1323 (¹)
1308 1232 1337 1306 si
1363 1232 1552 1324 Satustius‚
1578 1230 1707 1304 nobilis
1738 1237 1775 1305 et
1801 1229 1899 1305 veri-

727 1354 830 1428 dicus
855 1354 1059 1448 historicus,
1086 1354 1149 1447 qui
1176 1354 1298 1430 ssoruit
1322 1360 1489 1447 tempore
1514 1351 1585 1444 ilio,
1610 1371 1683 1424 non
1708 1351 1899 1444 mentitur,

728 1476 852 1548 nuilus
878 1475 1155 1549 coniuratorum
1181 1475 1297 1549 evasit
1321 1475 1368 1548 ah
1398 1474 1458 1548 illo
1487 1472 1668 1546 conflictu.
1695 1472 1780 1546 Ideo
1804 1472 1898 1566 dicO,

729 1595 829 1690 quod
852 1602 962 1670 autor
988 1595 1066 1670 vult
1090 1595 1236 1670 dicere:
1261 1600 1455 1689 postquam
1489 1600 1528 1667 tu
1560 1592 1755 1667 Pistorium
1788 1612 1899 1667 ence-

728 1715 845 1790 disin
871 1717 942 1790 tuis
967 1715 1107 1790 civibus
1133 1714 1317 1790 modernis
1342 1715 1517 1789 malitiam
1549 1721 1700 1787 tuorum
1729 1713 1901 1808 antiquo-

731 1857 816 1909 rum
842 1835 989 1930 civium‚
1016 1842 1054 1910 et
1078 1843 1179 1910 certe
1211 1834 1306 1909 istud
1336 1835 1414 1909 sere
1446 1833 1575 1908 accidit
1600 1832 1771 1907 omnibus
1796 1833 1901 1906 urhi-

730 1957 963 2050 hosmundi,
990 1956 1065 2030 imo
1098 1963 1175 2030 toto
1208 1955 1300 2049 orbi,
1327 1954 1425 2048 quod
1455 1953 1622 2028 moderni
1646 1959 1733 2028 sunt
1756 1951 1900 2048 peiores

729 2077 899 2172 antiquis,
925 2077 1019 2150 sicut
1044 2076 1145 2151 Titus
1170 2075 1292 2149 Livius
1317 2075 1402 2150 dicit
1429 2074 1476 2149 de
1509 2073 1671 2149 romanis
1701 2073 1738 2146 in
1768 2073 1901 2166 prohe-

730 2198 817 2290 mio,
844 2203 881 2272 et
905 2198 1039 2271 Dantes
1065 2196 1161 2270 idem
1192 2196 1277 2270 dicit
1310 2195 1356 2270 de
1388 2195 1588 2272 florentinis
1617 2192 1777 2268 Paradisi
1802 2191 1901 2288 capi-

731 2319 809 2392 tulo
848 2318 946 2412 xv13
981 2323 1019 2392 et
1051 2317 1210 2413 assignat
1244 2337 1395 2392 causam
1425 2317 1535 2411 justae
1571 2314 1760 2388 invectivae
1794 2313 1898 2388 iactae

730 2443 859 2512 contra
884 2437 1091 2532 pistorium,
1118 2437 1204 2531 quia
1229 2437 1265 2510 in
1291 2442 1367 2511 tota
1384 2437 1530 2512 civitate
1550 2434 1715 2510 infernali
1742 2455 1814 2508 non
1841 2454 1901 2508 re-

731 2558 826 2652 perit
840 2556 954 2631 atium
974 2557 1140 2652 spiritum
1159 2563 1233 2631 tam
1256 2557 1457 2651 superbum
1479 2563 1516 2631 et
1537 2562 1793 2630 contumacem
1812 2575 1900 2628 cou-

732 2682 788 2750 tra
814 2677 945 2770 Deum,
971 2676 1065 2750 sicut
1090 2676 1200 2749 istum
1228 2677 1346 2751 civem
1372 2677 1634 2772 pistoriensem.
1668 2675 1760 2749 Dicit
1789 2694 1899 2770 ergo:

732 2815 803 2892 ego
836 2817 907 2870 noa
941 2800 1013 2870 oidt
1041 2800 1151 2889 sparto
1177 2803 1273 2870 tanto
1297 2798 1446 2890 superbo
1469 2800 1507 2870 io
1533 2800 1615 2886 Dio,
1641 2793 1743 2889 idest,
1774 2801 1901 2870 contra

732 2917 863 3010 Deum,
877 2937 945 3009 per
974 2920 1049 2990 tutti
1067 2919 1080 2989 i
1096 2919 1210 2989 ceroti
1223 2920 1318 2990 socri
1336 2919 1576 3010 deltinseroo:
1603 2914 1701 2988 unde
1717 2935 1764 2989 ex
1782 2913 1903 2988 omni-

733 3036 802 3110 bus
827 3036 922 3111 elicit
939 3029 974 3129 (²)
1004 3059 1121 3110 unum
1146 3037 1413 3132 superbiorem,
1439 3038 1499 3111 cui
1526 3035 1634 3131 possit
1663 3035 1774 3111 istum
1800 3056 1903 3109 com-

733 3177 876 3251 parare,
901 3156 1048 3232 dicens:
1074 3179 1147 3231 non
1172 3162 1297 3249 quello,
1323 3158 1457 3232 scilicet
1488 3159 1697 3252 Capaneum
1729 3155 1801 3230 vidi
1827 3163 1903 3228 tam

734 3279 947 3372 superbum,
974 3280 1033 3350 cte
1056 3283 1215 3352 caudeo
1256 3280 1339 3352 Tabe
1362 3275 1422 3370 pro
1446 3281 1509 3352 dot
1539 3281 1643 3368 mart,
1669 3276 1755 3370 quia
1781 3275 1905 3349 fulmi-

734 3403 841 3471 natus
866 3403 921 3472 est
937 3419 960 3472 a
977 3398 1067 3472 Jove
1084 3399 1130 3474 de
1148 3399 1264 3471 muris
1280 3399 1489 3473 Thebarum
1512 3419 1595 3472 cum
1616 3402 1761 3470 tonaret
1778 3395 1904 3470 insane

734 3517 855 3592 verbis
880 3524 1007 3592 contra
1021 3509 1058 3610 (³)
1087 3540 1186 3612 eum,
1212 3519 1306 3593 sicut
1330 3520 1437 3614 plene
1461 3518 1687 3593 declaratum
1713 3525 1768 3592 est
1792 3536 1904 3610 supra

734 3637 892 3731 capitulo
927 3639 1030 3712 Xilll.
1067 3639 1102 3712 Si
1144 3660 1234 3736 ergo
1267 3641 1456 3734 Capaneus
1495 3639 1562 3712 suit
1597 3637 1904 3734 pertinacissimus

734 3765 968 3853 contemptor·
989 3761 1156 3852 deorum,
1184 3761 1231 3834 ita
1259 3761 1354 3854 quod
1379 3761 1590 3832 fulminatus
1609 3759 1728 3832 adhuc
1746 3759 1902 3850 screbat,

734 3887 770 3954 et
795 3881 937 3956 Vannes
963 3889 1043 3956 erat
1067 3883 1259 3977 superbior
1277 3902 1333 3976 eo,
1351 3882 1446 3956 bene
1463 3883 1629 3974 sequitur
1656 3880 1753 3974 quod
1780 3881 1902 3953 nuilus

735 4008 815 4076 erat
847 4002 913 4076 sibi
943 4024 1009 4099 par
1043 4003 1079 4076 in
1110 4003 1280 4097 superbia
1307 4003 1343 4075 in
1374 4009 1450 4077 toto
1475 4002 1626 4076 inferno.
1657 4001 1701 4072 Et
1735 3999 1786 4072 sic
1818 4005 1904 4072 nota

735 4121 834 4216 quod
858 4128 967 4196 autor
993 4123 1029 4196 in
1050 4123 1118 4197 ista
1135 4124 1252 4218 prima
1270 4121 1390 4218 specie
1409 4123 1550 4213 iurum,
1567 4121 1670 4216 punit
1686 4107 1721 4212 (⁸)
1744 4119 1823 4193 illos
1840 4118 1903 4211 qui

736 4241 905 4316 iurantur
930 4243 1048 4316 solum
1082 4242 1128 4317 ad
1159 4250 1315 4337 tempus,
1345 4243 1467 4316 oblata
1481 4233 1518 4334 (ὅ)
1545 4241 1609 4314 sibi
1635 4237 1904 4335 opportunitate

736 4362 910 4457 temporis
935 4370 973 4437 et
997 4363 1078 4458 loci,
1105 4364 1198 4438 sicut
1222 4364 1290 4438 iste
1314 4363 1469 4437 Vannes.
1488 4364 1578 4435 Nam
1596 4362 1643 4436 de
1660 4381 1705 4436 eo
1726 4382 1798 4435 non
1816 4381 1904 4434 nar-

735 4489 839 4556 ratur
863 4483 933 4557 nisi
949 4482 1045 4559 istud
1061 4484 1203 4558 furtum
1222 4505 1399 4580 magnum
1420 4483 1479 4558 vel
1497 4481 1634 4556 malum
1658 4481 1903 4578 sacrilegium,

735 4602 834 4695 quod
859 4610 913 4677 est
939 4603 1078 4677 furtum
1098 4623 1225 4679 rerum
1243 4625 1448 4698 sacrarum,
1465 4613 1502 4679 et
1517 4603 1565 4677 de
1581 4603 1662 4678 loco
1679 4623 1784 4676 sacro
1800 4601 1905 4676 abla-

735 4729 878 4815 tarum3
906 4722 986 4798 ideo
1004 4724 1099 4798 bene
1123 4725 1274 4819 punitur
1291 4725 1348 4798 hic
1369 4745 1454 4798 cum
1481 4724 1589 4814 Caco,
1614 4723 1660 4798 de
1686 4743 1761 4816 quo
1780 4720 1903 4796 statim

733 4843 886 4938 dicetur,
914 4845 977 4938 qui
1002 4845 1167 4920 similiter
1191 4845 1276 4922 iecit
1299 4846 1467 4920 mirabile
1491 4846 1632 4920 furtum
1659 4844 1818 4938 Herculi,
1838 4843 1902 4936 qui

797 5033 823 5094 (¹)
840 5033 870 5083 Ε.
887 5033 948 5098 qur·
962 5033 1098 5086 mutuus
1225 5035 1295 5097 (¹18.
1312 5034 1398 5098 elegit.
1523 5033 1549 5096 (¹)
1566 5037 1621 5094 m,
1638 5037 1729 5084 ocum
1745 5033 1838 5084 Deum

799 5106 826 5172 (¹)
842 5112 897 5169 ¹¹⁶,
914 5110 986 5173 pono
1001 5109 1060 5162 illos
1076 5111 1207 5176 qut-Bt
1223 5111 1298 5174 pontt
1312 5123 1357 5162 cos
1372 5111 1426 5174 qur.
1524 5109 1551 5170 Ρ)
1568 5109 1599 5159 Β.
1615 5108 1692 5160 otus.
