4606 6840
710 941 780 1009 258
1106 951 1311 1009 eouuuruu
1334 952 1485 1006 mrunnr

705 1119 828 1193 supra,
847 1107 920 1175 tres
940 1097 1026 1172 socii
1047 1104 1299 1192 apparuerunt
1322 1095 1431 1170 simul
1450 1096 1569 1192 primo
1585 1096 1718 1190 autori,
1736 1095 1871 1172 scilieet

705 1217 876 1314 Angelus,
901 1217 1041 1311 Bosius,
1068 1217 1212 1311 Pucius,
1239 1238 1398 1311 quorum
1418 1216 1492 1291 duo
1513 1217 1592 1311 jam
1618 1223 1704 1290 sunt
1730 1219 1872 1311 mutati,

705 1338 840 1412 seilicet
865 1337 1035 1433 Angelus,
1062 1337 1210 1411 Bosius:
1239 1337 1397 1412 restabat
1423 1356 1513 1432 ergo
1538 1336 1672 1410 Pucius
1698 1336 1808 1431 solus,
1826 1338 1872 1412 de

708 1456 813 1532 ouius
847 1456 1049 1532 mutatione
1080 1464 1189 1532 autor
1218 1477 1292 1530 non
1326 1455 1477 1530 intendit
1507 1455 1642 1549 dicere,
1667 1457 1754 1550 quia
1789 1458 1875 1532 satis

708 1584 852 1652 ostensa
878 1581 933 1652 est
957 1575 1087 1670 triplex
1113 1577 1386 1651 transformatio
1401 1567 1437 1668 (⁴)
1469 1574 1506 1649 in
1540 1575 1669 1670 triplici
1701 1577 1821 1672 speeie
1836 1568 1875 1668 (²)

710 1696 845 1771 iurum.
873 1696 916 1768 Et
941 1694 1069 1769 ultimo
1086 1695 1269 1789 specificat
1292 1695 1405 1770 olium
1432 1694 1496 1789 qui
1522 1702 1601 1770 erat
1626 1715 1744 1790 nuper
1762 1685 1892 1772 reno-⁴¹

711 1823 818 1891 vatus
842 1816 879 1890 iu
908 1815 1108 1910 hominem,
1133 1815 1267 1890 scilieet
1291 1815 1491 1890 Guercium
1517 1815 1564 1890 de
1584 1815 1874 1890 Cevatcantibus.

710 1939 780 2012 lste
793 1935 897 2010 mites
913 1944 1064 2010 vocatus
1077 1940 1132 2009 est
1144 1934 1314 2009 dominus
1326 1935 1538 2010 Franciscus
1551 1935 1729 2009 Guercius
1741 1935 1788 2010 de
1804 1935 1876 2010 Ca·

710 2055 934 2130 sulcantibus
958 2054 1005 2129 de
1028 2053 1222 2148 Florentia,
1248 2053 1313 2148 qui
1337 2054 1404 2128 tuit
1425 2054 1567 2128 occisus
1592 2054 1639 2128 ab
1666 2055 1876 2130 hominihus

710 2176 756 2250 de
780 2175 940 2269 quadam
967 2173 1051 2248 villa
1076 2174 1269 2248 comitatus
1288 2173 1491 2268 Florentia,
1513 2195 1597 2268 quae
1623 2181 1777 2248 vocatur
1802 2175 1874 2251 Ga-

709 2295 803 2388 ville,
829 2315 875 2370 er
901 2315 976 2389 quo
1001 2300 1086 2369 nata
1111 2299 1167 2368 est
1197 2314 1329 2390 magna
1354 2314 1491 2390 guerra
1517 2294 1613 2369 iuter
1638 2295 1873 2370 Cavalcantes

709 2423 746 2489 et
771 2415 971 2510 praedietoS,
997 2423 1035 2490 et
1060 2412 1164 2487 multi
1191 2434 1237 2488 ex
1263 2413 1331 2487 iliis
1356 2414 1500 2488 rusticis
1524 2415 1562 2488 iu
1590 2413 1783 2489 vindictam
1817 2415 1893 2532 in3

709 2535 848 2610 terfecti
874 2535 1023 2610 suerunt
1058 2534 1106 2608 ab
1139 2534 1213 2608 istis
1233 2524 1270 2626 (³)
1299 2534 1495 2628 nobilibus3
1533 2534 1615 2610 ideo
1639 2543 1748 2610 autor
1784 2557 1873 2630 apo-

565 2703 568 2710 ·
710 2655 873 2749 strophat
904 2652 950 2727 ad
975 2653 1090 2748 ipsam
1115 2653 1249 2746 viltam,
1267 2653 1412 2728 dicens:
1434 2657 1577 2745 rutero,
1594 2654 1729 2731 seilicet
1753 2656 1874 2731 Guer·

712 2776 800 2869 ciuS,
833 2795 897 2848 era
934 2777 1058 2866 quattu,
1095 2772 1243 2867 seilicet,
1283 2773 1359 2868 tur,
1396 2776 1457 2847 cte
1493 2781 1528 2846 tu
1570 2778 1702 2848 Gaoitle
1736 2779 1872 2867 ρὲαρηὲ,

711 2896 813 2988 idest,
838 2893 969 2988 ploras,
996 2893 1081 2986 quia
1108 2895 1241 2968 multas
1268 2899 1405 2969 mortes
1430 2900 1580 2968 tuorum
1612 2894 1727 2968 vidisti
1753 2917 1820 2990 pro
1836 2885 1874 2987 (⁴)

714 3021 832 3088 morte
857 3013 957 3086 istius
982 3013 1107 3106 unius;
1128 3013 1394 3108 propterquod
1415 3013 1527 3089 habes
1553 3013 1744 3090 materiam
1770 3015 1875 3109 ptan-

712 3143 803 3210 ctus.
829 3135 874 3207 Et
894 3134 952 3206 hic
970 3139 1055 3207 nota
1072 3133 1170 3225 quod
1186 3140 1296 3206 autor
1313 3151 1386 3207 uon
1404 3133 1656 3209 nominaverat
1673 3134 1740 3207 nisi
1757 3156 1874 3208 unum

712 3256 759 3331 de
782 3255 850 3328 iliis
876 3254 1002 3346 tribus,
1028 3253 1162 3328 scilieet
1186 3254 1346 3348 Bonum,
1373 3254 1519 3348 quando
1548 3255 1656 3329 dixit:
1688 3260 1723 3330 io
1749 3259 1803 3330 oo'
1816 3259 1878 3330 otto

714 3381 829 3448 Buoso
853 3395 979 3447 corre:
1004 3373 1085 3448 ideo
1102 3373 1160 3447 hie
1176 3373 1331 3468 explicat
1347 3374 1436 3447 alios
1451 3365 1487 3465 (⁵)
1508 3375 1613 3470 duos,
1639 3382 1681 3450 ut
1705 3375 1785 3450 eius
1803 3383 1877 3450 tra-

713 3501 832 3569 ctatus
857 3499 1065 3570 remaneret
1079 3483 1116 3584 (⁶)
1142 3493 1258 3588 magis
1284 3491 1434 3568 lucidus.

776 3709 803 3773 (¹)
818 3709 844 3760 S.
861 3711 1048 3760 transmutatio.
1234 3708 1262 3772 (¹)
1279 3710 1304 3760 S.
1323 3723 1426 3772 genere.
1608 3710 1636 3773 (¹)
1652 3712 1678 3762 S.
1694 3713 1755 3763 iilis.

775 3787 802 3849 Ρ)
819 3788 848 3838 u
865 3801 911 3852 por
926 3792 1038 3838 mortem
1054 3787 1133 3838 trtius.
1234 3787 1262 3849 (¹)
1278 3787 1309 3839 E.
1325 3789 1387 3838 istos
1403 3788 1476 3838 duos.
1607 3788 1633 3850 (⁸)
1650 3789 1680 3839 Ε.
1697 3795 1837 3841 remaneat
