4606 6840
754 963 895 1018 caurus
919 964 1112 1020 moestuos
1136 965 1281 1020 saurus.
1515 953 1587 1022 263

415 1111 499 1186 dine
517 1103 696 1206 magnai)
717 1108 835 1203 nimis,
853 1108 982 1186 cecidit
998 1108 1034 1183 in
1052 1109 1193 1182 arnum
1210 1128 1297 1183 cum
1318 1107 1384 1201 bis,
1399 1109 1462 1202 qui
1480 1119 1587 1184 erant

414 1232 583 1326 desuper.
611 1231 662 1304 Er
689 1249 764 1323 quo
790 1229 895 1307 multi
921 1228 1059 1304 mortui
1076 1237 1162 1303 sunt
1178 1240 1216 1306 et
1231 1228 1410 1322 sullocati,
1428 1235 1465 1302 et
1483 1228 1587 1302 multi

414 1351 590 1426 destructi
614 1350 660 1424 de
684 1369 857 1445 persona;
892 1350 941 1424 ita
971 1349 1071 1443 quod
1108 1348 1217 1423 ludus
1253 1347 1359 1423 lictus
1387 1368 1589 1422 conversus

415 1481 471 1550 est
495 1474 532 1546 in
558 1493 637 1548 rem
663 1493 802 1548 reram.
829 1474 921 1546 Nam
948 1473 1066 1566 multi,
1092 1473 1155 1567 qui
1174 1474 1384 1567 spectabant
1401 1473 1588 1546 infernum

416 1592 649 1692 simulatum,¹
673 1592 820 1667 iverunt
855 1592 902 1666 ad
933 1592 1117 1666 infernum
1150 1613 1293 1686 rerum,
1329 1599 1367 1667 et
1400 1593 1588 1666 sciverunt

417 1731 512 1786 nova
537 1711 584 1786 de
607 1712 678 1786 alio
703 1711 853 1804 mundo,
874 1713 982 1806 juxta
996 1702 1033 1803 (²)
1061 1712 1383 1806 proclamationem
1404 1711 1533 1804 banni;
1550 1718 1587 1785 et

417 1831 498 1906 lacti
523 1837 609 1904 sunt
634 1832 712 1906 reri
737 1832 904 1925 planctus
922 1837 960 1906 et
976 1831 1150 1905 stridores
1176 1831 1412 1905 morientium
1428 1821 1479 1923 (³),
1501 1850 1587 1925 per·

416 1971 622 2045 sessorum,
661 1960 698 2026 et
735 1971 880 2044 eorum,
914 1951 977 2045 qui
1011 1951 1154 2024 stabant
1184 1950 1232 2024 ad
1266 1950 1475 2044 videndum,
1501 1951 1587 2044 quia

417 2071 569 2166 quilibet
600 2072 768 2164 babebat,
800 2071 859 2146 vel
891 2071 1027 2145 babere
1061 2071 1233 2145 credebat
1269 2071 1318 2146 ibi
1354 2069 1481 2163 lilium,
1515 2070 1588 2145 lra-

420 2199 527 2284 trem,
553 2192 612 2264 vel
636 2191 964 2286 consanguineum,
991 2196 1056 2263 aut
1073 2189 1245 2264 amicum.
1272 2191 1316 2262 Et
1341 2191 1410 2263 boo
1435 2190 1503 2263 luit
1519 2211 1589 2264 au-

418 2310 567 2406 gurium
599 2310 752 2384 alterius
777 2309 926 2384 maioris
951 2308 1075 2383 damni
1101 2309 1148 2382 de
1172 2308 1341 2404 proximo
1366 2310 1534 2383 eventuri
1550 2298 1586 2401 (⁸)

420 2429 485 2524 ipsi
510 2429 656 2503 civitati.
682 2431 775 2504 Nam
801 2430 931 2505 eodem
958 2449 1056 2504 anno
1081 2429 1218 2503 lactum
1245 2435 1300 2504 est
1323 2429 1461 2503 bellum
1485 2429 1589 2504 civile

421 2550 456 2623 in
482 2549 663 2624 Florentia
689 2550 784 2624 inter
809 2549 918 2623 Albos
944 2555 980 2624 et
997 2549 1137 2644 Nigros.
1156 2549 1302 2623 Etcum
1320 2557 1441 2624 essent
1460 2570 1589 2624 omnes

419 2671 488 2744 sub
513 2669 638 2763 armis,
663 2675 700 2744 et
725 2670 805 2743 Albi
831 2671 934 2763 quasi
960 2676 1081 2746 essent
1106 2670 1274 2763 victores,
1300 2670 1386 2764 quia
1419 2670 1588 2744 dominus

419 2791 570 2864 Cursius
604 2791 650 2864 de
683 2791 830 2864 Donatis
863 2811 936 2865 non
968 2791 1188 2884 impediebat
1213 2811 1264 2883 se,
1291 2797 1369 2864 tum
1395 2792 1482 2885 quia
1507 2798 1589 2866 erat

418 2909 635 3004 podagricus
651 2901 701 3002 (⁵),
735 2915 813 2982 tum
847 2911 933 3004 quia
967 2917 1048 2986 erat
1078 2911 1214 2985 discors
1243 2931 1329 2985 cum
1357 2913 1588 3007 magnatibus

418 3030 464 3106 de
498 3051 567 3104 sua
592 3037 695 3124 parte
724 3031 835 3126 Nigra
848 3020 899 3125 (⁶),
924 3031 1088 3125 permisit
1112 3033 1222 3124 Deus,
1253 3033 1351 3125 quod
1377 3033 1585 3107 incendium

419 3149 611 3245 corporale
640 3149 873 3245 extingueret
902 3151 1107 3225 incendium
1134 3151 1342 3224 animorum
1358 3139 1394 3242 (⁷)
1422 3158 1460 3225 et
1484 3151 1587 3225 luro-

419 3291 499 3346 rem
517 3271 664 3345 civium.
682 3271 774 3344 Nam
793 3272 970 3366 flagrante
987 3290 1140 3344 rumore
1160 3271 1308 3364 quidam
1325 3271 1372 3346 de
1388 3271 1587 3346 Abbatibus

418 3391 567 3465 nomine
590 3391 734 3484 Nerius,
747 3390 913 3483 clericus,
928 3391 1028 3484 prior
1054 3391 1170 3465 sancti
1194 3392 1290 3466 Petri
1316 3391 1353 3466 in
1379 3391 1586 3485 Scbaradio,

418 3512 474 3586 vir
505 3513 706 3586 sceleratus
740 3519 777 3586 et
807 3512 1016 3605 dissolutus,
1042 3513 1190 3586 immisit
1214 3513 1337 3608 ignem
1362 3511 1587 3586 artificialem

419 3631 538 3726 primo
564 3631 600 3704 in
626 3630 755 3705 domos
779 3651 933 3705 suorum
960 3633 1185 3706 consortium
1211 3633 1249 3706 in
1266 3633 1373 3706 borlo
1391 3631 1504 3706 sancti
1524 3631 1589 3704 lli-

419 3752 576 3843 cbaelis3
609 3759 646 3824 et
677 3751 744 3824 luit
774 3757 850 3824 tam
884 3751 1043 3826 furiosus
1073 3751 1177 3848 ignis,
1202 3752 1301 3845 quod
1326 3753 1436 3826 llante
1460 3759 1588 3826 austm

418 3878 592 3948 arserunt
616 3871 744 3945 domos
769 3872 970 3944 multarum
997 3872 1282 3946 clarissimarum
1304 3871 1523 3945 familiarum
1541 3872 1588 3946 de

421 4002 519 4068 terra
545 3991 622 4083 illa3
649 3989 749 4065 etin
779 4009 924 4064 summa
950 3997 1025 4064 tota
1052 3991 1180 4065 melior
1201 4009 1286 4085 pars
1310 3991 1463 4065 ciuitatis
1486 3991 1585 4066 arsit.

421 4113 464 4184 Et
490 4111 638 4185 luerunt
664 4110 762 4184 circa
787 4111 861 4184 duo
890 4109 1000 4184 millia
1034 4108 1200 4182 ducentae
1229 4109 1372 4183 domus.
1402 4111 1585 4184 Damnum

420 4234 693 4324 thesaurorum,
720 4230 1018 4322 mercantiarum‚
1044 4236 1082 4304 et
1106 4249 1279 4304 cararum
1295 4219 1330 4320 (⁸)
1358 4230 1587 4324 suppellecti-

419 4353 508 4427 lium
536 4353 603 4426 luit
627 4351 889 4444 inaestimabile,
911 4357 947 4424 et
963 4341 998 4442 (⁹)
1017 4349 1117 4442 illud,
1134 4349 1233 4443 quod
1250 4368 1323 4422 non
1340 4349 1586 4443 cremabatur,

421 4473 633 4568 capiebatur
652 4471 820 4546 manibus
837 4470 1062 4565 praedonum,
1081 4469 1167 4563 quia
1182 4461 1203 4562 (1
1210 4461 1235 4560 ⁰)
1255 4468 1428 4543 continuo
1444 4489 1588 4564 pugna-

480 4693 508 4755 (¹)
525 4693 555 4742 E.
572 4704 674 4754 magua,
691 4689 792 4740 cecidit.
855 4687 882 4751 (¹)
899 4689 929 4740 E.
948 4688 982 4740 Et
994 4689 1068 4752 juxta
1085 4687 1319 4751 proclamationem
1335 4687 1411 4738 banni
1429 4685 1490 4737 lacti
1506 4691 1574 4738 tunt.

482 4769 509 4830 (⁸)
526 4769 556 4818 Ε.
573 4771 748 4818 mortuorum.
1082 4763 1109 4826 (⁸)
1127 4765 1157 4815 E.
1176 4765 1288 4815 venturi.

482 4847 509 4906 (²)
525 4845 555 4896 tt
571 4844 737 4908 podagrorus,
755 4847 810 4894 tum
827 4843 887 4907 qula
903 4843 1011 4894 discors.
1084 4841 1111 4903 (⁸)
1127 4842 1157 4892 E.
1174 4845 1247 4904 purte
1262 4854 1363 4904 magun,
1380 4853 1433 4892 nou
1449 4841 1572 4903 permisit.

483 4924 510 4985 (⁷)
526 4923 556 4972 E.
573 4923 719 4973 culmorum
736 4921 761 4970 in
778 4919 869 4971 lurore
885 4921 989 4970 civium.
1082 4917 1109 4981 (¹)
1124 4918 1155 4970 s.
1172 4923 1336 4969 catomum.

483 4999 510 5060 (⁹)
526 4999 557 5050 E.
573 5003 601 5050 st
616 4999 642 5050 ltl
657 4997 728 5061 quod
743 5011 796 5048 uon
812 4997 946 5050 urebutru.

474 5075 511 5140 l'·)
526 5075 557 5126 E.
574 5076 618 5139 qui
635 5075 759 5126 mutiano
775 5073 923 5138 pugnabant
938 5073 965 5124 iu
981 5073 1079 5122 multis.
