4550 6844
692 971 832 1028 murus
854 971 1073 1028 reuersurus
1095 971 1239 1026 snmus.
1479 961 1551 1030 tue

373 1131 449 1186 non
473 1118 662 1206 apparent,
687 1112 774 1208 quia
800 1122 888 1190 sunt
911 1114 1018 1210 positi
1050 1114 1146 1188 intra
1177 1121 1344 1228 puteum.
1364 1155 1415 1172 -
1437 1119 1552 1192 come.

372 1231 438 1305 Hic
462 1237 572 1306 autor
595 1231 768 1311 describit
793 1234 946 1309 modum
964 1255 1043 1310 sure
1062 1233 1211 1310 visionis
1227 1254 1426 1330 perunum
1447 1255 1553 1312 com·

371 1350 600 1446 parationem
626 1352 714 1427 satis
739 1373 979 1429 communem
1005 1359 1043 1428 et
1068 1360 1216 1449 notam;
1237 1361 1276 1430 et
1291 1355 1454 1431 breviter
1470 1357 1551 1432 vult
1697 1448 1704 1462 Ι

371 1469 507 1565 dicero,
531 1472 632 1564 quod
656 1473 767 1568 coepit
790 1473 967 1568 paulatim
994 1493 1152 1550 cernere
1177 1481 1215 1549 ot
1235 1475 1550 1569 comprehendere

372 1590 472 1682 istos,
496 1591 591 1666 sicut
613 1611 636 1666 a
662 1592 770 1666 simili
794 1592 937 1687 accidit,
963 1593 1063 1688 quod
1088 1593 1237 1686 quando
1261 1593 1398 1669 nebula
1427 1594 1551 1690 incipit

373 1711 518 1805 resolvi,
540 1713 670 1787 oculus
695 1713 819 1807 incipit
843 1711 1020 1808 paulatim
1046 1711 1317 1807 temereque
1333 1715 1551 1790 celabantur

373 1831 495 1927 primo
518 1852 541 1906 a
567 1831 712 1908 nebula.
740 1831 844 1909 Unde
869 1831 978 1908 dicit:
1003 1853 1110 1907 error
1137 1836 1336 1927 fitpgimnri,
1368 1834 1455 1928 quia
1480 1833 1550 1909 sci-

375 1949 459 2025 ticet
488 1950 560 2025 ridi
591 1951 678 2026 istos
708 1971 789 2027 esse
820 1970 910 2028 rere
923 1944 961 2043 (¹)
995 1951 1163 2047 gigantes
1193 1958 1231 2028 et
1259 1971 1333 2026 nou
1365 1958 1500 2047 turres,
1531 1975 1551 2026 e

369 2069 848 2164 processeruntque
880 2070 1015 2148 scilicet
1048 2071 1111 2144 ubi
1145 2071 1329 2146 habebam
1361 2071 1548 2148 modicum

375 2190 507 2268 timore
531 2190 578 2266 de
604 2191 767 2266 turribus
788 2188 856 2264 nisi
873 2190 968 2264 forte
985 2191 1128 2265 ratione
1145 2190 1370 2286 insidiarum,
1389 2193 1550 2266 mutuum

375 2309 482 2382 timui
512 2309 559 2384 de
587 2308 796 2406 gigantibus
827 2308 1060 2403 terribilibus,
1082 2312 1241 2403 serundo
1275 2311 1390 2384 toric
1419 2331 1550 2403 grosso

374 2449 536 2518 esmra,
561 2428 709 2521 scilicet,
729 2447 815 2502 cum
836 2428 929 2522 visu,
947 2433 1191 2522 oppressoodo
1212 2426 1276 2524 piri
1300 2427 1402 2524 epici
1425 2434 1463 2504 in
1488 2426 1550 2505 u&

374 2549 412 2620 tu
434 2549 586 2639 mortu,
611 2547 713 2640 idest,
739 2566 871 2622 versus
897 2547 1009 2623 limen
1034 2549 1150 2644 putei,
1167 2549 1231 2624 ubi
1249 2550 1418 2648 gigantes
1436 2551 1550 2640 trabe-

373 2664 463 2738 bant
486 2665 659 2740 stationes
683 2683 790 2758 suas;
816 2671 854 2740 et
878 2665 1036 2761 applicat
1059 2667 1387 2762 comparationem,
1404 2668 1547 2744 dicens:

374 2776 446 2858 cosi
469 2805 565 2858 conte
589 2788 623 2858 to
646 2787 819 2876 spaurde,
844 2785 947 2879 idest,
974 2787 1127 2860 intuitus
1150 2788 1349 2882 humanus,
1368 2791 1547 2882 rafim,

375 2903 478 2996 idest,
505 2905 733 2998 recognoscit
756 2925 823 3000 per
848 2904 1007 3001 figuram
1032 2925 1173 3000 reram,
1189 2900 1244 2980 cio
1268 2909 1328 2982 cte
1351 2908 1380 2979 il
1401 2926 1550 2999 copore,

376 3021 480 3115 idest,
497 3022 625 3115 nubes,
650 3025 710 3096 cte
732 3027 838 3116 stipa,
862 3024 965 3120 idest,
987 3023 1134 3119 claudit,
1154 3029 1242 3115 cetu,
1259 3025 1362 3120 idest,
1383 3027 1474 3122 tegit
1489 3025 1549 3101 ret

376 3141 574 3235 abscondit,
600 3144 743 3234 quando
767 3145 804 3214 tc
833 3143 956 3216 motio
985 3145 1018 3216 si
1046 3145 1192 3236 decipe,
1217 3143 1320 3240 idest,
1353 3143 1550 3220 resolvitur

376 3268 415 3337 et
446 3261 667 3356 dispergitur
699 3281 723 3335 a
753 3263 853 3355 sole3
887 3268 925 3336 et
958 3273 1014 3339 est
1045 3263 1267 3339 conveniens
1298 3263 1549 3359 comparatio:

376 3381 472 3454 sicut
496 3382 593 3455 enim
621 3381 767 3474 nebula,
790 3401 875 3476 quae
899 3401 996 3476 saeps
1020 3381 1107 3458 iacit
1130 3383 1178 3458 de
1201 3383 1261 3459 die
1281 3391 1441 3477 noctem,
1459 3381 1551 3457 totttt

376 3501 479 3574 nobis
503 3508 739 3595 conspectum
766 3522 908 3594 rerum,
925 3501 976 3576 ita
995 3503 1148 3578 tenebra
1165 3503 1281 3576 noctis
1306 3503 1456 3579 tollebat
1480 3522 1551 3577 au-

376 3620 448 3694 tori
473 3619 649 3694 visionem
674 3620 866 3716 gigantum
894 3621 1071 3716 alonge:
1104 3628 1141 3697 et
1170 3621 1265 3696 sicut
1290 3629 1455 3698 cessante
1484 3641 1552 3698 ne-

376 3738 464 3814 bule
489 3741 663 3834 paulatim
686 3741 800 3815 homo
817 3740 918 3816 venit
934 3740 972 3814 in
988 3740 1233 3836 cognitionem
1252 3743 1412 3818 *rerum
1430 3743 1550 3838 primo

376 3878 451 3932 non
476 3859 653 3952 visarum,
686 3859 735 3934 ita
769 3867 880 3934 autor
913 3845 1208 3954 appropinquans
1240 3862 1416 3955 paulatim
1450 3861 1551 3937 renit

376 3976 415 4049 in
439 3977 686 4071 cognitionem
712 3979 904 4074 gigantum
932 3997 1005 4052 non
1030 3977 1132 4072 prius
1149 3979 1381 4076 cognitorum
1407 3980 1492 4074 sibi;
1513 3987 1552 4056 ot

376 4093 560 4189 specificat
594 4096 752 4170 formam
786 4095 1023 4172 mansionis*
1044 4086 1080 4188 (¹)
1120 4097 1310 4194 gigantum
1344 4120 1411 4196 per
1439 4098 1550 4176 aliam

378 4216 691 4310 comparationem
719 4237 790 4291 non
816 4216 940 4291 minus
964 4216 1262 4292 convenientem:
1289 4239 1375 4294 nam
1401 4240 1552 4315 compa·

379 4345 437 4411 rat
461 4344 616 4432 puteum
644 4336 845 4412 rotundum
871 4335 935 4411 uni
961 4337 1110 4412 castello
1136 4338 1307 4434 rotundo,
1325 4346 1363 4415 ot
1386 4341 1553 4438 gigantes

378 4455 466 4530 istos
490 4456 655 4529 turribus
681 4456 941 4531 coronantibus
967 4456 1087 4550 ipsum
1113 4457 1305 4532 castello!
1335 4479 1403 4556 pro
1427 4465 1553 4534 custo-

378 4575 447 4650 dia.
474 4575 559 4650 ideo
584 4575 713 4650 ordina
738 4576 789 4650 sic
814 4576 978 4650 literam:
1001 4568 1090 4668 peni
1115 4578 1175 4650 cte
1202 4580 1230 4650 o·
1253 4579 1392 4654 onstut
1403 4581 1551 4671 gigant,

378 4699 434 4768 crrr'
457 4700 627 4770 minoccr'o
650 4701 738 4770 Jove
758 4698 817 4770 del
838 4699 923 4770 ciclo
940 4716 1091 4788 ancora,
1112 4700 1256 4789 qumrdo
1281 4705 1400 4774 mortu.
1419 4700 1495 4775 Hoc
1511 4690 1548 4792 (ἢ

440 4923 468 4985 (¹)
484 4925 510 4973 S.
527 4937 603 4975 raros
618 4928 741 4990 gigantes⁸

441 4999 520 5061 (11.9
537 5001 625 5063 parole
642 5004 681 5052 tra
697 5005 706 5054 i
721 5005 772 5055 due
788 5005 922 5056 uteritchi
938 5017 986 5056 son
1001 5005 1112 5069 snpptrte
1127 5005 1195 5070 trgtt
1211 5007 1271 5058 nitri
1286 5005 1382 5057 codici.

441 5075 468 5137 tt
484 5076 510 5126 S.
526 5077 585 5129 tine
601 5080 659 5130 iden
675 5080 749 5144 tingit
764 5082 833 5145 qnia.
