4606 6840
691 933 763 1004 att
1089 943 1293 1002 conruunt
1316 944 1467 1000 mrnnxr

691 1089 790 1166 tione
805 1088 972 1184 pervenit
995 1087 1043 1164 ad
1067 1109 1185 1162 unum
1206 1089 1395 1166 castellum
1423 1087 1460 1162 in
1485 1106 1561 1181 quo
1583 1087 1716 1183 Ulyxes
1738 1087 1858 1164 subet

690 1229 778 1286 cum
803 1208 976 1285 continua
1002 1215 1039 1285 et
1058 1229 1192 1306 magna
1210 1208 1385 1302 custodia,
1402 1208 1490 1302 quia
1506 1206 1742 1302 praesciverat
1758 1207 1858 1302 quod

691 1337 772 1406 erat
791 1327 1063 1410 interficiendus
1085 1349 1107 1404 a
1134 1329 1219 1408 lilio.
1238 1329 1332 1405 Cum
1353 1349 1444 1425 ergo
1470 1328 1676 1425 Telegonus
1700 1327 1748 1404 ad
1772 1349 1860 1424 por-

691 1456 766 1526 tam
783 1442 820 1542 (¹)
845 1445 1046 1524 affectuose
1070 1456 1256 1542 quereret
1280 1448 1326 1524 de
1350 1447 1478 1545 Ulyxe,
1505 1468 1602 1523 unus
1626 1468 1675 1523 ex
1700 1449 1861 1524 custodi-

691 1571 761 1646 bus
786 1568 902 1666 rigide
917 1557 954 1661 (¹)
981 1569 1202 1664 respondens
1226 1587 1424 1663 percussus
1455 1568 1523 1642 luit
1552 1569 1599 1642 alr
1625 1588 1683 1662 eo,
1709 1573 1747 1644 et
1771 1588 1861 1644 con·-

692 1691 794 1765 tinuo
820 1695 902 1764 orto
927 1687 1100 1782 clamore,
1126 1689 1260 1784 Ulyxes
1291 1687 1472 1765 excitatus
1496 1688 1617 1764 subito
1641 1687 1808 1764 cucurrit
1821 1679 1858 1781 (³)

690 1831 767 1904 quo
785 1808 860 1884 iata
884 1807 1077 1884 trahebant
1101 1805 1217 1901 illum,
1242 1815 1281 1884 et
1304 1807 1413 1883 irruit
1438 1828 1525 1884 cum
1546 1808 1674 1884 lurore
1694 1809 1731 1883 in
1748 1809 1860 1882 istum

692 1950 803 2025 quem
829 1928 1022 2005 audiverat
1046 1933 1122 2003 tam
1149 1927 1400 2004 temerarium.
1428 1927 1632 2024 Telegonus
1658 1948 1760 2022 vero,
1786 1929 1858 2003 hen

691 2049 847 2124 nimium
873 2045 1058 2144 providus,
1084 2046 1261 2148 praevenit
1286 2048 1401 2142 illum,
1428 2052 1466 2122 el
1487 2047 1668 2124 lethaliter
1685 2049 1860 2124 vulnero·

692 2170 762 2264 vit;
789 2189 837 2244 ex
862 2189 938 2263 quo
962 2167 1117 2244 vulnere
1132 2173 1260 2262 postea
1278 2173 1450 2243 mortuus
1467 2176 1522 2244 est
1538 2167 1681 2263 Ulyxes.
1698 2169 1858 2242 Verum·-

691 2297 817 2366 tamen
841 2287 1016 2383 quiequid
1040 2286 1195 2381 dicatur,
1221 2286 1322 2363 nulla
1351 2287 1589 2382 persuasione
1619 2307 1769 2384 possum
1793 2287 1861 2362 ad·

691 2407 775 2484 duci
800 2407 846 2483 ad
871 2405 1109 2500 credendum,
1135 2407 1234 2501 quod
1258 2413 1369 2483 autor
1394 2406 1619 2503 ignoraverit
1649 2407 1737 2482 illud
1762 2407 1861 2503 quod

692 2527 811 2602 sciunt
828 2526 939 2602 etiam
965 2525 1072 2622 pueri
1084 2513 1121 2618 (⁸)
1149 2531 1187 2602 et
1211 2525 1348 2621 ignari3
1367 2525 1450 2602 ideo
1474 2525 1567 2621 dico,
1585 2526 1685 2620 quod
1706 2527 1777 2602 hoc
1796 2546 1863 2623 po-

693 2645 765 2720 tius
789 2651 898 2721 autor
928 2644 975 2721 de
1008 2644 1185 2720 industria
1209 2644 1324 2738 linxit,
1357 2652 1394 2720 et
1423 2645 1525 2721 licuit
1550 2645 1618 2720 sibi
1647 2645 1788 2744 lingere
1816 2646 1864 2722 de

692 2785 801 2859 novo,
835 2763 929 2840 siout
961 2764 1040 2840 aliis
1072 2764 1187 2860 poetis
1220 2771 1371 2860 propter
1399 2765 1548 2859 aliquod
1564 2757 1601 2856 (⁵)
1635 2766 1861 2860 propositum

693 2883 969 2962 ostendendum.
997 2884 1149 2959 Videtur
1174 2883 1273 2960 enim
1299 2903 1346 2958 ex
1373 2883 1518 2960 fictione
1550 2884 1618 2960 ista
1648 2887 1744 2961 velle
1773 2906 1863 2962 con·

693 3005 843 3082 eludere
860 3004 958 3100 quod
976 3003 1032 3080 vir
1051 3004 1319 3101 magnanimos,
1335 3005 1534 3100 animosus,
1552 3005 1670 3100 qualis
1686 3006 1754 3080 luit
1769 3006 1857 3104 Uly-

692 3147 770 3222 xes,
795 3148 869 3203 non
894 3125 1009 3222 parcit
1034 3125 1130 3220 vitre,
1154 3125 1318 3222 periculo
1351 3127 1411 3202 rel
1436 3126 1565 3220 labori,
1591 3136 1634 3203 ut
1657 3125 1769 3222 possit
1794 3127 1862 3201 lra-

691 3248 782 3324 bere
806 3244 1070 3342 experientiam
1087 3265 1227 3339 rerum,
1249 3252 1287 3320 et
1303 3246 1423 3340 potius
1439 3246 1539 3342 eligit
1556 3229 1683 3322 rivere
1701 3246 1861 3344 gloriose

693 3387 759 3462 per
784 3386 944 3461 paucum
971 3371 1115 3460 tempus
1140 3384 1252 3458 quaxn
1274 3363 1337 3439 diu
1354 3365 1605 3461 ignominiose.
1626 3367 1671 3440 Et
1688 3366 1756 3442 ista
1773 3386 1863 3442 oon-

692 3485 807 3561 clusio
834 3483 939 3559 valde
963 3483 1059 3559 bene
1085 3489 1203 3577 potest
1221 3482 1301 3558 elici
1326 3503 1373 3558 ex
1393 3484 1515 3560 verbis
1532 3485 1666 3582 Ulyxis,
1688 3485 1752 3560 ubi
1773 3485 1865 3562 dixit

693 3624 817 3699 supra,
843 3601 942 3696 quod
970 3601 1171 3697 postposuit
1202 3601 1327 3675 omnia
1358 3621 1446 3676 rara
1475 3601 1570 3678 siout
1600 3603 1718 3676 lilium
1750 3623 1861 3698 quem

694 3735 783 3800 tunc
808 3722 966 3798 habebat
992 3720 1157 3814 unicum,
1181 3740 1352 3816 uxorem,
1373 3721 1545 3818 patriam,
1563 3730 1744 3818 parentes,
1770 3723 1865 3799 sicut

694 3844 779 3920 lecit
802 3838 947 3918 ldare'us
971 3838 1135 3936 Regulus
1159 3839 1381 3916 clarissimus
1395 3831 1433 3935 (⁶)
1460 3841 1536 3917 dux
1562 3863 1749 3919 romanus.
1850 3878 1892 3916 «ι

755 4108 784 4170 (¹)
799 4107 830 4158 E.
846 4107 878 4157 ed
893 4112 996 4170 porum
1011 4106 1090 4158 eutrl
1105 4104 1255 4158 allectum

757 4183 784 4245 ρ)
800 4181 826 4234 S.
842 4183 924 4248 rigide
940 4183 1081 4248 respoudit,
1097 4187 1124 4234 et
1139 4195 1278 4246 peronam
1294 4181 1351 4234 lull.

755 4253 784 4321 (⁸)
801 4263 855 4320 llo,
871 4260 995 4310 oocurrtt.
1088 4259 1117 4322 (⁸)
1132 4259 1163 4309 ll.
1179 4260 1267 4323 pueri:
1283 4263 1311 4310 et
1325 4259 1393 4312 ideo.
1491 4261 1565 4325 (¹)13.
1581 4261 1661 4314 ullum
1677 4262 1849 4327 propositum.

756 4333 784 4398 (⁸)
799 4334 825 4385 S.
842 4335 968 4387 maximus
983 4335 1036 4386 dux
1051 4347 1183 4386 romanu.
1193 4361 1222 4372 -
1233 4335 1264 4386 E.
1280 4336 1408 4388 mrxlmm
1423 4337 1476 4390 dux
1493 4351 1671 4391 romanorum.

1146 4631 1411 4646 —-—.
