4526 6836
730 962 778 1032 at
1121 975 1325 1032 eormrrmur
1348 975 1500 1032 murum

729 1121 830 1198 tinua
848 1121 1014 1216 flammam
1032 1120 1130 1196 unde
1147 1121 1293 1218 rigente
1307 1116 1343 1213 (¹)
1362 1120 1486 1196 calore
1503 1119 1642 1196 furioso
1657 1111 1695 1212 (¹)
1712 1117 1900 1216 exagitant

728 1256 839 1316 crura
869 1247 907 1316 et
938 1241 1061 1337 perles,
1086 1241 1149 1336 qui
1174 1247 1271 1316 sunt
1301 1246 1407 1316 extra
1431 1246 1591 1316 terram:
1617 1247 1656 1316 et
1686 1241 1757 1314 boe
1775 1229 1812 1331 (³)
1844 1244 1900 1314 est

723 1357 924 1456 justissima
948 1381 1058 1457 prena
1082 1380 1236 1454 eorum;
1254 1359 1430 1455 quoniam
1446 1360 1515 1454 isti,
1533 1359 1597 1455 qui
1614 1358 1792 1436 deberent
1808 1377 1899 1432 oon-

728 1481 896 1576 templan'
925 1481 1086 1557 coelestia
1124 1487 1162 1556 et
1194 1479 1524 1574 malliennium,
1558 1485 1748 1556 servantes
1777 1479 1899 1575 legem

729 1600 859 1676 Christi
883 1601 990 1676 onius
1013 1601 1231 1697 profitentur
1255 1621 1296 1676 se
1316 1599 1471 1676 vicarios
1488 1606 1526 1676 ot
1542 1599 1757 1696 imitatores,
1773 1599 1898 1676 omnia

730 1720 916 1806 mundana
940 1727 978 1796 et
1001 1742 1096 1796 vana
1124 1721 1304 1796 calcantes
1317 1709 1354 1812 (⁴)
1381 1720 1608 1796 eontrarium
1634 1720 1786 1816 iaciunt,
1811 1718 1897 1796 solis

730 1841 887 1916 terrenis
911 1841 1165 1917 miserabiliter
1184 1841 1357 1917 immersi.
1376 1839 1461 1917 ideo
1476 1841 1572 1918 bene
1588 1839 1777 1938 finguntur
1793 1842 1898 1936 plan-

730 1961 794 2036 tati
820 1962 915 2038 intra
944 1968 1094 2056 terram,
1119 1960 1206 2055 qnia
1236 1960 1372 2036 babent
1403 1979 1469 2036 oor
1494 1960 1542 2036 ad
1570 1961 1648 2036 sula
1681 1967 1828 2036 tenena
1861 1966 1899 2036 et

728 2080 840 2176 pedes
855 2087 983 2156 eontra
999 2082 1155 2174 eoelnm3
1173 2079 1277 2173 quasi
1294 2079 1433 2154 dicant:
1460 2078 1498 2152 in
1522 2085 1642 2154 totum
1663 2097 1797 2174 sperno
1816 2098 1896 2156 ooe·

728 2201 843 2295 leuia,
869 2208 907 2276 et
931 2205 1080 2276 terrena
1104 2201 1187 2276 eolo
1211 2206 1287 2276 tota
1313 2205 1456 2293 mente3
1473 2200 1524 2274 ita
1541 2199 1641 2294 quod
1657 2199 1798 2276 iodiuut
1821 2205 1899 2274 ter·-

730 2333 811 2395 ram
837 2327 874 2396 et
898 2329 1072 2416 querunt
1095 2337 1246 2416 aurum,
1261 2326 1459 2417 argentum
1473 2311 1510 2412 (⁵)
1538 2320 1575 2394 in
1600 2326 1899 2414 senescerent

731 2441 980 2516 thesaurizare
1005 2441 1072 2515 sibl
1096 2441 1135 2516 in
1159 2440 1270 2516 coelo:
1296 2440 1408 2536 perles
1431 2439 1601 2516 ardentes
1625 2449 1713 2518 sunt
1735 2439 1900 2516 allectio·

732 2579 798 2634 nes
827 2580 971 2656 eornm,
996 2557 1081 2654 qum
1113 2560 1288 2636 nontinno
1317 2566 1513 2636 moventru
1543 2559 1677 2636 ardore
1707 2559 1900 2636 insatiabili

731 2681 778 2756 ad
803 2681 1113 2777 eoncupiscentias
1137 2701 1234 2756 suas.
1264 2681 1340 2756 Nee
1361 2679 1470 2774 dicas,
1496 2680 1590 2756 siout
1618 2680 1732 2776 aliqui
1760 2680 1900 2774 dicunt,

732 2801 831 2895 quod
855 2799 913 2874 isti
938 2800 1068 2876 ardent
1092 2800 1163 2874 snb
1179 2805 1279 2874 terra
1295 2799 1332 2874 in
1349 2798 1498 2876 lornano
1514 2799 1607 2896 ignis
1622 2800 1794 2895 menis,
1810 2799 1897 2894 quia

732 2918 791 2994 isti
816 2940 890 2996 non
915 2931 1116 3018 pascuntur
1140 2921 1198 2996 bic
1222 2920 1320 3017 igne,
1343 2920 1421 2996 imo
1443 2926 1581 3017 sugunt
1608 2939 1763 2998 suorum
1789 2928 1899 2998 terrm

732 3046 769 3116 et
793 3036 925 3120 bibunt
945 3063 1084 3119 aurum
1107 3042 1155 3117 de
1178 3041 1322 3117 minora
1336 3031 1388 3135 (ὅ),
1410 3040 1505 3116 idom
1520 3040 1623 3116 vonis
1643 3047 1681 3116 et
1700 3041 1900 3118 risoeribus

731 3167 853 3258 terrm
872 3162 967 3238 simu
991 3163 1081 3238 bibit
1102 3163 1246 3238 Marcus
1265 3161 1421 3236 Crassus
1435 3167 1615 3236 morosus.
1633 3161 1738 3236 Nunc
1755 3161 1802 3238 ad
1818 3163 1900 3238 lite·

732 3303 832 3358 rem:
858 3283 944 3359 dicit
967 3294 1099 3361 autor:
1124 3287 1166 3357 lo
1196 3285 1268 3357 uidi
1291 3285 1329 3358 lo
1348 3284 1467 3376 pietro
1490 3283 1599 3356 livido
1619 3284 1726 3375 plora
1750 3284 1789 3356 rt·
1810 3285 1898 3378 soti,

731 3404 824 3479 idest
846 3403 1100 3498 foraminibus,
1124 3405 1198 3478 oto
1221 3406 1256 3477 tl'
1268 3423 1317 3478 rot
1340 3405 1458 3494 toron,
1476 3401 1568 3478 idest
1592 3421 1677 3496 quae
1701 3401 1825 3478 omnia
1845 3401 1900 3476 lo-

732 3525 874 3600 rumina
908 3532 1014 3603 erant
1044 3524 1208 3600 mnsdem
1241 3522 1455 3617 latitudinis3
1487 3530 1594 3600 orant
1621 3523 1721 3598 enim·
1753 3521 1901 3617 capacia

730 3647 841 3721 unius
866 3645 1022 3721 bominis
1047 3649 1190 3720 tantum
1206 3633 1257 3738 ζ’),
1273 3666 1293 3717 e
1308 3646 1471 3718 maruno
1493 3665 1559 3718 ero
1583 3646 1701 3736 mdo,
1719 3643 1811 3718 idest
1830 3642 1903 3716 sin·

731 3767 819 3865 gula
845 3773 952 3842 arant
975 3765 1013 3839 in
1037 3766 1156 3840 forma
1181 3763 1365 3858 circulari,
1382 3785 1449 3858 per
1473 3767 1506 3838 la
1527 3771 1633 3857 rosa,
1648 3764 1784 3841 soilioet
1808 3762 1902 3838 illius

731 3885 877 3983 aggeris
902 3885 980 3960 sive
1011 3885 1112 3980 nom,
1135 3905 1156 3957 e
1181 3905 1249 3976 per
1280 3885 1316 3957 lo
1345 3886 1470 3978 fondo,
1495 3883 1587 3960 idest
1617 3904 1683 3979 per
1714 3883 1899 3979 planitiem

731 4007 825 4082 illius
849 4006 967 4082 tertiae
990 4006 1104 4082 vellis.
1122 4008 1265 4078 -Norr
1297 4007 1346 4078 nri
1369 4015 1520 4098 omnir.
1551 4004 1619 4080 llic
1647 4010 1757 4080 autor
1786 4001 1902 4098 expli-

732 4134 791 4203 cat
806 4117 842 4220 (⁸)
870 4127 1026 4202 sormam
1053 4126 1208 4202 istorum
1233 4123 1456 4201 foraminum
1482 4143 1548 4219 per
1573 4144 1687 4198 unam
1709 4142 1901 4217 compara-

732 4249 880 4325 tionem.
898 4247 954 4322 Ad
973 4247 1078 4323 ouius
1094 4245 1378 4322 declarationem
1394 4243 1506 4320 debes
1522 4243 1618 4320 seira
1633 4243 1732 4338 quod
1748 4227 1909 4318 Florem>

732 4367 792 4442 liae
815 4369 854 4442 in
878 4367 1031 4444 ecclesia
1055 4365 1234 4460 patronali
1259 4364 1433 4440 lobannis
1455 4364 1623 4460 Baptista
1649 4364 1746 4440 eirea
1762 4363 1900 4438 iontem

731 4487 984 4583 baptismalem
1010 4492 1095 4560 sunt
1111 4484 1223 4579 aliqui
1239 4483 1377 4579 puteoli
1394 4484 1594 4560 marmorei
1610 4483 1758 4560 rotundi
1774 4481 1811 4556 in
1827 4480 1902 4556 oir-

731 4607 833 4682 euitu
862 4623 1016 4702 sanaem
1045 4603 1156 4678 unius
1185 4603 1342 4679 bominis
1371 4609 1528 4699 mulum,
1552 4603 1590 4678 in
1619 4603 1754 4697 utribus
1783 4602 1903 4678 solent

794 4874 1080 4940 (bettharm
1421 4869 1692 4933 msablbrlors.

793 4951 1097 5016 (britobbmoest.
1421 4947 1542 5011 (⁸)S.lta
1558 4947 1695 5000 calinu-

793 5023 1363 5095 oreomargmmmmubm.
1421 5023 1636 5086 fimum

794 5105 893 5172 (ulto,
909 5103 1294 5168 tmtnmtrrnemrotnmo.
1419 5100 1687 5167 vibemllflnt·
