4534 6842
693 959 832 1018 murus
857 961 1048 1018 Vltimus
1073 961 1215 1019 PRIMUS·
1471 951 1537 1018 111

373 1111 466 1200 tum,
491 1104 556 1200 qui
581 1103 692 1180 inerit
716 1105 774 1180 vel
799 1105 939 1182 steterit
962 1105 1052 1182 nlius
1083 1106 1121 1182 in
1150 1105 1265 1202 curia,
1292 1126 1366 1182 non
1394 1113 1543 1202 sperant

373 1223 423 1300 ita
447 1225 610 1322 praedum
634 1225 682 1301 de
705 1247 770 1322 θος
796 1227 859 1302 sed
884 1227 913 1302 si
939 1227 1039 1303 venit
1055 1247 1196 1324 pauper
1212 1228 1385 1304 innocens
1405 1228 1542 1323 aliquid
1603 1282 1608 1292 ,

373 1351 510 1441 petens,
528 1345 646 1439 qualis
670 1352 750 1422 erut
776 1367 874 1422 nunc
890 1347 1073 1444 Virgilius,
1092 1354 1180 1424 tunc
1199 1355 1356 1423 currunt
1381 1349 1479 1424 avidi
1495 1348 1543 1424 ad

360 1465 555 1562 ·praednm;
572 1472 610 1541 ot
626 1465 720 1541 sicut
735 1485 844 1542 onnus
870 1467 992 1543 statim
1020 1467 1189 1544 mordent
1213 1475 1250 1544 et
1269 1469 1432 1547 lacerant
1450 1491 1543 1566 puu-

372 1605 511 1681 perem,
537 1585 604 1688 nisi
629 1592 852 1662 revocentur
881 1591 918 1662 et
950 1585 1213 1682 prohibeantur
1245 1607 1268 1663 a
1300 1588 1447 1663 domino
1474 1589 1542 1664 du-

372 1727 468 1800 mus,
485 1705 535 1782 itu
559 1705 626 1782 ista
651 1705 773 1782 iacere
797 1705 975 1801 parabunt
998 1706 1148 1803 Virgilio
1165 1707 1232 1782 nisi
1252 1707 1403 1784 inissent
1419 1707 1543 1804 prohi-

373 1825 490 1902 bitin
521 1826 669 1902 domino
699 1826 804 1901 istius
832 1826 958 1921 curiae,
989 1827 1082 1902 sicut
1112 1827 1232 1902 statim
1263 1826 1413 1923 videbis,
1444 1829 1542 1904 unde

372 1945 480 2022 dicits
505 1967 525 2020 o
548 1949 664 2021 coiret·
687 1953 812 2020 cosdro
836 1950 886 2021 tui
909 1949 983 2022 tratti
1006 1952 1021 2020 i
1047 1949 1210 2040 roncini,
1239 1947 1331 2024 idest
1361 1969 1475 2024 uncos
1505 1955 1543 2025 et

371 2067 532 2164 grnffios.
550 2067 595 2141 Et
611 2065 732 2141 subdit
756 2065 942 2162 quomodo
969 2067 1139 2166 Virgilius
1160 2067 1280 2144 subito
1299 2067 1458 2163 invasus,
1475 2088 1540 2142 su-

373 2186 448 2261 bito
465 2185 592 2261 habuit
607 2185 895 2282 defensaculum,
912 2187 1052 2263 dicens:
1070 2209 1130 2261 otu
1147 2191 1191 2280 ei,
1208 2188 1344 2264 scilicet
1359 2189 1540 2286 Virgilius,

371 2297 633 2398 usiddssecnrn
647 2305 766 2382 ironte
779 2313 816 2382 et
828 2306 901 2382 nita
910 2327 1011 2402 voce,
1021 2311 1198 2382 morundi
1211 2311 1439 2403 monsedo,
1450 2309 1541 2384 idest

372 2425 603 2520 temerarius,
629 2445 689 2499 mo
713 2428 793 2500 iun
823 2429 862 2501 di
886 2430 943 2500 ooi
966 2429 1026 2500 cite
1051 2429 1189 2520 m'odo,
1215 2427 1350 2503 scilicet
1375 2427 1421 2503 de
1440 2429 1539 2524 jure,

372 2549 534 2638 rancori
556 2549 700 2640 ovand5
725 2545 775 2620 ita
800 2545 909 2623 debet
933 2545 1055 2623 dicere
1080 2546 1136 2620 vir
1155 2547 1280 2622 valens
1297 2547 1359 2641 qui
1378 2547 1476 2623 radit
1495 2547 1541 2623 nd

372 2667 526 2762 curiam,
551 2673 589 2742 et
615 2665 751 2762 reperit
774 2667 948 2741 officiales
979 2667 1098 2762 primo
1132 2667 1283 2764 rim'dos:
1310 2666 1419 2743 detur
1451 2667 1539 2741 mihi

372 2809 469 2863 unus
493 2787 639 2863 auditor
663 2786 727 2881 qui
751 2786 877 2861 audiat
893 2805 1042 2862 causam
1066 2805 1199 2882 mcum,
1217 2794 1341 2882 postea
1358 2785 1539 2863 delibere-

372 2916 434 2984 tur
458 2908 546 3004 quid
571 2907 617 2982 sit
641 2905 839 3005 egendum,
857 2913 984 2982 utrum
1007 2907 1075 2982 sim
1100 2906 1343 2982 absolvendus
1367 2906 1426 2982 vel
1450 2927 1538 2981 con-

371 3028 609 3123 demnandus,
634 3030 755 3102 incunt
777 3029 837 3100 ote
861 3029 885 3100 i’
897 3030 1002 3102 uncio
1026 3035 1145 3101 vostro
1163 3029 1213 3100 mi
1224 3031 1324 3121 pinli,
1340 3027 1475 3102 scilicet
1491 3025 1538 3101 de

372 3149 467 3226 iacto
491 3155 530 3224 et
553 3147 697 3244 injuste,
719 3167 792 3221 non
809 3145 1018 3222 examinata
1043 3167 1155 3222 causa
1181 3165 1277 3241 men,
1293 3167 1313 3220 o
1322 3149 1434 3240 point
1453 3167 1539 3220 con-

372 3272 453 3362 sinii
474 3271 513 3344 di
535 3269 792 3359 mociydormi
809 3265 901 3343 idest
919 3267 966 3342 de
984 3265 1188 3342 uncinundo
1208 3286 1280 3341 me.
1294 3305 1344 3320 -
1362 3267 1458 3340 tutti.
1476 3264 1540 3339 iiic

373 3395 482 3464 autur
497 3387 652 3464 ostendit
670 3387 828 3482 qualiter
837 3383 874 3480 (¹)
889 3387 1074 3462 demones
1091 3386 1216 3461 sedato
1232 3386 1360 3461 surore
1376 3384 1422 3460 de
1439 3405 1542 3461 com-

374 3508 477 3582 muni
502 3507 696 3583 concordia
731 3507 912 3582 miserunt
942 3527 1060 3582 unum
1094 3508 1290 3602 valentem,
1315 3513 1353 3582 et
1384 3503 1543 3600 qualiter

372 3629 542 3728 Wrgiiius
560 3625 766 3704 narraverit
781 3619 818 3720 (²)
840 3627 905 3702 sibi
932 3629 1063 3704 merita
1080 3649 1158 3703 snae
1175 3647 1309 3723 cause,
1337 3633 1373 3702 et
1398 3627 1449 3701 ita
1474 3624 1541 3702 iuit

373 3749 572 3824 absolutus.
591 3747 683 3822 Dicit
700 3767 814 3843 ergo:
846 3751 935 3821 runi
947 3750 1118 3840 mtdaro:
1136 3749 1232 3822 oudo
1252 3749 1452 3822 Maiacodu
1470 3745 1541 3822 Iste

372 3876 451 3946 erat
476 3869 553 3945 dur
566 3859 605 3962 (ἢ
630 3867 896 3942 daemoniorum
923 3875 961 3943 et
984 3867 1200 3964 principalis,
1226 3869 1286 3944 cui
1317 3868 1413 3944 bene
1438 3888 1541 3944 com-

372 3989 461 4085 petit
481 4008 629 4083 nomen,
646 3988 734 4084 quin
758 3988 826 4064 iste
850 3989 961 4064 habet
985 3988 1141 4063 caudam
1158 3989 1367 4085 scorpionis,
1386 4009 1469 4083 quae
1486 3997 1542 4064 est

371 4109 487 4184 cundo
510 4108 689 4203 Gerionis,
707 4109 793 4202 quin
818 4107 946 4205 pungit
967 4107 1004 4182 in
1022 4107 1094 4182 due
1111 4117 1148 4185 et
1163 4107 1319 4201 occuito,
1336 4115 1374 4182 et
1390 4107 1541 4182 conclu-

369 4229 421 4305 dit
446 4230 483 4304 in
508 4249 633 4322 cansa,
656 4231 773 4322 perot
785 4250 833 4304 tm
858 4249 1044 4321 semusto,
1069 4227 1204 4303 scilicet
1218 4216 1256 4322 (Ι)
1281 4227 1539 4322 innominatus,

369 4373 390 4425 e
412 4353 464 4443 nt·
487 4353 572 4425 altri
601 4356 718 4424 ruder
749 4351 867 4444 sormi,
893 4354 1126 4446 expectantes
1155 4348 1243 4444 quid
1275 4348 1358 4424 iste
1374 4347 1541 4423 dicturus

371 4479 477 4567 esset,
503 4469 619 4567 parati
644 4489 730 4545 cnm
758 4469 899 4544 uncinis
924 4468 1010 4565 suis,
1035 4489 1055 4543 e
1079 4489 1187 4545 oenoe
1206 4490 1231 4542 o
1251 4471 1312 4561 lui,
1334 4467 1469 4545 scilicet
1494 4470 1540 4544 ad

372 4591 576 4690 Virgilium,
608 4593 753 4665 demde
783 4591 842 4663 ete
874 4593 925 4682 nli
957 4590 1123 4682 enredo?
1152 4589 1254 4684 idest,
1289 4587 1372 4685 quis
1403 4595 1459 4665 est
1490 4588 1540 4665 ibi

373 4711 514 4809 inripo
539 4718 706 4790 exuema
730 4711 878 4807 pontis?
903 4709 953 4786 itu
984 4709 1083 4785 enim
1117 4716 1173 4785 est
1202 4709 1248 4784 de
1282 4729 1388 4786 more
1420 4709 1542 4786 dicere

434 5015 534 5082 (¹1¹¹ss
550 5017 691 5084 morundo.
1072 5011 1101 5078 (Ἴ
1119 5018 1174 5076 rto,
1191 5015 1336 5065 nurturerit
1351 5013 1453 5064 ments.

433 5091 462 5156 ε’)
477 5093 508 5147 B.
524 5093 578 5146 dux
593 5095 740 5148 damonum
756 5099 784 5147 ot
799 5094 926 5159 princeps,
942 5093 994 5145 cut.
1072 5089 1099 5157 (⁸)
1116 5095 1170 5153 111,
1186 5091 1285 5143 retiioet
1300 5089 1345 5141 tiis
1361 5089 1515 5141 nomtmtus.
