4526 6836
699 929 745 994 22
1094 936 1297 993 COMENTUM
1322 937 1471 990 turnum

697 1083 928 1161 reconciliata
952 1082 1019 1158 sibi
1044 1103 1163 1158 uxore
1188 1082 1324 1177 Medea,
1352 1081 1482 1156 redivit
1505 1080 1543 1154 in
1567 1081 1737 1176 colchos3
1763 1081 1811 1156 ibi
1828 1073 1865 1173 (¹)

697 1225 830 1302 magua
855 1204 992 1279 virtute
1017 1208 1055 1279 01
1077 1202 1245 1278 felicitate
1261 1223 1329 1277 sua
1348 1201 1540 1296 acquisivit
1557 1221 1715 1298 regnum
1736 1203 1868 1298 soceri,

696 1325 760 1420 qui
785 1331 865 1399 erat
891 1325 1077 1419 expulsus,
1102 1323 1240 1420 etipse
1269 1323 1357 1398 exul
1386 1321 1535 1398 exulem
1566 1321 1713 1397 reduxit
1738 1322 1776 1398 in
1800 1345 1866 1419 pa·

697 1447 805 1520 triam
824 1445 861 1522 in
877 1445 1252 1540 recompensationem
1270 1442 1490 1540 injuriarum
1513 1442 1748 1536 antiquarum
1756 1468 1770 1538 ‚3
1789 1443 1866 1519 imo

696 1565 882 1661 ampliavit
906 1585 1063 1661 regnum
1088 1565 1300 1640 colchorum
1320 1563 1443 1638 multis
1462 1561 1614 1638 urbibus
1630 1564 1754 1659 captis,
1771 1564 1867 1639 sicut

696 1686 858 1760 lustinus
883 1685 1024 1779 scribit3
1050 1685 1114 1759 sed
1138 1684 1255 1762 victor
1279 1705 1303 1760 a
1327 1683 1588 1779 septemtrione
1612 1686 1766 1780 parabat
1789 1686 1868 1760 1)οΙ-

697 1808 774 1882 lum
800 1807 847 1880 ab
871 1805 1012 1882 oriente
1037 1810 1166 1880 oontra
1191 1825 1327 1900 persas,
1353 1805 1416 1880 sed
1440 1803 1629 1879 infeliciter
1654 1803 1868 1880 interiectus

699 1933 754 2004 est
765 1948 789 2002 a
800 1926 886 2001 suis.
900 1925 1001 2001 Sicut
1014 1925 1112 2002 enim
1126 1925 1249 2000 scribit
1263 1924 1428 2001 Valerius
1445 1924 1585 2019 accidit,
1599 1924 1698 2020 quod
1715 1925 1866 2020 quidam

692 2049 849 2143 juvenes
878 2047 1074 2122 familiares
1099 2047 1156 2120 sui
1183 2046 1304 2122 nescio
1333 2045 1479 2139 quade
1503 2065 1617 2120 causa
1641 2046 1865 2122 verberave-

698 2173 784 2242 runt
810 2167 1028 2263 magistrum
1054 2168 1153 2260 salae,
1171 2165 1234 2240 ubi
1250 2165 1387 2250 fiebant
1403 2165 1497 2259 iudi;
1514 2164 1574 2241 ille
1591 2171 1814 2260 conquestus
1827 2158 1865 2260 (¹)

698 2293 753 2362 est
777 2284 915 2360 tasoni:
942 2286 1050 2360 lason
1082 2285 1119 2360 in
1154 2284 1434 2359 satisfactionem
1460 2283 1603 2378 injuriae
1634 2283 1733 2360 dedit
1763 2283 1813 2358 illi
1826 2275 1864 2376 (³)

697 2386 923 2500 electionem,
938 2406 1037 2501 quod
1051 2393 1088 2498 (⁸)
1108 2405 1166 2480 vel
1182 2404 1365 2500 acciperet
1382 2403 1434 2479 eis
1455 2404 1602 2500 triginta
1618 2403 1787 2480 denarios
1804 2405 1863 2480 vel

696 2527 801 2602 daret
825 2526 976 2621 singulis
992 2526 1120 2602 decem
1139 2525 1305 2600 verbera.
1323 2524 1386 2600 lllc
1402 2523 1541 2600 avidior
1559 2523 1725 2600 vindicta
1750 2545 1864 2620 quam

698 2645 863 2743 pecuniae
887 2645 997 2742 elegit
1022 2645 1192 2720 ultimum
1204 2667 1213 2718 ε
1226 2645 1383 2741 juvenes
1400 2664 1467 2740 pro
1483 2644 1705 2720 verecundia
1722 2645 1865 2720 accensi

698 2764 945 2862 indignatione
970 2771 1007 2840 et
1032 2765 1087 2868 ira
1115 2765 1286 2840 iasonem
1316 2763 1562 2859 improvidum
1593 2764 1864 2840 interfecerunt.

699 2888 758 2963 Sic
783 2907 873 2984 ergo
898 2893 998 2982 patet
1022 2883 1121 2981 quod
1146 2887 1254 2961 lason
1278 2885 1341 2981 qui
1357 2885 1601 2962 lacernatos
1618 2885 1707 2960 caedi
1724 2885 1866 2982 palmis,

699 3009 776 3104 ipse
801 3007 913 3104 virgis
937 3007 1064 3082 terreis
1089 3006 1281 3082 baculatus
1306 3011 1371 3080 est.
1386 3043 1436 3060 -
1451 3009 1524 3078 Gon
1552 3007 1609 3078 toi.
1641 3004 1705 3080 ilic
1736 3005 1866 3080 ultimo

701 3136 810 3206 autor
835 3127 1008 3204 terminat
1037 3127 1143 3202 istam
1171 3126 1364 3202 materiam
1390 3132 1427 3202 01
1452 3145 1612 3222 poeuam,
1645 3125 1865 3203 concludens

698 3249 772 3324 sic:
798 3251 864 3342 ciri,
890 3248 982 3324 idest
1007 3247 1244 3343 quicumque,
1273 3251 1446 3338 inquom,
1475 3246 1613 3322 scilicet
1645 3246 1818 3324 mulieres
1843 3269 1866 3324 a

698 3369 832 3464 quibus
858 3369 995 3464 recapit
1023 3367 1200 3444 beneficia
1230 3388 1374 3463 magna,
1401 3366 1495 3442 sicut
1520 3367 1629 3441 lason
1653 3366 1702 3441 ab
1726 3367 1868 3464 lsiphile

697 3495 735 3564 et
760 3489 895 3584 Medea,
912 3491 963 3562 do
986 3491 1039 3562 tot
1051 3495 1170 3581 poro,
1187 3479 1278 3562 idest
1304 3486 1365 3562 tali
1389 3487 1511 3580 modo,
1529 3486 1664 3562 scilicet
1679 3507 1766 3562 cum
1784 3487 1868 3564 licto

697 3617 735 3688 01
759 3609 875 3685 laliaci
901 3625 1041 3704 amoro,
1066 3629 1128 3682 sen
1152 3625 1199 3682 oo
1222 3627 1289 3682 con
1314 3610 1374 3700 toi,
1398 3607 1502 3703 quasi
1526 3607 1643 3700 dicat:
1674 3608 1790 3686 currit
1809 3609 1869 3684 iu-

698 3729 830 3828 giendo
854 3730 924 3804 sub
949 3730 1078 3806 eadem
1104 3749 1224 3826 poeua,
1250 3728 1300 3804 ita
1331 3728 1431 3823 quod
1461 3729 1549 3804 socii
1583 3729 1619 3803 iu
1650 3730 1758 3824 culpa
1782 3738 1868 3806 suut

698 3852 784 3928 socii
812 3851 848 3926 in
873 3851 1054 3946 01033111
1077 3850 1179 3926 dicit:
1198 3871 1217 3924 e
1236 3857 1353 3944 questo
1377 3851 1468 3924 nasa
1489 3871 1596 3944 saper
1621 3853 1665 3926 de
1690 3854 1725 3925 to
1746 3853 1867 3944 primo

699 3975 802 4063 vara,
827 3970 918 4046 idest
943 3970 1115 4067 bulgiae
1138 3971 1176 4044 rii
1199 3973 1297 4044 color
1320 3971 1381 4044 cte
1403 3973 1442 4044 ia
1464 3991 1502 4044 se
1527 3975 1697 4062 ossanna,
1715 3969 1806 4046 idest
1820 3970 1869 4046 de

699 4091 833 4189 punitis
858 4089 895 4163 iu
921 4109 982 4185 ea;
1009 4091 1113 4185 quasi
1137 4090 1233 4166 dicat
1249 4096 1377 4166 autor:
1396 4110 1514 4185 pauca
1533 4089 1667 4168 sufficit
1683 4090 1806 4167 dicere
1821 4090 1869 4168 do

698 4213 761 4290 tali
786 4211 952 4306 materia,
977 4217 1015 4288 01
1045 4231 1134 4287 vare
1166 4217 1276 4287 autor
1306 4211 1397 4285 dixit
1429 4231 1559 4307 pauca,
1585 4211 1648 4286 sod
1680 4212 1808 4307 pulcre
1831 4217 1869 4286 et

699 4332 879 4410 subtiliter
902 4330 1106 4408 secuudum
1133 4331 1335 4406 subiectam
1362 4331 1565 4406 materiam.

776 4444 842 4528 oto
867 4473 1022 4528 erucam
1048 4453 1119 4526 Ista
1144 4457 1199 4526 est
1225 4457 1357 4546 quarta
1374 4457 1411 4525 et
1428 4451 1663 4547 ultima·pars
1687 4451 1868 4550 generalis

699 4572 808 4650 huius
832 4571 991 4668 capituli,
1017 4570 1053 4646 in
1079 4591 1153 4665 qua
1177 4577 1286 4646 autor
1318 4571 1394 4668 agit
1418 4576 1456 4647 et
1481 4577 1614 4647 tractat
1637 4572 1684 4648 de
1708 4572 1868 4648 secunda

699 4695 818 4792 specie
843 4693 1092 4788 fraudisque
1118 4702 1271 4771 vocatur
1295 4691 1469 4786 adulatio,
1488 4712 1572 4786 quae
1588 4692 1738 4787 punitur
1755 4693 1792 4766 iu
1809 4713 1869 4768 se-

699 4815 819 4892 cunda
845 4812 987 4909 bulgia3
1014 4812 1060 4888 dc
1085 4812 1191 4888 cuius
1220 4833 1327 4908 poena
1353 4811 1514 4886 breviter
1539 4817 1649 4886 autor
1675 4819 1805 4889 tractat
1830 4813 1867 4888 in

761 5001 788 5062 (¹)
802 5001 834 5052 B.
850 4999 904 5052 uiri.
1091 4999 1118 5062 (¹)
1135 5001 1160 5052 s.
1177 5004 1284 5065 quartus
1299 5004 1340 5050 011
1355 4998 1452 5052 tuoni.
1646 4998 1677 5062 (¹)
1691 4999 1723 5050 li.
1739 4999 1771 5050 at.

759 5076 789 5139 (¹)
805 5077 945 5144 1110101
962 5076 1039 5130 ranst
1055 5077 1172 5142 accim
1187 5075 1293 5141 triqhta
1309 5074 1436 5138 10311101,
1452 5077 1495 5127 rel
1509 5075 1572 5128 tare
1586 5075 1704 5142 mulia.
