4550 6844
621 933 694 1000 lla
1012 940 1216 1000 omini!
1240 945 1394 1000 ΜΕΝ

620 1079 853 1184 tumbole
883 1089 1060 1181 losoccio
1090 1091 1163 1162 mic
1197 1090 1262 1196 bru
1295 1091 1320 1164 ti
1353 1090 1540 1182 woodo,
1573 1094 1617 1162 ut
1647 1088 1798 1184 scilicet,

620 1206 737 1304 possis
761 1207 893 1282 melius
917 1227 1142 1304 cognoscere
1167 1228 1246 1284 me:
1273 1210 1344 1284 boc
1367 1208 1464 1304 dicit,
1490 1207 1579 1303 quia
1599 1219 1682 1287 erat
1698 1215 1797 1295 totus

622 1325 809 1404 scabiosus
834 1331 873 1400 el
896 1325 1117 1424 rumigeros,
1144 1327 1243 1404 unde
1268 1328 1377 1404 dicit:
1407 1321 1439 1402 si
1469 1330 1595 1404 marci
1610 1331 1709 1403 cl'io
1731 1348 1799 1404 roo

622 1447 783 1522 lambro
808 1447 846 1520 di
871 1449 1076 1540 Gopoccbio,
1095 1467 1209 1541 quem
1235 1454 1277 1524 tu
1301 1448 1397 1524 bene
1421 1446 1540 1522 uidisti
1565 1447 1603 1522 in
1629 1447 1717 1538 vita,
1738 1449 1799 1522 cle

619 1567 731 1661 solsol
754 1567 779 1638 li
802 1568 932 1640 mctalli
955 1587 1023 1640 coo
1046 1569 1259 1662 calcanea,
1284 1573 1322 1644 el
1343 1566 1506 1662 cicuitio,
1523 1566 1625 1660 quod
1645 1565 1798 1642 isteiuit

623 1707 713 1762 usus
738 1685 909 1761 alchimia
932 1686 1064 1783 illicite,
1086 1686 1174 1781 quia
1197 1687 1283 1764 dicit
1304 1689 1436 1783 [abab
1453 1694 1491 1762 et
1507 1688 1578 1762 boc
1603 1686 1696 1781 dico,
1709 1707 1797 1780 pcr-

621 1803 683 1882 clc*
704 1809 820 1900 sappi,
836 1799 939 1880 elisi
962 1812 989 1882 o·
1011 1811 1183 1882 emenda:
1201 1807 1304 1902 idest,
1325 1808 1413 1902 quia
1432 1807 1537 1904 scias,
1555 1807 1638 1902 quis
1657 1813 1712 1884 est
1732 1807 1796 1902 qui

620 1927 732 2002 teila
757 1926 925 2020 sequitur
950 1925 1203 2002 confirmando
1230 1927 1371 2003 (lictum
1400 1935 1521 2023 tuum,
1551 1935 1677 2002 contro
1702 1931 1716 2002 i
1738 1949 1795 2002 rc·

619 2051 703 2122 nesi.
728 2048 804 2122 lloc
828 2046 925 2142 dicit,
951 2047 1038 2142 quia
1062 2047 1218 2122 libenter
1243 2047 1408 2142 loquitur
1435 2048 1531 2124 male
1555 2047 1602 2123 de
1621 2048 1685 2144 eis,
1706 2047 1794 2143 quia

619 2166 689 2240 luit
712 2166 762 2240 ibi
787 2167 1018 2261 combustus;
1044 2175 1081 2244 el
1105 2166 1290 2243 concludit
1321 2175 1476 2264 tangens
1505 2187 1665 2244 acumen
1689 2168 1795 2264 inge·

620 2287 670 2361 nii
693 2287 774 2381 sui;
797 2309 816 2361 c
841 2291 867 2362 e·
889 2290 943 2362 de'
955 2290 1137 2379 rr'corclur,
1152 2309 1190 2362 rc
1214 2289 1278 2362 ben
1296 2291 1321 2360 ι’
1332 2289 1512 2380 udocclrm,
1530 2287 1634 2382 idest,
1650 2287 1682 2361 si
1705 2307 1795 2366 cum

460 2417 463 2431 ’
619 2408 729 2484 oculo
754 2409 849 2483 bene
874 2414 912 2482 te
937 2407 1102 2503 respicio,
1129 2407 1233 2504 quasi
1258 2407 1366 2503 dicat,
1391 2407 1422 2482 si
1445 2408 1543 2484 bene
1557 2414 1594 2482 te
1614 2427 1796 2504 recogno-

620 2547 682 2603 sco
698 2519 749 2621 ζ’),
775 2528 862 2622 quia
887 2527 941 2602 lui
964 2527 1029 2602 tibi
1054 2533 1164 2604 notus
1189 2527 1227 2602 in
1250 2527 1342 2621 uita3
1363 2548 1451 2603 nam
1476 2526 1592 2602 semel
1615 2526 1676 2602 (lie
1700 2546 1797 2621 quo-

620 2647 705 2724 dam
724 2647 877 2724 Veneris
901 2645 1126 2722 sanctirum
1152 2653 1267 2722 staret
1290 2647 1392 2722 solus
1408 2647 1615 2722 abstractus
1639 2647 1678 2720 in
1702 2667 1798 2742 quo-

619 2767 705 2843 dam
726 2768 899 2861 claustro,
929 2765 1105 2864 effigiavit
1132 2766 1200 2842 sibi
1229 2772 1348 2842 totum
1377 2785 1591 2862 processum
1620 2764 1799 2861 passionis

619 2873 765 2962 Domini
791 2887 829 2962 in
853 2887 1039 2985 unguibus
1064 2887 1159 2962 mira
1183 2886 1458 2980 artificiositatc5
1479 2892 1517 2960 et
1547 2907 1635 2961 cum
1660 2886 1797 2962 Dentes

618 3007 882 3103 superveniens
906 3014 1111 3102 quereret:
1137 3005 1225 3101 quid
1250 3013 1306 3081 est
1329 3007 1400 3082 hoc
1429 3005 1527 3100 quod
1556 3006 1700 3082 iecisti?
1725 3005 1794 3082 iste

619 3129 741 3204 subito
759 3148 847 3204 cum
872 3128 998 3224 lingua
1017 3127 1151 3204 delevit
1168 3126 1344 3222 quidquid
1364 3147 1451 3202 cum
1470 3133 1570 3203 unco
1590 3127 1717 3202 labore
1734 3127 1790 3200 in-

616 3248 715 3346 genii
739 3247 994 3324 fabricaverat.
1019 3247 1073 3322 De
1097 3267 1174 3342 quo
1199 3247 1334 3322 Dantes
1358 3247 1520 3322 multum
1543 3247 1666 3344 arguit
1691 3267 1793 3341 eum,

617 3367 705 3464 quia
729 3367 826 3442 istud
841 3387 935 3464 opus
952 3366 1144 3444 uidebatur
1161 3365 1229 3442 sibi
1248 3387 1323 3442 non
1340 3366 1463 3442 minus
1480 3367 1659 3462 mirabile,
1678 3387 1792 3461 quam

618 3509 711 3584 opus
736 3487 844 3583 illius,
869 3487 935 3582 qui
957 3493 1073 3562 totam
1100 3485 1250 3562 iliadem
1280 3492 1356 3567 tam
1386 3486 1567 3562 subtiliter
1593 3485 1795 3582 descripsit,

619 3607 719 3702 quod
743 3607 840 3683 intra
864 3613 995 3682 testam
1020 3606 1125 3680 nucis
1150 3605 1409 3700 claudebatur,
1427 3615 1465 3682 et
1488 3604 1582 3680 alius
1607 3603 1691 3680 lecit
1715 3604 1793 3680 ior·

619 3727 734 3803 micas
758 3727 951 3802 eburneas.
970 3725 1054 3802 ldeo
1066 3717 1103 3820 (¹)
1122 3725 1226 3800 dicit:
1243 3729 1332 3800 com'
1343 3728 1379 3800 ἑο
1395 3729 1450 3820 stri
1465 3729 1504 3799 cti
1519 3733 1652 3800 natura
1676 3725 1793 3798 borona

618 3850 757 3940 sclaria,
780 3847 927 3943 scilicet,
958 3845 1252 3922 contrafaciendo
1276 3847 1413 3940 omnia,
1442 3846 1537 3921 sicut
1566 3844 1672 3920 simia
1695 3837 1803 3921 iacit'

618 3972 665 4046 Et
687 3969 746 4046 bic
781 3970 911 4044 ultimo
935 3974 1033 4063 nota,
1072 3968 1198 4062 lector,
1233 3966 1332 4061 quod
1369 3967 1505 4042 Dentes
1535 3966 1599 4060 qui
1636 3965 1796 4062 appellat

618 4093 732 4167 istum
756 4090 901 4167 simiam
927 4096 1081 4184 naturae,
1102 4109 1192 4164 uere
1217 4086 1307 4162 mibi
1332 4086 1478 4163 ridetur
1499 4086 1611 4162 luisse
1636 4071 1793 4162 nobilior

618 4211 737 4307 simia,
767 4232 882 4307 quam
914 4229 1078 4304 unquam
1109 4207 1240 4302 aliquis
1271 4206 1375 4301 alius,
1409 4226 1496 4281 cum
1534 4206 1682 4282 sciverit
1715 4213 1791 4282 tam

618 4331 832 4408 mirabiliter
856 4336 893 4405 et
917 4329 1099 4405 subtiliter
1112 4319 1150 4421 (³)
1167 4346 1392 4424 cognoscere
1417 4331 1569 4401 naturas
1597 4325 1789 4400 bominum

618 4452 887 4546 cuiuscumque
899 4447 1124 4543 conditionis,
1134 4447 1366 4543 professionis
1378 4452 1417 4520 et
1428 4446 1597 4540 iortunae,
1608 4451 1646 4520 et
1657 4464 1789 4520 eorum

618 4592 755 4666 mores,
773 4576 891 4664 actus,
911 4578 950 4647 et
969 4569 1221 4665 proprietates,
1239 4573 1315 4644 tam
1337 4566 1486 4662 utiliter,
1499 4586 1612 4660 quam
1629 4563 1791 4640 delecta·

618 4691 740 4766 biliter
765 4695 1043 4786 repraesentare.

683 4863 711 4928 t¹l
728 4869 783 4925 ¹¹⁶.
800 4877 937 4928 ornum
1217 4861 1245 4925 ρ)
1262 4863 1294 4914 n.
1309 4864 1371 4914 raso
1388 4863 1453 4913 nene
1469 4861 1540 4912 arcu.

681 4941 708 5004 m
725 4941 756 4992 ll.
771 4955 851 5006 quam
868 4941 1079 4993 stabilinum—S.
1096 4947 1124 4992 el
1139 4940 1271 4992 nobiliter.

1075 5095 1340 5108 *an———n-
