4494 6838
651 982 790 1039 cimus
815 982 1029 1038 mansimus
1053 981 1248 1037 SECUNDUS.
1465 973 1533 1040 521

366 1131 488 1221 manyi
496 1149 567 1222 per
584 1121 615 1202 si
638 1129 760 1203 bestia!
781 1149 903 1222 scyno,
920 1128 1006 1223 quia
1031 1127 1127 1203 istud
1152 1133 1208 1203 esi
1233 1135 1361 1204 contra
1385 1148 1537 1204 omnem

366 1248 644 1344 humanitatem,
661 1251 783 1324 ‹iimmi
805 1251 834 1322 ii
849 1243 991 1342 percie',
1008 1245 1111 1342 imm,
1127 1246 1186 1322 dic
1202 1247 1292 1322 mihi
1308 1269 1477 1342 causam3
1499 1253 1537 1323 et

365 1374 409 1443 ut
433 1368 560 1444 reddat
584 1389 671 1444 oum
692 1368 914 1443 benevolum
932 1366 1036 1442 dicit:
1059 1388 1126 1460 per
1150 1369 1202 1442 taz
1223 1388 1414 1460 conveyrw,
1432 1366 1535 1460 idest,

365 1487 429 1562 tali
460 1487 701 1563 conventione
732 1493 770 1562 ei
802 1493 920 1582 pacto,
949 1489 1010 1560 cie
1041 1490 1078 1559 io
1111 1507 1247 1561 ancora
1281 1493 1312 1560 te
1343 1507 1388 1560 ne
1418 1488 1536 1576 canyi,

366 1605 469 1701 idest,
487 1625 724 1683 remunerem
741 1611 791 1701 te,
811 1627 893 1680 suso
917 1609 975 1680 nel
997 1609 1140 1699 mondo,
1156 1605 1303 1700 scilicet,
1321 1604 1537 1698 viventium,

367 1725 487 1802 dando
512 1727 561 1800 illi
590 1726 777 1801 infamiam
806 1732 1035 1823 perpetuam,
1060 1727 1266 1820 sappieudo,
1291 1725 1426 1801 scilieet
1452 1745 1534 1821 ego,

366 1849 422 1920 citi
445 1849 504 1919 voi
525 1849 619 1939 siole,
636 1845 771 1922 scilicet
795 1867 862 1922 vos
886 1846 1007 1940 ambo,
1025 1867 1044 1918 e
1060 1850 1097 1920 la
1112 1867 1178 1921 sua
1196 1867 1319 1940 pecca,
1336 1846 1439 1942 idest,
1456 1846 1537 1921 eius

367 1972 559 2061 peceatum
586 1972 713 2042 contra
736 1972 783 2061 te,
799 1987 837 2039 se
855 1973 890 2040 iu
907 1969 933 2040 ti
945 1969 1070 2060 pianyi
1092 1968 1132 2041 di
1154 1971 1203 2042 lui
1225 1987 1250 2040 a
1273 1969 1417 2060 rayion,
1435 1965 1537 2060 idest,

368 2084 399 2159 si
418 2086 519 2182 juste
543 2086 635 2181 petis
661 2086 770 2161 talem
791 2085 986 2161 vindictam
1005 2086 1052 2162 de
1076 2106 1132 2163 eo.
1154 2087 1198 2161 m
1217 2088 1320 2185 jurat
1344 2109 1384 2164 se
1408 2108 1536 2164 serva-

369 2212 497 2281 turum
523 2205 622 2300 quod
646 2205 833 2301 promittit,
855 2205 997 2282 dicens:
1020 2229 1058 2281 se
1082 2211 1196 2300 qtoella
1220 2229 1287 2282 con
1310 2211 1409 2282 cilio
1428 2211 1539 2301 pario

367 2327 490 2398 nansi
516 2345 629 2416 sema,
654 2325 759 2419 quasi
784 2323 901 2399 dieat:
927 2326 957 2399 si
982 2325 1106 2423 lingua
1132 2347 1206 2402 non
1231 2327 1351 2402 deficit
1366 2321 1402 2420 (¹)
1431 2327 1538 2420 mihi3

369 2452 406 2520 et
430 2445 525 2519 bene
549 2443 709 2521 servavit
732 2443 966 2539 promissum.

428 2707 457 2770 (Ἰ
472 2707 504 2758 Β.
520 2707 630 2761 defluiti-
