4566 6844
715 965 786 1033 o1o
1115 971 1495 1054 mumma-mmm

713 1119 822 1196 dicit:
848 1119 937 1194 olt’o
960 1119 999 1192 lu
1022 1123 1083 1192 tato
1106 1123 1205 1209 outa,
1229 1116 1331 1212 idest,
1356 1116 1395 1191 in
1422 1121 1528 1192 tuam
1557 1094 1822 1191 coutumeliam
1848 1119 1887 1190 et

715 1239 940 1334 despectum,
964 1238 1001 1310 io
1019 1229 1167 1329 pota-d
1191 1239 1231 1312 dt
1254 1243 1285 1310 te
1309 1249 1391 1310 vere
1414 1237 1621 1310 moeda-
1641 1238 1701 1306 Va
1726 1231 1793 1308 llic
1816 1253 1888 1308 au·

716 1363 774 1431 tor
799 1355 955 1432 ostendit
979 1355 1166 1450 quomodo
1191 1355 1310 1430 Booca
1324 1348 1504 1448 (⁴)iratus
1534 1368 1609 1430 non
1638 1352 1766 1427 valens
1792 1351 1890 1426 ulte-

715 1474 792 1550 rius
817 1475 1014 1568 secatam,
1040 1473 1285 1552 manifestavit
1309 1474 1347 1548 in
1372 1473 1569 1550 vindictam
1597 1471 1701 1548 illum
1726 1471 1892 1566 prodito·

715 1614 796 1670 rem
817 1594 881 1688 qui
898 1595 1152 1673 nominaverat
1172 1611 1273 1691 oum,
1292 1603 1329 1672 et
1347 1595 1526 1691 quosdam
1543 1595 1644 1671 alios.
1665 1594 1759 1669 Dicit
1778 1614 1889 1692 ergo:

714 1715 798 1788 datr
810 1715 879 1805 elli,
904 1713 1040 1790 scilicet
1064 1715 1125 1792 ille
1149 1716 1280 1810 Bocca,
1302 1737 1349 1790 oo
1369 1719 1443 1808 ota,
1459 1735 1533 1790 non
1558 1713 1709 1792 mineris
1729 1714 1889 1832 amplius

715 1832 815 1928 mibi,
833 1855 851 1906 e
867 1827 996 1908 videbe
1020 1841 1056 1907 to
1080 1837 1162 1909 oooi
1183 1841 1302 1927 omem,
1320 1835 1425 1929 quasi
1442 1835 1558 1910 dieat:
1574 1833 1633 1909 dic
1650 1853 1764 1928 quam
1781 1833 1889 1929 polus

714 1959 827 2048 potes,
853 1973 900 2029 ex
927 1971 1002 2047 quo
1026 1973 1101 2028 non
1125 1973 1275 2050 possum
1301 1953 1412 2047 aliud,
1436 1953 1502 2030 sad
1527 1972 1619 2049 rogo
1643 1961 1701 2028 te:
1728 1973 1789 2026 mo
1813 1971 1887 2026 noc

714 2080 810 2147 locor
833 2074 871 2146 dt'
895 2077 973 2164 aad
995 2075 1138 2147 cd'ebbc
1154 2095 1199 2147 or
1222 2066 1294 2148 eost
1318 2077 1356 2148 ln
1380 2077 1662 2166 lirmuoprouta,
1683 2072 1819 2148 scilicet
1838 2071 1886 2146 ad

713 2191 994 2267 exclamandum
1012 2200 1141 2268 contra
1157 2213 1220 2270 me
1236 2192 1459 2268 nominando
1470 2213 1553 2288 me,
1571 2192 1657 2287 quia
1682 2191 1712 2266 si
1737 2211 1808 2288 ego
1826 2197 1887 2266 tu·

713 2329 798 2384 scus
828 2311 967 2406 prodidi
997 2312 1165 2408 patriam,
1196 2313 1273 2408 ipse
1306 2312 1521 2398 lombardus
1552 2311 1708 2408 prodidit
1741 2315 1884 2406 partam

713 2429 823 2504 simul
847 2451 933 2506 cum
960 2432 1098 2526 patria3
1124 2439 1161 2507 et
1185 2431 1332 2508 adiurat
1357 2453 1446 2508 eum
1462 2450 1529 2527 per
1547 2431 1583 2506 id
1599 2430 1700 2526 quod
1724 2429 1887 2506 marimo

714 2554 802 2623 tunc
827 2549 987 2644 optabat,
1011 2551 1156 2626 diceus:
1180 2573 1218 2625 se
1243 2558 1279 2625 ta
1304 2554 1342 2626 dt
1365 2569 1437 2644 orto
1459 2558 1561 2626 eatro
1585 2552 1691 2642 esebi,
1709 2550 1814 2645 quasi
1832 2549 1888 2624 dl-

714 2673 792 2742 cat:
818 2669 848 2742 si
873 2669 971 2750 Deus
994 2670 1057 2746 det
1082 2670 1144 2747 tlbi
1170 2678 1310 2746 tantam
1327 2671 1485 2768 gratiam
1504 2670 1604 2765 quod
1626 2676 1666 2744 tu
1687 2669 1822 2746 evadas
1840 2669 1888 2744 de

713 2790 782 2863 isto
799 2790 881 2865 loco
892 2811 1102 2886 poenarum,
1116 2796 1154 2866 et
1165 2790 1318 2868 feliciter
1333 2791 1438 2866 linias
1455 2811 1549 2886 opus
1561 2791 1764 2886 iucoeptum
1783 2790 1887 2864 istius

713 2909 854 3004 interni,
881 2911 987 2986 cuius
1018 2931 1059 2986 es
1082 2930 1198 3007 prope
1221 2910 1360 3005 linem3
1389 2909 1448 2986 val
1473 2909 1503 2984 si
1529 2916 1571 2984 tu
1596 2909 1731 2986 evadas
1756 2930 1780 2983 a
1803 2927 1887 2986 ma-

713 3031 821 3106 nibus
850 3031 1092 3127 proditorum,
1124 3032 1188 3126 qui
1217 3037 1305 3108 sunt
1333 3031 1411 3106 bic:
1438 3036 1475 3106 et
1507 3029 1713 3106 manifestat
1746 3049 1885 3106 cuma

711 3151 820 3245 culpa
845 3172 919 3245 qua
944 3150 1003 3225 bic
1027 3150 1222 3226 damnatus
1246 3156 1313 3226 est.
1340 3148 1395 3224 ld
1420 3149 1609 3225 sciendum
1634 3154 1773 3243 autem,
1799 3118 1915 3242 qui?

710 3269 822 3345 luerit
846 3271 914 3346 iste
939 3269 1114 3366 proditor,
1131 3276 1187 3346 est
1203 3269 1405 3364 sciendum,
1422 3270 1523 3365 quod
1543 3269 1615 3344 iste
1639 3269 1708 3344 luit
1733 3268 1884 3363 quidam

711 3389 816 3464 miles
840 3390 1100 3484 cremonensis,
1123 3389 1180 3466 vir
1204 3389 1367 3486 prudens
1391 3395 1429 3464 et
1455 3395 1583 3486 potens
1609 3393 1778 3484 tompore
1802 3408 1884 3483 suo,

711 3515 863 3584 vocatus
896 3509 1067 3585 dominus
1098 3510 1228 3584 Bosius
1260 3509 1307 3584 de
1340 3509 1477 3584 lluaria
1491 3500 1543 3603 (¹),
1573 3509 1741 3604 princeps
1771 3509 1884 3602 partis

710 3629 925 3732 ghibellinas
940 3630 978 3704 in
1002 3630 1201 3725 Cremoua3
1220 3629 1282 3724 qui
1304 3635 1501 3724 corruptus
1518 3627 1673 3723 pecunia
1698 3626 1884 3702 commisit

710 3755 897 3846 patentem
922 3749 1164 3846 proditionem
1190 3755 1318 3823 contm
1344 3754 1487 3843 partem
1518 3765 1638 3820 suam.
1663 3746 1756 3821 Nam
1786 3751 1884 3820 tam-

709 3887 801 3966 pove
826 3889 901 3965 quo
926 3870 1080 3945 Carolus
1105 3869 1246 3965 primus
1272 3867 1372 3944 venit
1397 3868 1434 3942 iu
1459 3865 1600 3941 ltaliam
1628 3871 1757 3940 contra
1780 3865 1884 3940 ldan-

709 3990 867 4085 fredum,
883 3991 1039 4066 Ubertus
1052 3988 1211 4064 blarcbio
1225 3987 1455 4064 Palavicinus
1473 3985 1591 4061 affinis
1603 3983 1776 4060 Manlredi
1794 4003 1881 4060 cum
1924 4085 1928 4092 ἦ

710 4111 1021 4205 cremonensibus,
1056 4117 1094 4186 et
1125 4108 1263 4184 auxilio
1296 4107 1455 4182 aliorum
1492 4103 1784 4198 lombardorum,
1817 4103 1882 4197 qui

710 4239 817 4308 eraut
840 4230 1078 4307 conloedorati
1097 4249 1183 4305 cum
1205 4226 1402 4320 llanlredo,
1422 4231 1617 4322 paraverat
1631 4215 1669 4317 (³)
1690 4242 1731 4300 se
1748 4224 1796 4299 ad
1815 4241 1882 4297 cu-

710 4354 863 4430 stodiam
890 4371 1018 4448 passus
1042 4367 1128 4426 cum
1155 4349 1273 4423 tribus
1287 4336 1324 4441 (⁸)
1352 4347 1511 4422 millibus
1538 4345 1706 4440 equitum
1733 4345 1881 4418 tbeuto-

709 4475 878 4550 nicorum
899 4479 936 4547 et
952 4469 1242 4563 lombardorum,
1259 4488 1308 4542 ue
1323 4465 1442 4542 (luido
1457 4465 1505 4542 de
1521 4464 1710 4556 llonlorte,
1728 4461 1793 4556 qui
1809 4460 1881 4534 du·

710 4595 817 4671 cebet
839 4601 987 4688 gentem
1001 4581 1040 4682 (⁵)
1067 4588 1187 4666 Caroli
1206 4607 1273 4683 per
1295 4591 1446 4679 terram,
1463 4590 1646 4660 armatam
1672 4578 1879 4672 turmatim,

709 4718 831 4809 posset
855 4709 1023 4784 transita.
1049 4707 1120 4782 Sed
1145 4706 1274 4781 Bositu
1298 4704 1345 4781 de
1368 4691 1567 4796 auertat),
1581 4717 1656 4778 non
1679 4699 1750 4776 alia
1767 4717 1881 4776 causa

772 4939 1021 5003 (Uli-islam.
1206 4931 1709 4999 (¹)S.daDoaria.-B.dol)omlt.

772 5018 799 5080 ε’)
815 5022 869 5077 tlt,
887 5021 1051 5080 paraverunt.
1207 5013 1234 5075 (⁸)
1251 5017 1306 5075 lto,
1323 5011 1422 5062 multis.

772 5096 800 5156 (⁸)
816 5095 842 5148 S.
859 5095 1010 5146 exercitum.
1208 5091 1236 5155 (⁸)
1251 5089 1277 5142 8.
1292 5089 1325 5142 da
1341 5088 1484 5142 bonvm·
1494 5087 1526 5140 B.
1541 5085 1574 5138 de
1590 5083 1709 5138 novum
