4550 6844
737 955 809 1024 titt
1134 967 1338 1026 commmoda
1361 971 1512 1027 masam

736 1120 817 1208 post
840 1113 1019 1190 infelicem
1045 1113 1268 1210 condictum,
1293 1135 1406 1210 quem
1432 1116 1587 1191 Carolus
1612 1134 1771 1214 mmnus
1801 1137 1910 1196 rece-

735 1234 789 1330 pit
824 1234 863 1308 in
898 1241 1008 1331 gente
1044 1255 1113 1310 sua
1143 1235 1426 1326 christianornm
1465 1236 1616 1332 pertidia
1644 1235 1855 1313 Gamelonis
1869 1231 1908 1332 (⁴)

735 1353 948 1449 nequissimi
971 1355 1165 1451 proditoris
1189 1355 1227 1431 in
1251 1357 1471 1452 Ronoivalle,
1488 1357 1673 1433 liniendus
1693 1357 1758 1452 qui
1780 1377 1911 1434 evase·

736 1480 794 1548 rat
826 1473 875 1549 ab
908 1474 969 1549 illa
999 1479 1123 1572 strage
1154 1477 1264 1572 pulsu
1297 1477 1355 1553 sni
1387 1497 1505 1552 cornu
1534 1477 1691 1553 eburnei
1721 1477 1910 1554 revocavit

735 1595 833 1672 circa
863 1600 1014 1670 centnm
1044 1615 1092 1670 ex
1125 1595 1349 1692 christianis.
1366 1616 1454 1670 cum
1488 1597 1623 1691 quibus
1649 1597 1765 1672 ductu
1797 1597 1911 1674 unius

735 1713 867 1810 captivi
882 1705 919 1807 (¹)
946 1715 1085 1790 intrans
1110 1735 1264 1791 nemora
1288 1717 1457 1813 pervenit
1480 1716 1528 1791 ad
1547 1717 1748 1792 llarsilinm
1767 1735 1908 1814 regem,

735 1854 846 1929 ιιιιοιιι
872 1834 1074 1931 fugientem
1091 1840 1260 1930 potenter
1279 1836 1429 1931 occidit;
1446 1836 1485 1911 in
1504 1855 1581 1931 qno
1600 1837 1804 1914 certamine
1821 1856 1910 1912 cen-

734 1961 815 2030 tum
840 1955 927 2030 socii
952 1955 1010 2030 sni
1035 1955 1214 2032 interiecti
1238 1964 1335 2052 sunt,
1361 1957 1438 2052 ipse
1468 1977 1560 2032 vero
1593 1957 1718 2031 multis
1745 1956 1908 2032 vulneri-

733 2074 804 2150 bus
827 2075 985 2150 afflictus
1009 2075 1134 2150 evasit.
1161 2076 1392 2172 Bellignndus
1413 2083 1542 2154 antem
1558 2076 1704 2172 cognita
1721 2093 1813 2150 nece
1828 2074 1907 2150 ira·

733 2193 799 2268 tris
824 2193 946 2269 statim
972 2195 1131 2270 recessit.
1158 2195 1312 2270 Carolus
1343 2215 1434 2271 vero
1465 2216 1551 2270 cnm
1585 2194 1806 2271 exercitibus
1826 2195 1905 2290 jam

733 2314 952 2391 transiverat
965 2315 1158 2389 cacumina
1172 2314 1315 2409 montis,
1329 2322 1368 2391 ct
1379 2315 1574 2413 ignorabat
1585 2333 1671 2409 quae
1687 2314 1782 2390 lacta
1799 2318 1906 2389 erant

734 2439 815 2530 post
838 2439 986 2530 tergum
1012 2433 1104 2508 eius.
1126 2433 1311 2508 Rolandns
1331 2453 1422 2532 erqo
1439 2434 1611 2531 fatigatus
1636 2439 1738 2508 tanto
1761 2430 1904 2527 proelio,

733 2554 859 2630 dolens
881 2552 929 2628 de
950 2571 1040 2627 nece
1056 2553 1338 2628 christianorum
1357 2560 1395 2629 et
1410 2560 1601 2629 tantorum
1619 2555 1789 2646 heroum,
1807 2551 1906 2626 mul-

734 2674 779 2748 tis
803 2673 1018 2748 vulneribus
1042 2671 1196 2748 allectus
1220 2673 1350 2748 desiliit
1373 2674 1423 2750 ab
1447 2694 1559 2769 equo,
1580 2683 1618 2750 et
1633 2674 1682 2748 ibi
1704 2674 1799 2749 lacta
1824 2693 1906 2746 ma·

733 2814 807 2892 gna
832 2791 1097 2869 exclamatione
1121 2813 1233 2888 super
1254 2792 1420 2868 dnrenda
1434 2783 1472 2884 (³)
1490 2799 1593 2888 spata
1610 2813 1690 2887 sua,
1709 2793 1842 2867 timens
1859 2809 1906 2866 ne

734 2913 771 2986 in
784 2933 917 2988 manus
932 2931 1195 2988 saracenorum
1213 2912 1413 3006 deveniret,
1431 2912 1610 3007 percussit
1629 2911 1784 3007 lapidem
1803 2932 1906 2985 mar·

734 3053 919 3127 moreum,
948 3033 1074 3108 voleus
1099 3052 1182 3107 eam
1213 3031 1394 3128 frangere,
1420 3031 1485 3106 sed
1515 3031 1634 3126 lapide
1664 3031 1779 3106 diviso
1807 3029 1904 3105 ensis

733 3151 909 3228 remansit
927 3151 1078 3247 illaesns3
1103 3151 1235 3227 deinde
1250 3158 1440 3246 assumpto
1456 3171 1586 3245 cornu,
1605 3156 1647 3223 nt
1663 3149 1756 3224 sorte
1772 3147 1904 3240 aliquis

732 3272 1016 3348 christianorum
1041 3271 1234 3348 latentium
1260 3291 1327 3367 per
1351 3272 1494 3367 sylvam
1527 3271 1575 3346 ad
1604 3291 1644 3345 se
1674 3269 1842 3346 venirent
1852 3256 1903 3362 (⁸),

732 3393 792 3468 vel
816 3392 928 3488 aliqui
952 3412 1001 3466 ex
1025 3391 1082 3466 his
1106 3391 1170 3486 qui
1186 3391 1432 3468 transiverant
1449 3397 1593 3466 montes
1610 3390 1656 3465 ad
1672 3411 1714 3466 se
1730 3388 1903 3482 redirent,

733 3518 770 3586 et
795 3532 863 3586 sun
888 3511 1008 3586 luneri
1033 3510 1213 3605 adessent,
1230 3517 1269 3586 et
1288 3517 1428 3607 spatam
1446 3531 1554 3585 suam
1578 3520 1616 3587 et
1641 3531 1782 3604 equum
1806 3508 1905 3583 acci·

732 3635 874 3726 parunt,
900 3635 938 3704 et
962 3635 1274 3725 persequerentur
1297 3649 1504 3724 saracenos,
1531 3635 1631 3706 muta
1660 3629 1798 3704 virtute
1822 3627 1905 3723 pnl-

733 3751 827 3826 savit
851 3770 980 3845 cumn,
1006 3749 1106 3845 quod
1131 3750 1340 3826 vehementi
1371 3750 1459 3826 ilntn
1492 3750 1567 3825 oris
1599 3749 1656 3824 sui
1689 3769 1805 3854 cornu
1839 3767 1905 3843 per

734 3873 897 3948 medium
923 3871 1076 3946 scissum
1096 3877 1163 3965 eut,
1181 3877 1219 3946 et
1243 3891 1348 3947 venae
1364 3876 1402 3946 et
1419 3871 1523 3946 nervi
1539 3869 1701 3968 gutturis
1718 3869 1906 3965 crepuisse

732 3993 923 4088 teruntur3
949 3991 1056 4068 cuius
1080 4011 1153 4068 vox
1182 3991 1348 4088 angelico
1380 3991 1495 4066 ductu
1528 3991 1763 4086 pervenitad
1793 4009 1905 4064 aures

600 4191 603 4196 ,
732 4112 863 4208 Caroli,
890 4112 953 4206 qui
982 4131 1069 4188 cnm
1102 4111 1268 4186 exercitu
1294 4131 1362 4185 sno
1392 4109 1525 4185 lixerat
1556 4110 1713 4185 tentoria
1743 4111 1782 4183 in
1810 4109 1905 4184 valle

731 4252 817 4329 qnae
840 4232 973 4307 dicitnr
998 4231 1129 4326 Caroli,
1156 4231 1194 4306 in
1219 4231 1299 4306 luco
1326 4231 1390 4325 qui
1416 4230 1571 4305 distabat
1600 4251 1625 4304 a
1648 4229 1811 4304 Rolando
1836 4248 1903 4324 per

730 4360 813 4430 octo
838 4352 1018 4446 milliaria,
1035 4357 1074 4427 ct
1096 4351 1271 4426 contiuuo
1288 4351 1441 4425 Carolus
1457 4349 1573 4424 voluit
1593 4350 1742 4444 reverti,
1760 4349 1903 4422 laturos

730 4474 796 4550 sibi
822 4473 1014 4548 auxilium.
1041 4469 1113 4546 Sed
1137 4469 1287 4544 Gainelo
1303 4461 1340 4562 (ὅ)
1360 4469 1529 4544 conscius
1545 4459 1582 4562 (ὅ)
1604 4477 1725 4544 morte
1749 4464 1901 4542 Rolandi

730 4593 910 4687 dissuasit,
936 4609 1103 4666 asserem
1128 4588 1227 4683 qnod
1251 4589 1437 4664 Rolandus
1461 4611 1529 4685 pro
1564 4609 1606 4664 re
1638 4588 1788 4662 minima
1817 4586 1903 4662 soli-

731 4718 791 4784 tus
817 4717 897 4786 erat
922 4707 1125 4783 tubicinare
1150 4708 1322 4803 quotidie,
1348 4715 1386 4784 et
1410 4709 1565 4784 venandi
1592 4707 1711 4782 studio
1738 4705 1902 4800 aliquam

793 4917 822 4978 Γ)
838 4916 870 4966 Β·
886 4912 1055 4966 Gfflllmss·
1319 4913 1346 4976 (Ἴ
1363 4917 1418 4974 tac,
1436 4913 1570 4976 capitanei.

793 4991 821 5056 Γ)
838 4993 869 5044 ll.
885 4990 1036 5043 denudans
1052 4993 1124 5054 spata
1140 5003 1195 5042 nna.
1318 4991 1347 5054 (¹)
1363 4990 1394 5041 B.
1410 5002 1427 5042 a
1442 4989 1469 5042 S.
1484 4991 1594 5048 reniret,
1610 4989 1653 5039 rel
1668 4993 1699 5040 nt
1714 4984 1804 5051 allqni.

793 5067 821 5131 i'l
837 5069 869 5121 Β·
884 5067 1000 5122 &Mle
1322 5067 1349 5132 (⁰)
1365 5067 1390 5120 S.
1406 5067 1525 5120 cominu
1540 5067 1642 5118 mortis.
