4544 6834
707 1003 845 1059 cincus
870 1003 1060 1058 numurus
1084 1003 1266 1059 summus.
1503 991 1574 1059 31⁹

404 1152 524 1224 omnio
549 1150 697 1224 vanitas.
723 1147 825 1224 Unde
848 1147 986 1222 subdit:
1012 1169 1031 1222 e
1050 1153 1194 1241 morto
1209 1169 1229 1221 c
1247 1151 1405 1241 confuso
1422 1151 1471 1222 nti
1490 1167 1576 1221 ran-

404 1273 473 1364 det,
499 1269 585 1364 quia
619 1269 754 1344 scilicet
785 1267 948 1344 dedicavi
981 1287 1044 1343 me
1074 1269 1161 1342 Deo.
1192 1268 1236 1342 ut
1264 1269 1324 1344 bic
1357 1274 1443 1342 nota
1475 1267 1575 1362 qnod

404 1389 521 1485 prima
547 1380 681 1484 parsi)
713 1387 880 1463 conversi
908 1387 1109 1482 peccatoris
1142 1391 1199 1462 est
1228 1387 1397 1462 contritio
1429 1387 1573 1480 cordis;

404 1507 564 1584 secunda
589 1507 767 1583 comasio
791 1507 885 1602 oris3
916 1506 1024 1582 tortia
1048 1507 1243 1582 satisfactio
1268 1507 1407 1602 operis:
1435 1506 1472 1580 in
1498 1527 1574 1602 qua

405 1629 513 1704 tertia
540 1635 646 1724 parte
674 1627 741 1704 iste
756 1618 793 1720 (Ἴ
824 1626 954 1702 asscrd
986 1647 1028 1702 se
1060 1627 1275 1722 impeditum
1295 1647 1330 1706 a
1364 1626 1572 1720 Boniiaci03

405 1747 488 1825 ideo
507 1747 748 1842 conqueritur
773 1751 810 1822 et
834 1748 1028 1840 exclamat,
1045 1746 1190 1822 dicens:
1212 1749 1280 1820 ΑΜ
1298 1750 1440 1839 mano,
1457 1751 1574 1821 tusco!

406 1867 510 1962 quasi
534 1867 635 1960 dicat
643 1891 652 1940 :
678 1865 843 1942 dolenter
868 1865 1013 1942 resero:
1038 1866 1113 1939 beu
1140 1885 1201 1940 me
1226 1866 1426 1941 miserunt
1453 1889 1472 1940 e
1495 1871 1574 1958 pio·

406 1997 488 2062 onto
511 1989 669 2079 sarebbc,
695 1987 763 2062 nisi
794 1986 919 2061 luisset
946 1985 1162 2061 bonifacius.
1177 1990 1288 2060 -Lo
1314 1989 1483 2080 praecipe.
1510 1987 1576 2062 llic

408 2127 533 2182 comes
566 2105 733 2200 ostendit,
765 2125 882 2199 quare
911 2103 1117 2180 Bouilacius
1141 2104 1373 2199 requisiverit
1410 2126 1512 2201 eum,
1538 2115 1576 2182 et

406 2225 452 2301 ad
477 2225 584 2320 qnid;
611 2235 648 2302 et
676 2224 762 2299 dicit
785 2213 835 2318 (⁸),
861 2223 961 2317 qnod
993 2223 1041 2298 ad
1073 2223 1280 2320 gerendum
1313 2224 1451 2300 bellum
1486 2245 1576 2300 con-

406 2352 464 2421 tra
484 2345 759 2421 columbenses.
778 2342 833 2418 td
861 2344 967 2418 cuins
996 2342 1051 2418 rei
1077 2343 1351 2441 intelligentiam
1377 2309 1594 2441 oportet(⁸)'x

405 2466 525 2563 primo
557 2464 662 2557 scire,
689 2463 788 2558 qnod
818 2482 916 2538 anno
946 2463 1090 2538 Domini
1115 2463 1342 2559 Mccxcvu,
1366 2457 1493 2561 gravis
1516 2485 1576 2540 se-

405 2584 492 2658 ditio
509 2589 659 2657 ortaest
675 2583 918 2657 tremebam
936 2603 1029 2679 papa
1046 2583 1262 2676 Bonilacius,
1276 2583 1340 2677 qni
1356 2591 1577 2680 conceperat
1658 2671 1660 2678 ,

405 2701 632 2798 implacabile
648 2700 773 2775 odium
790 2707 918 2775 contra
938 2700 1017 2776 illos
1038 2700 1085 2776 de
1102 2702 1293 2795 Columna,
1311 2703 1398 2796 quia
1415 2704 1574 2778 lacobus

405 2829 444 2897 et
459 2822 590 2896 Petrus
607 2821 680 2896 duo
698 2820 899 2896 cardinales
923 2821 969 2896 de
995 2821 1055 2895 illa
1079 2821 1215 2896 familia
1236 2821 1382 2898 inerant
1399 2823 1571 2898 contrarii

406 2941 572 3018 electioni
590 2941 692 3033 eins3
718 2948 755 3014 et
780 2940 868 3034 quia
892 2939 1037 3016 Sciarra
1061 2940 1108 3016 dc
1132 2941 1312 3016 Columna
1329 2933 1575 3035 robaveratd)

407 3060 585 3155 quasdam
607 3061 742 3134 salmas
765 3058 824 3133 sui
849 3059 1022 3154 thesauri,
1044 3059 1240 3154 mandarit,
1268 3065 1309 3134 nt
1334 3060 1384 3134 illi
1408 3060 1576 3136 cardina·

407 3181 473 3274 los,
503 3179 728 3274 deponerent
752 3177 921 3274 capellos,
950 3178 1104 3274 insignia
1117 3168 1155 3270 (θ)
1182 3179 1435 3255 cardinalatus.
1464 3181 1575 3274 Quos,

408 3320 495 3376 cum
509 3320 581 3375 nou
594 3304 778 3394 parerent,
791 3303 829 3374 et
844 3305 996 3374 ceteros
1014 3297 1109 3372 illius
1127 3299 1272 3373 lamiliae
1288 3299 1444 3394 privavit
1455 3299 1578 3373 omui-

408 3415 683 3493 busbeneficiis
707 3423 745 3493 et
769 3417 977 3492 honoribus.
1004 3417 1144 3492 Eorum
1169 3417 1301 3512 palatia
1320 3417 1358 3491 in
1376 3418 1469 3492 urbe
1493 3417 1577 3494 iecit

407 3537 514 3630 dirui,
535 3537 682 3612 castella
707 3536 923 3633 oppugnari,
942 3541 979 3610 et
996 3541 1101 3630 capta
1123 3537 1283 3630 aequavit
1308 3537 1398 3632 solo,
1425 3538 1483 3612 vel
1502 3543 1578 3612 tra·

407 3655 496 3730 didit
521 3655 670 3751 Ursinis,
688 3661 731 3729 ut
756 3655 926 3730 redderet
950 3675 1015 3731 eos
1040 3655 1187 3731 iniustos
1211 3648 1576 3751 Columnemibuslb.

407 3775 452 3847 Et
476 3773 625 3849 bannita
656 3793 769 3848 cruce
797 3781 925 3848 contra
951 3792 1026 3868 eos,
1052 3775 1191 3850 obsedit
1216 3775 1402 3852 civitatem
1427 3778 1578 3874 Nepesi-

408 3911 507 3984 nam,
542 3912 655 3984 quam
689 3893 836 3967 andem
868 3893 996 3967 babuit
1028 3913 1112 3968 cum
1146 3893 1254 3970 certis
1283 3896 1406 3990 pactis.
1440 3897 1578 3972 Deinde

410 4030 483 4084 non
501 4011 633 4085 -valens
662 4031 795 4106 capere
819 4012 1004 4087 Praeneste
1027 4011 1212 4087 civitatem
1244 4013 1577 4111 inexpugnabilem,

409 4127 533 4205 habito
558 4129 707 4205 consilio
731 4128 882 4224 audivit,
906 4129 1005 4224 quod
1030 4149 1154 4207 comes
1174 4131 1221 4206 de
1249 4133 1488 4229 llonteleltro,
1514 4136 1578 4231 qui

409 4256 492 4325 erat
524 4249 562 4323 in
598 4248 727 4325 ordine
760 4249 959 4344 minorum,
993 4251 1093 4324 solus
1127 4257 1272 4347 poterat
1300 4252 1423 4330 lacere
1459 4255 1595 4350 ipsum.

411 4373 618 4463 compotem
656 4369 743 4462 voti,
780 4369 880 4443 misit
915 4388 983 4464 pro
1022 4389 1080 4464 eo,
1113 4390 1249 4466 rogans
1277 4379 1315 4446 et
1343 4373 1513 4468 suadens,
1538 4383 1581 4450 ut

471 4637 546 4700 (¹)1l
562 4649 622 4702 pon
637 4637 804 4690 mtudoulr
817 4641 858 4690 sn
873 4637 995 4691 mantuo
1010 4637 1104 4700 cord‘m
1119 4639 1583 4704 mammonam·

409 4714 450 4763 m
463 4713 742 4849 tsqqlqtinqffiquumm
758 4804 785 4842 sc
800 4791 878 4842 tubus
895 4789 1057 4854 impeditum.

472 4860 498 4922 ω
515 4859 546 4912 ll.
563 4863 632 4924 dlclt,
649 4865 681 4915 od
696 4866 898 4930 aggrediendum
914 4865 1023 4918 bellum.
1132 4867 1159 4930 (Ἴ
1176 4871 1231 4926 llo,
1246 4869 1358 4932 upedlt.

473 4934 500 4997 l'l
516 4935 547 4988 ll.
563 4938 665 4990 monn
679 4942 811 5007 quondm
1130 4942 1158 5006 ρ)
1173 4943 1205 4996 n.
1221 4948 1250 4995 et
1264 4945 1379 5010 megala

411 5015 790 5157 qmdfflumueustbm:
806 5027 831 5074 ct
848 5021 952 5074 huntio
966 5033 1055 5082 omos,
1071 5020 1172 5074 obrodit
1192 5023 1292 5088 uquot
1308 5025 1357 5078 nlla
1376 5038 1470 5078 eornm
1486 5031 1580 5086 outre,
