4526 6836
1495 985 1540 1054 63

369 1371 861 1454 caurusvvons1uus,n
883 1393 944 1458 qo
965 1378 1083 1440 saue
1111 1373 1151 1440 o
1178 1379 1295 1457 ome
1323 1373 1432 1459 suaa
1453 1380 1483 1440 ev
1504 1375 1545 1442 o

440 1484 1543 1571 oenomaum,qofmmarenemayomo

442 1598 533 1666 sse
549 1597 639 1664 rosa
652 1598 707 1682 qur
720 1599 897 1664 mosao
914 1594 1095 1676 mrum,
1112 1595 1169 1662 un
1181 1600 1277 1662 aab
1292 1596 1356 1678 sun
1378 1596 1541 1684 voque.

444 1730 483 1778 aa
503 1711 599 1776 oren
618 1708 767 1792 moysea
788 1707 958 1774 maome
979 1705 1089 1787 seur,
1111 1713 1141 1774 e
1163 1707 1298 1774 nomm
1318 1708 1497 1776 mrum.

450 2005 556 2175 Dr
576 2113 675 2167 nova
691 2114 785 2187 peno
801 2095 850 2166 mi
866 2113 998 2168 concon
1011 2097 1194 2188 furcosi
1209 2095 1407 2189 Postquam
1425 2093 1463 2168 in
1479 2115 1545 2168 su·

376 2215 522 2314 poriori'
534 2213 694 2310 capituto
718 2213 886 2308 proxime
906 2213 1126 2308 procedenti
1141 2221 1252 2290 autor
1268 2219 1393 2288 noster
1409 2219 1547 2290 tracta-

375 2337 427 2412 vit
443 2327 481 2430 (¹)
507 2342 546 2410 et
560 2331 818 2410 determinavit
833 2332 880 2408 de
901 2332 1055 2408 materia
1074 2331 1373 2427 simoniacorum,
1391 2333 1456 2428 qui
1473 2355 1547 2429 pu·

376 2457 529 2532 niuutur
552 2454 590 2528 in
614 2453 723 2532 tertia
742 2453 878 2549 butgiu,
900 2473 998 2528 nunc
1023 2458 1290 2547 consequenter
1315 2453 1354 2526 in
1376 2455 1546 2548 praeseuti

376 2574 534 2671 capitulo
550 2573 618 2647 XX
631 2564 669 2665 (¹)
694 2573 824 2669 agitet
843 2577 976 2648 tractat
990 2571 1038 2647 de
1054 2578 1163 2667 piena
1178 2571 1469 2667 divinatomm*,
1483 2573 1548 2666 qui

377 2694 581 2790 puniuntur
605 2692 643 2768 in
668 2702 799 2786 quartu
831 2691 980 2788 bulgia3
1011 2698 1048 2767 et
1076 2691 1172 2766 istud
1199 2691 1400 2787 capitulum
1431 2698 1549 2788 potest

351 2813 540 2889 ¹breviter
569 2811 678 2886 dividi
709 2811 746 2885 in
777 2815 938 2906 quatuor
971 2819 1093 2907 partes
1123 2813 1325 2908 generales.
1357 2812 1397 2888 br
1430 2813 1548 2907 prium

379 2954 540 3028 quarum
564 2939 675 3007 autor
698 2931 871 3008 describit
895 2952 1042 3026 poenam
1068 2931 1345 3007 divinatorum*
1358 2924 1396 3026 (³)
1421 2933 1459 3007 in
1482 2953 1550 3031 ge-

379 3051 494 3128 nerali
512 3040 560 3145 (⁸).
586 3054 627 3127 lu
652 3051 812 3128 secuma
838 3051 1011 3127 describit
1035 3051 1213 3146 quosdam
1238 3053 1461 3130 divinatores
1484 3075 1552 3130 an-

378 3173 498 3268 tiquos
532 3171 692 3247 famosos
724 3170 762 3245 in
796 3171 948 3247 diversis
982 3171 1173 3267 speciebus
1212 3171 1452 3267 divinationis,
1477 3173 1551 3249 ibi:

380 3295 523 3370 briccio
548 3293 584 3366 in
615 3297 712 3366 testo.
744 3292 784 3365 tn
816 3291 924 3367 tertia
954 3290 1040 3366 tacit
1068 3311 1182 3366 unam
1214 3291 1490 3388 digressionem,
1516 3293 1552 3366 iri

381 3432 456 3507 qua
479 3410 650 3487 describit
664 3411 850 3486 Mantuam
868 3411 1023 3506 patriam
1041 3410 1190 3508 Virgilii,
1212 3410 1285 3485 ibi:
1303 3416 1431 3486 Porcio
1452 3415 1514 3487 cte
1530 3415 1556 3486 'i

377 3534 502 3625 padre.
527 3531 569 3604 ln
594 3535 727 3624 quarta
754 3537 792 3604 ot
816 3529 946 3606 ultima
969 3539 1079 3607 autor
1105 3531 1304 3606 revertitur
1329 3532 1375 3606 ad
1395 3532 1552 3628 primam

382 3651 586 3744 matonam,
612 3655 650 3726 et
680 3649 845 3725 nominat
874 3649 1017 3745 aliquos
1034 3641 1072 3742 (⁵)
1105 3650 1196 3726 alios
1225 3651 1447 3730 divinatores
1475 3660 1551 3729 tam

380 3771 550 3866 antiquos
575 3789 687 3865 quam
714 3770 922 3862 modernos,
948 3769 1024 3844 ibi:
1050 3775 1114 3844 Mo
1147 3771 1279 3845 duomi.
1312 3771 1366 3846 ad
1397 3772 1555 3868 primam

382 3891 463 3966 dieo
487 3891 586 3985 quod
610 3897 720 3965 autor
744 3889 916 3965 describit
938 3911 1088 3986 poenam
1113 3889 1360 3966 divinatorum
1380 3893 1418 3968 in
1442 3913 1557 3990 gano-

386 4009 463 4104 raii,
488 4017 526 4084 st
548 4010 668 4106 primo
692 4010 820 4086 volens
846 4009 1083 4106 magnificare
1110 4011 1219 4084 istam
1248 4013 1441 4087 materiam
1472 4034 1558 4108 pro-

385 4129 485 4225 ponit
502 4120 538 4221 (ἢ
565 4129 669 4205 nobis
693 4129 804 4226 ipsius
829 4127 1094 4222 difficultatem,
1127 4129 1274 4204 dicens:
1300 4134 1334 4204 st
1356 4136 1404 4204 nri
1426 4153 1558 4206 moveo
1705 4193 1709 4202 .

382 4253 446 4343 sor
470 4252 574 4341 cersi,
592 4249 728 4326 scilicet
746 4247 956 4343 vitbimicos,
974 4249 1013 4321 di
1031 4269 1127 4322 noco
1138 4269 1244 4344 mrsu,
1266 4248 1358 4326 idest
1382 4258 1559 4326 extranea

385 4376 423 4444 ct
445 4369 591 4446 divorsa
616 4371 776 4444 multum
800 4369 849 4445 ab
872 4367 963 4463 aliis,
989 4375 1027 4443 et
1050 4369 1162 4444 etiam
1184 4369 1272 4464 quia
1288 4371 1433 4448 noviter
1457 4369 1561 4446 adin-

385 4495 493 4564 venta
510 4509 534 4564 a
551 4508 624 4584 me,
642 4495 680 4564 et
705 4509 909 4582 numquam
937 4487 1021 4564 ficta
1046 4509 1113 4584 per
1130 4488 1334 4586 Virgilium,
1359 4511 1481 4586 noque
1501 4512 1561 4566 so-

445 4727 473 4788 t')
489 4725 519 4776 n
536 4727 657 4778 trusbut
671 4726 705 4778 ds
720 4728 879 4778 materia·
890 4731 944 4787 tto,
961 4727 1080 4778 tractavit
1097 4727 1130 4777 ds
1148 4739 1223 4792 puna
1239 4725 1452 4779 montuosum.

447 4799 475 4862 (¹)
491 4803 522 4852 E.
539 4801 590 4852 XX
607 4808 711 4854 tractat.

448 4876 475 4936 (¹)
491 4877 527 4927 ιο
542 4877 632 4940 parato
648 4877 689 4928 tra
703 4880 712 4930 t
728 4879 779 4929 dus
795 4879 929 4929 moisen!
946 4891 1010 4929 sono
1025 4882 1091 4928 state
1108 4878 1221 4943 tangitis
1236 4879 1279 4931 dal
1294 4877 1388 4931 Codice
1406 4885 1460 4932 ttt.

446 4950 476 5015 θ)
490 4953 521 5004 n
539 4954 671 5018 manti,
692 4960 720 5005 st
739 4955 772 5005 ds
793 4955 847 5018 ipsa
867 4957 921 5019 agit
940 4955 967 5006 tn
988 4955 1072 5018 prima
1089 4955 1165 5005 butus
1181 4957 1287 5020 capituti
1304 4963 1386 5020 parts.
1403 4958 1433 5008 ln
1450 4954 1563 5006 secunda

388 5032 461 5088 parte
477 5029 583 5092 canituli
599 5029 730 5082 describit.

449 5103 477 5166 (¹)
495 5109 549 5165 ttt,
567 5107 675 5172 aliquot.
1060 5107 1088 5169 ς’)
1104 5108 1130 5158 S.
1148 5109 1228 5171 pond.
1340 5153 1342 5158 .
