4526 6836
714 948 736 1014 c
1112 959 1317 1014 conamen
1342 959 1494 1013 ruranm

711 1104 773 1176 cbc
797 1107 834 1178 la
856 1105 977 1196 primo
1001 1104 1118 1196 bolqtc
1141 1125 1206 1178 ero
1230 1107 1370 1196 upum,
1388 1103 1473 1198 quia
1494 1103 1657 1178 maxima
1681 1109 1737 1178 est
1762 1102 1887 1176 multi-

714 1223 804 1298 tudo
835 1223 1011 1298 lenonum
1042 1224 1169 1300 talium
1202 1223 1339 1320 ubique
1371 1231 1570 1318 terrarum,
1605 1245 1625 1296 e
1656 1226 1888 1316 lipematorr'

712 1366 825 1420 mono
849 1348 982 1438 madi,
999 1345 1091 1420 idest
1115 1344 1214 1439 nudi,
1232 1350 1291 1420 act
1310 1348 1433 1440 fondo,
1450 1345 1543 1420 idest
1568 1344 1605 1418 in
1630 1344 1777 1439 planitie
1797 1364 1887 1418 con·

713 1485 803 1540 cava
841 1463 951 1538 buius
988 1464 1118 1560 primm
1153 1465 1288 1561 bulgiae
1304 1459 1341 1556 (¹)
1379 1484 1509 1540 versus
1545 1483 1632 1558 nos3
1663 1463 1745 1540 ideo
1783 1464 1886 1538 dicit:

713 1587 854 1659 oerso’t
877 1587 991 1678 volto,·
1015 1590 1053 1660 et
1077 1585 1134 1660 isti
1160 1592 1265 1659 erant
1288 1587 1451 1681 lenones,
1469 1607 1488 1658 a
1503 1587 1542 1658 di
1558 1575 1608 1676 tt,
1626 1583 1716 1660 idest
1738 1585 1835 1660 ultra
1850 1577 1888 1678 (²)

714 1706 878 1782 medium
906 1704 1038 1801 bulgiae
1055 1705 1166 1800 ibant,
1184 1727 1251 1778 coo
1266 1709 1340 1798 noi,
1358 1706 1445 1800 quia
1461 1705 1598 1782 scilicet
1615 1705 1787 1782 tenebant
1805 1725 1889 1800 spa-

715 1826 811 1900 tulas
835 1845 960 1900 versas
984 1825 1099 1920 nobis,
1116 1825 1166 1900 ita
1191 1824 1292 1920 quod
1316 1826 1417 1900 ibant
1441 1826 1535 1900 sicut
1552 1846 1630 1920 uos,
1647 1832 1684 1900 et
1705 1826 1762 1899 isti
1779 1832 1887 1900 erant

713 1945 927 2041 deceptores
951 1945 1151 2020 mulierum
1176 1966 1245 2041 pro
1270 1967 1321 2040 se,
1339 1953 1377 2020 et
1392 1945 1494 2021 dicit:
1513 1967 1572 2020 mu
1587 1967 1655 2020 coo
1666 1949 1767 2039 posci
1783 1967 1886 2038 maq-

713 2068 821 2157 mon,
846 2065 951 2160 quasi
975 2065 1070 2140 dicat
1084 2055 1147 2157 (ἦε
1172 2065 1273 2140 ibant
1297 2066 1459 2140 velocius
1483 2086 1596 2161 quam
1618 2086 1697 2160 nos,
1714 2067 1801 2160 quia
1823 2086 1889 2141 nos

714 2184 859 2258 ibamus
883 2185 982 2260 leuto
1006 2204 1072 2278 per
1096 2195 1246 2279 pontem
1275 2184 1354 2260 sine
1383 2205 1493 2280 poena
1519 2191 1691 2281 urgente3
1722 2185 1772 2260 illi
1797 2205 1887 2260 vero

714 2305 914 2380 currebant
938 2303 1149 2380 festinanter
1182 2325 1249 2401 per
1279 2305 1412 2380 vallam
1446 2305 1591 2401 impulsi
1608 2294 1643 2398 (⁴)
1671 2304 1888 2380 verberibus

714 2424 994 2500 daemoniorum.
1007 2429 1181 2498 -Comc
1209 2426 1274 2500 llic
1298 2433 1407 2502 autor
1424 2425 1580 2520 explicat
1598 2426 1749 2501 modum
1775 2401 1914 2502 eundi*

715 2545 861 2620 obviam
887 2565 954 2641 per
979 2565 1093 2620 unam
1118 2546 1277 2620 nobilem
1295 2547 1618 2642 comparationem.
1637 2547 1690 2620 Ad
1707 2547 1813 2622 cuius
1830 2547 1886 2620 iu-

716 2665 952 2762 telligentiam
970 2665 1109 2740 claram
1128 2671 1182 2740 est
1198 2665 1359 2743 breviter
1376 2666 1565 2752 sciendum
1582 2666 1681 2762 quod
1700 2667 1738 2742 in
1757 2667 1887 2761 MCCC,

718 2787 755 2860 in
791 2806 867 2880 quo
903 2805 1000 2860 anno
1038 2792 1148 2860 autor
1181 2784 1328 2881 inooepit
1368 2786 1464 2861 istud
1505 2787 1625 2862 nobile
1656 2808 1760 2883 opus,
1794 2807 1887 2882 papa

717 2905 922 2980 Boniiacius
948 2904 1034 2998 Vlll‚
1066 2911 1154 2979 tuuc
1191 2905 1320 2980 sedens
1361 2906 1398 2980 iu
1431 2906 1517 2982 sede
1547 2907 1656 3002 Petri,
1690 2906 1788 2982 dedit
1820 2927 1887 3004 ge·

717 3028 881 3102 noralem
914 3025 1174 3122 indulgentiam
1206 3033 1441 3121 peccatorum
1475 3027 1512 3100 in
1540 3029 1646 3122 urbe,
1679 3028 1726 3102 ad
1761 3047 1887 3123 quam,

716 3147 811 3222 sicut
835 3144 993 3221 vidimus
1013 3146 1050 3219 in
1070 3145 1226 3242 lllCllssL,
1243 3147 1408 3221 cucurrit
1432 3148 1594 3223 maxima
1620 3148 1815 3224 multitudo
1840 3135 1896 3222 eu⁴

715 3265 886 3341 omnibus
912 3264 1121 3362 regionibus
1153 3272 1191 3340 et
1219 3266 1426 3342 nationibus
1451 3267 1701 3342 obedientibus
1726 3268 1887 3342 ecclcsiae

717 3407 891 3461 romanae.
919 3384 1021 3460 Unde
1050 3393 1199 3481 propter
1228 3387 1379 3461 nimiam
1413 3409 1624 3483 pressuram
1655 3389 1821 3484 gentium
1852 3388 1887 3462 in

715 3508 870 3584 transitu
896 3506 1013 3602 pontis
1037 3527 1149 3602 supra
1174 3507 1343 3602 Tiberim,
1365 3527 1412 3582 ne
1435 3509 1549 3604 aliqui
1573 3530 1596 3584 a
1621 3510 1797 3586 lateribus
1824 3530 1888 3584 ca-

715 3629 845 3703 derent
874 3627 910 3700 in
940 3647 1038 3722 aqua
1052 3618 1088 3720 (⁵)
1123 3633 1161 3703 et
1193 3628 1474 3724 suffocarentur,
1500 3629 1669 3706 inventus
1702 3637 1757 3705 est
1791 3631 1887 3704 utilis

718 3748 860 3840 modus,
886 3746 1020 3822 scilicet
1055 3753 1098 3820 ut
1129 3748 1310 3843 peregrini
1343 3755 1484 3842 euntes,
1510 3748 1673 3825 iacerent
1696 3750 1743 3825 de
1777 3757 1888 3846 ponte

717 3869 964 3965 perlongum
997 3867 1089 3942 duas
1121 3874 1255 3962 partes,
1285 3869 1333 3942 ita
1368 3869 1479 3964 quod,
1514 3870 1578 3963 qui
1611 3870 1713 3945 ibant
1745 3871 1791 3946 ad
1824 3891 1887 3946 ec-

717 3988 864 4064 clesiam
899 3987 1013 4062 sancti
1048 3987 1143 4061 Petri
1178 4007 1244 4082 per
1279 4009 1390 4064 unam
1423 3989 1654 4064 medietatem
1681 3991 1799 4086 pontis
1826 4011 1887 4066 re·

717 4109 915 4205 spiciebant
946 4128 1076 4182 versus
1110 4109 1298 4184 castellum
1337 4110 1451 4184 sancti
1484 4110 1622 4208 Angeli,
1660 4117 1698 4187 et
1730 4111 1791 4215 illi,
1823 4112 1886 4206 qui

718 4230 884 4304 redibant
908 4229 955 4303 ab
981 4229 1204 4326 indulgentia
1229 4229 1329 4304 ibant
1354 4231 1553 4324 paraliam
1575 4231 1806 4308 medietatem
1825 4253 1887 4306 re-

719 4350 908 4446 spicientos
936 4369 1062 4424 versus
1089 4357 1263 4425 montem.
1298 4352 1351 4424 lta
1365 4341 1401 4442 (⁶)
1437 4371 1460 4425 a
1490 4351 1595 4424 simili
1628 4352 1664 4428 in
1702 4353 1885 4449 proposito

717 4469 828 4564 aliqui
855 4470 1009 4543 istorum
1036 4468 1292 4566 instigatorum
1307 4459 1344 4562 (⁷)
1381 4470 1481 4544 ibant
1514 4471 1561 4546 ad
1592 4472 1773 4548 sinistram
1800 4495 1886 4550 ver-

780 4703 807 4766 (')
825 4709 879 4765 116,
897 4705 999 4770 bulgio,
1022 4707 1047 4756 ci
1066 4708 1161 4758 centon
1181 4709 1226 4758 dol
1245 4709 1325 4773 mcqic
1345 4709 1375 4758 in
1395 4723 1454 4774 qao,
1472 4709 1536 4760 idest
1551 4722 1567 4760 a
1583 4710 1668 4761 medlo
1685 4711 1777 4774 prime
1793 4712 1887 4778 bulgio

716 4793 807 4832 verant
823 4795 878 4832 noc
895 4782 957 4832 ldeo
973 4783 1044 4834 dicit.

780 4857 808 4920 (¹)
824 4859 849 4910 s.
867 4858 937 4909 ultra
954 4859 1090 4911 dimidium
1107 4861 1210 4926 bulgio.
1331 4861 1358 4926 (¹)
1375 4865 1405 4916 ll.
1421 4865 1494 4928 quad
1509 4864 1593 4915 dicat:
1609 4865 1669 4928 qutr
1683 4878 1731 4916 nor
1747 4865 1855 4917 ibamus.

780 4933 807 4996 (⁸)
824 4933 854 4985 E.
872 4935 975 4998 impulsi
991 4937 1064 4987 duris
1081 4937 1212 4990 laboribus
1227 4943 1255 4990 et
1270 4939 1468 4990 verberibua.-
1478 4939 1503 4990 S.
1520 4940 1623 5003 impulsi
1639 4941 1711 4992 duris
1727 4941 1886 4996 verberibus.

780 5011 808 5076 (¹)
824 5011 858 5072 S.¹
877 5014 921 5062 nc
937 5025 952 5062 a
968 5013 999 5064 ll.
1015 5014 1041 5064 in
1057 5027 1158 5078 aquam.
1332 5013 1358 5076 (⁸)
1375 5019 1429 5077 tta,
1446 5017 1485 5066 lta
1501 5017 1571 5084 quod
1587 5031 1601 5067 ι
1617 5017 1703 5070 simili.

780 5087 806 5152 (¹)
823 5087 853 5139 n.
871 5087 1046 5156 litigatorum.
