4534 6842
660 1032 663 1038 ,
748 969 887 1030 murus
912 969 1103 1028 mammos
1126 970 1288 1029 rnnrms.
1529 961 1598 1034 lut

428 1124 485 1194 est
508 1123 687 1213 perpetuo
713 1120 898 1215 relegatus
914 1139 937 1193 a
954 1117 1091 1193 ooelerti
1110 1117 1237 1214 patria.
1257 1118 1301 1194 Et
1321 1119 1379 1194 hic
1399 1129 1485 1198 nota
1502 1124 1602 1217 quod

427 1246 537 1314 autor
563 1237 665 1335 lingit
690 1239 880 1335 Virgilium
905 1239 957 1314 sic
982 1239 1111 1312 mirari
1144 1257 1190 1314 ex
1223 1257 1269 1314 eo
1300 1241 1398 1333 quod
1429 1241 1496 1318 iste
1525 1249 1600 1334 tam

428 1361 642 1436 mirabiliter
667 1379 779 1454 qnam
806 1361 1018 1456 ignoranter
1043 1359 1283 1455 prophetavit,
1297 1381 1376 1434 non
1396 1361 1599 1460 intelligens

427 1499 468 1556 se
493 1482 631 1576 ipsum3
657 1499 743 1556 nam
776 1481 832 1554 vir
862 1480 1005 1575 sapiens
1034 1479 1191 1553 miratur
1206 1473 1242 1572 (¹)
1276 1501 1373 1576 saepe
1403 1481 1529 1558 videns
1561 1485 1598 1558 in

428 1599 535 1674 simili
559 1601 706 1694 multos,
733 1600 796 1693 qui
821 1599 983 1674 divinant
1009 1606 1167 1675 mortem
1201 1602 1260 1676 vel
1291 1600 1437 1676 ruinam
1473 1602 1529 1676 sui
1560 1608 1598 1678 et

429 1739 595 1814 suorum,
613 1738 687 1793 non
712 1718 951 1815 intelligentes
977 1719 1063 1813 quid
1088 1719 1220 1794 dicant
1240 1720 1342 1795 Unde
1358 1721 1524 1797 mirabile
1540 1721 1597 1796 vi-

428 1839 538 1917 detur
562 1839 661 1914 unde
686 1841 755 1915 hoc
781 1840 983 1935 proveniat,
1009 1841 1068 1914 vel
1094 1841 1210 1914 voluit
1233 1841 1355 1916 dicere
1383 1843 1420 1915 in
1445 1843 1503 1919 illa
1528 1845 1596 1919 ad-

429 1959 641 2034 miratione:
675 1959 729 2033 bh
760 1965 897 2053 quanta
931 1961 1028 2034 mala
1060 1957 1280 2054 proveniunt
1312 1961 1360 2034 ab
1393 1961 1594 2057 hypocrisi!

429 2080 505 2153 imo
531 2079 645 2154 multa
671 2085 708 2154 et
733 2100 868 2177 magna
884 2081 984 2155 mala
1001 2080 1211 2156 habuerunt
1227 2086 1350 2154 ortum
1367 2101 1390 2154 a
1408 2079 1596 2176 religione,

428 2201 521 2274 sicut
546 2199 669 2274 scribit
694 2200 793 2274 Titus
810 2200 932 2275 Livius
952 2200 999 2274 de
1019 2199 1277 2274 bachanalibus
1293 2217 1406 2274 causa
1429 2201 1594 2276 omnium

428 2319 662 2416 flagitiorum.
677 2322 872 2392 -Poru'o
890 2319 995 2392 Nunc
1014 2323 1124 2393 autor
1148 2318 1265 2413 tangit
1283 2337 1468 2394 recessum
1487 2341 1597 2396 suum

428 2439 476 2513 ab
502 2439 707 2535 hypocritis.
734 2437 820 2512 ldeo
843 2438 939 2513 bene
963 2437 1067 2533 fingit
1091 2436 1282 2532 Virgilium
1312 2447 1437 2532 petere
1467 2438 1514 2514 de
1538 2440 1598 2515 via

428 2559 585 2633 tenenda
610 2559 658 2632 ab
683 2558 744 2632 illo
768 2558 882 2632 tratre
907 2558 1091 2650 Catelano,
1108 2577 1193 2631 cnm
1220 2577 1295 2650 quo
1320 2558 1501 2636 habuerat
1521 2579 1600 2634 ser-

429 2696 578 2751 monem
604 2677 808 2771 hueusque.
834 2676 937 2752 Unde
960 2675 1045 2751 dicit
1058 2668 1121 2768 (br
1146 2683 1185 2750 et
1201 2677 1261 2751 ille
1277 2676 1457 2774 Virgilius,
1475 2682 1598 2771 porcio

428 2789 554 2870 drizzd
578 2800 672 2871 cotol
693 2815 775 2870 uoce
798 2800 837 2870 ol
856 2800 963 2890 frete,
990 2795 1125 2872 scilicet
1147 2797 1338 2872 catelano:
1367 2816 1440 2870 non
1465 2801 1501 2870 oi
1523 2801 1597 2872 dis-

421 2920 562 3010 piomr'u
585 2919 676 2990 dirui
698 2919 728 2989 d
739 2938 765 2990 a
788 2920 826 2990 lo
849 2937 934 2990 mna
958 2919 1078 2990 metro
1100 2919 1199 3008 piace
1223 2919 1350 2990 oleum
1371 2920 1462 3010 socc,
1491 2916 1594 3012 idest,

424 3030 546 3129 aliqua
571 3037 630 3113 via
649 3035 841 3110 recedendi
858 3035 953 3130 hinc,
971 3039 1073 3127 oudo,
1091 3035 1193 3130 idest,
1211 3055 1277 3130 per
1294 3055 1407 3129 qnam
1433 3037 1592 3132 lancem,

422 3159 484 3228 noi
507 3156 679 3247 ambedui,
704 3155 840 3232 scilicet
870 3173 942 3250 ego
974 3155 1145 3252 Virgilius
1176 3161 1214 3229 et
1242 3157 1387 3250 Dantes,
1413 3160 1593 3249 perclamo

423 3278 550 3350 meru
572 3295 681 3348 rma
705 3277 925 3366 mmtiuper
948 3277 1042 3366 deph'
1065 3278 1183 3366 capeti
1210 3279 1299 3368 neri,
1315 3275 1419 3370 idest,
1440 3275 1487 3350 de
1515 3275 1594 3351 dia·

423 3393 515 3469 bolls
552 3393 689 3489 nigris3
726 3413 812 3468 nam
847 3394 1014 3468 diabolus
1049 3400 1105 3469 est
1137 3394 1302 3490 angelus,
1336 3395 1400 3470 sed
1441 3397 1596 3493 angelus

424 3514 555 3608 malus,
580 3513 686 3607 quasi
712 3513 818 3607 dicat,
834 3513 977 3606 absque
994 3533 1051 3609 eo,
1069 3513 1169 3607 quod
1194 3522 1428 3589 revertamur
1448 3515 1494 3588 nd
1512 3535 1593 3589 ma·

425 3653 494 3706 nus
518 3631 789 3708 baratariornm
817 3633 881 3725 qui
905 3633 1104 3706 voluerunt
1124 3651 1257 3728 capere
1283 3653 1360 3728 nos,
1378 3653 1465 3708 cum
1483 3635 1597 3710 debe-

350 3783 353 3788 ·
424 3755 513 3828 bant
537 3773 603 3827 nos
627 3758 792 3827 scortare
816 3771 966 3827 securos
991 3773 1057 3848 per
1075 3758 1194 3826 totum
1212 3753 1439 3828 territorium
1457 3754 1596 3828 domini

424 3891 567 3966 eorum,
594 3873 657 3966 qui
683 3871 832 3946 miserat
863 3891 948 3966 eos;
975 3871 1057 3946 ideo
1081 3871 1188 3946 dicit:
1214 3874 1275 3945 olle
1306 3891 1444 3964 cepnae
1475 3875 1509 3945 α’
1521 3881 1594 3947 erlo

424 3994 535 4086 sendo
559 4013 583 4063 n
607 3995 800 4084 diportirci.
826 3992 929 4065 Unde
953 3992 1105 4066 adverte
1123 3991 1221 4085 quod
1239 3991 1409 4086 Virgilius
1427 3992 1516 4085 petit
1534 3993 1593 4066 hic

426 4111 616 4186 certiorari
640 4111 688 4186 ab
707 4110 776 4185 isto
800 4111 987 4207 hypocrita
1011 4110 1058 4186 de
1083 4129 1129 4184 eo
1154 4110 1252 4203 quod
1274 4109 1342 4184 sibi
1358 4109 1501 4184 dixerat
1509 4111 1593 4184 lla-

425 4230 578 4306 lanauda
602 4250 713 4325 supra
739 4233 775 4306 in
801 4231 959 4327 capitulo
983 4231 1077 4326 xxl,
1100 4230 1162 4304 ubi
1179 4230 1334 4322 dixerat,
1352 4249 1475 4322 presso
1492 4224 1529 4303 de
1544 4252 1592 4303 un

423 4353 518 4424 altro
539 4353 671 4442 roopllo
695 4353 756 4424 ote
779 4355 838 4424 oin
859 4355 951 4444 soce,
977 4356 1015 4426 et
1040 4350 1287 4425 mentiebatur
1303 4369 1369 4444 per
1385 4350 1522 4445 gulam.
1548 4351 1593 4426 Et

424 4476 510 4545 nota
535 4470 633 4563 quod
659 4469 830 4566 Virgilius
855 4470 972 4543 utitur
996 4469 1141 4544 cautela
1160 4469 1344 4564 loquendi,
1365 4468 1513 4563 quando
1537 4466 1594 4544 di-

423 4589 494 4664 cit:
518 4609 557 4662 re
581 4593 616 4662 oi
639 4593 720 4680 lere,
737 4589 840 4683 idest
859 4589 887 4662 si
905 4588 1044 4664 licitum
1062 4595 1119 4664 est
1143 4589 1244 4664 vobis
1260 4589 1403 4684 dicere;
1421 4589 1471 4663 ita
1493 4590 1591 4665 enim

423 4709 601 4786 debemus
624 4709 725 4804 loqui
750 4709 946 4805 hypocritis
970 4709 1033 4802 qui
1058 4716 1208 4784 serrant
1240 4709 1436 4804 silentium,
1471 4715 1508 4786 et
1538 4712 1595 4785 lo-

424 4834 590 4924 quuntur
615 4847 714 4922 mro,
740 4829 844 4923 quasi
869 4828 987 4903 dicat:
1014 4827 1043 4902 si
1068 4829 1215 4924 potestis
1240 4829 1381 4923 absque
1405 4829 1593 4906 olleudere

485 5081 799 5148 (tumtum
1096 5083 1344 5150 menorans
