4566 6844
728 953 867 1010 murus
889 951 1106 1010 ruuucsruus
1130 948 1293 1008 cunnus.
1521 935 1592 1008 aar

421 1098 511 1176 dear
528 1097 591 1176 tibi
608 1096 742 1176 iniuste
758 1117 871 1195 agere
888 1103 1017 1174 contra
1034 1098 1326 1174 eum-Breve.
1344 1093 1450 1172 Nunc
1468 1111 1594 1168 coruee

422 1217 548 1294 votens
573 1235 728 1294 narrare
743 1216 865 1294 autori
882 1215 1168 1294 infelicissimum
1185 1233 1313 1290 cesum
1331 1232 1455 1306 suum,
1473 1211 1594 1306 primo

422 1336 578 1414 ostendit
597 1336 783 1431 quomodo
808 1335 973 1432 praevidit
993 1332 1189 1410 insomnio
1207 1338 1382 1408 eventum
1400 1330 1476 1424 rei;
1494 1327 1593 1423 quud

422 1457 572 1551 quidem
597 1456 781 1532 somnium
807 1455 892 1534 tecit
916 1462 1003 1532 aute
1027 1461 1151 1532 ortum
1181 1453 1283 1547 solis3
1309 1452 1391 1528 ideo
1421 1449 1594 1528 describit

423 1583 579 1670 tempus,
604 1575 746 1654 dicens:
764 1576 867 1652 treve
877 1581 1037 1668 pertuso,
1055 1573 1157 1667 idest,
1178 1594 1336 1669 parvum
1357 1571 1536 1664 toramen,
1556 1576 1594 1644 et

423 1695 562 1770 subtilis
587 1695 720 1772 rimula
736 1715 803 1791 per
820 1716 934 1790 quam
953 1695 1079 1770 lumen
1095 1711 1244 1770 aurorae
1262 1690 1431 1784 intrabat,
1449 1693 1594 1766 m'uveu

424 1819 594 1888 maseato
618 1803 680 1904 fid
698 1809 762 1907 pru
787 1815 889 1904 turne,
914 1812 1062 1905 scilicet,
1081 1829 1240 1904 aurorae,
1261 1809 1366 1903 quasi
1386 1808 1493 1902 dicat,
1514 1809 1591 1904 iam

423 1929 616 2009 oriebatur
640 1933 726 2008 dieu.
752 1931 872 2026 Aliqui
898 1936 1027 2006 tamer
1043 1935 1164 2007 textus
1185 1929 1341 2007 hebent:
1353 1923 1418 2028 ptri
1434 1931 1527 2020 tuuc,
1546 1928 1595 2004 ita

426 2052 524 2145 quod
549 2051 694 2128 videtur
709 2051 804 2126 velle
821 2049 962 2126 dicere:
976 2051 1054 2146 jam
1073 2049 1327 2146 preterierant
1345 2049 1470 2144 piures
1492 2067 1597 2124 men·

424 2191 501 2266 ses;
527 2171 591 2248 aed
616 2164 733 2262 isici)
760 2171 865 2246 litera
891 2176 991 2246 stare
1017 2190 1091 2246 non
1115 2174 1246 2265 potest,
1264 2168 1362 2263 quia,
1383 2176 1424 2252 ut
1444 2170 1522 2263 jam
1543 2167 1598 2242 di·

425 2298 528 2366 ctum
558 2297 624 2384 est,
651 2309 776 2366 comes
804 2311 880 2366 nun
909 2288 1008 2367 stetit
1032 2289 1194 2362 inclusus
1228 2288 1266 2362 in
1298 2288 1366 2362 ista
1396 2295 1501 2364 turre
1529 2287 1596 2360 nisi

424 2405 550 2505 paucis
566 2409 705 2503 diebus,
721 2429 788 2500 per
808 2411 843 2482 tu
866 2427 931 2482 suu
944 2413 1098 2502 serame
1115 2408 1210 2483 sicut
1228 2429 1293 2502 par
1311 2407 1595 2500 columbarium,

425 2532 550 2604 denuo
574 2531 623 2604 de
647 2532 684 2603 ta
708 2531 829 2620 meda,
856 2528 958 2622 idest,
981 2529 1075 2604 intra
1102 2529 1247 2623 turrim,
1265 2529 1304 2604 in
1320 2550 1393 2622 qua
1410 2535 1491 2604 erat
1509 2547 1595 2603 cum

427 2649 508 2722 filiis
537 2647 624 2743 suis,
650 2667 734 2742 quae
765 2648 968 2724 vocabatur
998 2654 1086 2726 tuuc
1115 2667 1231 2725 aurea
1262 2647 1386 2740 muda,
1416 2647 1481 2723 sed
1509 2653 1598 2722 tuuc

425 2767 582 2842 mutavit
608 2787 756 2861 nomen,
784 2767 881 2844 unde
905 2767 1014 2844 dicit:
1040 2771 1078 2840 ta
1103 2769 1189 2859 qual
1213 2788 1281 2861 per
1310 2788 1364 2843 mc
1396 2769 1443 2840 tu
1472 2771 1500 2842 u
1526 2767 1601 2842 titul

426 2891 519 2964 uecta
541 2891 647 2982 saure,
675 2887 762 2981 quia
786 2887 833 2964 ab
867 2887 934 2962 istu
964 2893 1100 2962 eventu
1133 2885 1443 2963 damnabilissimu
1472 2891 1597 2981 postea

426 3013 557 3082 vocata
586 3012 641 3080 est
671 3005 783 3082 turris
820 3008 864 3082 de
887 3009 925 3078 ta
946 3008 1067 3100 suam
1091 3012 1128 3080 et
1152 3005 1261 3082 dicit:
1287 3009 1325 3080 iu
1356 3008 1416 3082 clu
1448 3025 1600 3080 conuerte

428 3145 540 3198 aecor
571 3129 621 3200 cit
635 3129 719 3200 ultra·
750 3129 782 3200 si
812 3128 951 3216 ctiudu,
977 3125 1082 3219 quasi
1104 3121 1233 3212 uicit:
1272 3126 1310 3202 iu
1342 3147 1415 3220 qua
1445 3131 1600 3222 oportet,

428 3245 526 3339 quud
550 3245 671 3322 adhue
696 3245 789 3320 atius
815 3244 1008 3337 moriatur,
1041 3245 1090 3318 ita
1120 3245 1219 3340 quud
1249 3266 1322 3321 nun
1355 3246 1461 3320 tuero
1489 3246 1600 3339 sulus,

428 3365 551 3440 nescio
566 3355 603 3456 (²)
628 3365 658 3438 si
683 3365 814 3458 aliquis
840 3365 909 3438 suit
934 3385 1101 3458 unquam
1128 3365 1176 3440 ibi
1195 3365 1366 3440 inclusus.
1388 3365 1459 3442 Sed
1477 3385 1601 3441 comes

428 3483 523 3559 istud
554 3483 772 3560 vaticinatur
803 3484 889 3577 quia
920 3484 1122 3562 verisimile
1157 3483 1351 3560 videbatur
1381 3485 1480 3579 quud
1509 3484 1602 3561 alius

427 3603 474 3680 de
499 3609 599 3680 terra
624 3603 684 3678 illa
709 3602 830 3680 adhuc
849 3604 951 3699 juste
974 3604 1170 3699 puniretur
1200 3603 1308 3679 simili
1337 3625 1459 3700 poena,
1487 3625 1603 3697 quun-

426 3726 510 3798 uto
532 3726 600 3816 sect
623 3727 651 3796 u
673 3727 748 3796 mul
775 3745 902 3815 sorum,
927 3723 1031 3817 idest,
1057 3725 1243 3799 somnium
1259 3714 1296 3818 (³)
1329 3725 1366 3802 in
1397 3745 1472 3818 quo
1498 3745 1602 3800 mene

430 3861 514 3918 mea
538 3859 704 3936 praesaga
731 3843 845 3916 futuri
872 3841 958 3916 mali
984 3842 1070 3935 iuit;
1100 3841 1197 3916 unde
1215 3841 1321 3916 dicit:
1339 3846 1399 3917 cite
1414 3847 1603 3938 delluturo

429 3963 478 4036 mi
500 3953 665 4052 mearet
690 3963 718 4034 u
741 3963 885 4050 volume,
913 3958 1015 4053 idest,
1042 3961 1187 4054 aperuit
1214 3969 1252 4035 et
1275 3962 1412 4038 detexit
1433 3963 1520 4038 mihi
1546 3963 1603 4040 iu·

431 4087 558 4154 turum
576 4084 769 4172 eventum3
788 4097 873 4154 nam
895 4078 1019 4154 sutura
1037 4066 1075 4171 (⁸)
1097 4080 1260 4175 praesciri
1286 4101 1360 4158 uon
1385 4088 1547 4177 possunt,
1567 4088 1605 4158 et

430 4206 556 4276 tamen
582 4198 680 4273 visus
705 4219 789 4274 sum
816 4199 903 4274 mihi
929 4199 1133 4276 certissime
1158 4199 1287 4276 videre
1312 4201 1422 4295 mala,
1438 4221 1522 4295 quae
1539 4222 1604 4297 pu·

431 4319 610 4394 rebantur
635 4316 724 4394 mihi
749 4338 815 4412 per
832 4317 911 4394 ilias
931 4338 1042 4394 canes
1068 4319 1253 4394 famelicas
1268 4311 1316 4411 (⁵).
1332 4359 1382 4374 -
1398 4321 1605 4408 onerante

431 4457 556 4514 comes
581 4445 707 4514 narrat
726 4438 887 4516 turmam
908 4437 1021 4533 ipsius
1037 4439 1185 4514 somnii.
1203 4439 1258 4516 Ad
1277 4439 1384 4516 cuius
1403 4441 1607 4538 iutelligeu

433 4557 521 4638 tiam
541 4559 624 4634 voto
642 4565 679 4633 te
693 4547 728 4650 (⁶)
756 4557 920 4634 breviter
940 4558 1047 4652 scire,
1071 4557 1170 4652 quod
1187 4577 1323 4655 comes,
1342 4559 1430 4636 dum
1447 4561 1605 4656 vivebat,

494 4743 521 4805 (¹)
537 4743 568 4794 Ε.
578 4745 624 4794 istu
634 4744 692 4795 utta
701 4745 785 4795 iiten.
888 4744 916 4808 (³)
933 4744 964 4795 E.
977 4745 1021 4794 ced
1032 4745 1119 4795 nescio
1129 4747 1149 4794 ui
1160 4745 1254 4809 uliquis
1265 4759 1379 4810 unquam
1389 4746 1469 4798 tuerit
1480 4747 1605 4798 inclutus.

494 4817 521 4880 (Ἴ
537 4820 563 4868 S.
580 4821 679 4870 muium
695 4822 834 4872 sumntum.

494 4893 522 4954 ι’)
538 4893 569 4943 E.
585 4893 673 4945 sutura
690 4895 751 4948 itaet
767 4897 882 4960 praeiri
898 4911 950 4948 nen
967 4897 1073 4959 pomini,
1091 4901 1205 4947 ettamen
1221 4897 1300 4950 rinc.

494 4970 520 5030 (⁸)
538 4969 567 5020 E.
584 4969 713 5024 amun
728 4987 792 5035 qun
807 4973 835 5024 in
850 4975 951 5024 munnio
968 4972 1028 5023 ridi.
1038 4997 1069 5010 -
1083 4969 1177 5036 Quanti.

493 5044 521 5108 (⁸)
540 5045 568 5096 E.
585 5050 611 5098 te
626 5049 692 5098 scire
707 5049 777 5114 qued
792 5051 841 5104 itte
857 5061 953 5100 cumea.
