4534 6842
736 969 875 1025 murus
899 971 1092 1028 mansurus
1115 971 1277 1028 ruamus.
1514 960 1584 1029 1111

415 1117 552 1192 riorem
587 1115 702 1190 vitum
735 1121 774 1189 et
804 1115 926 1192 lacere
958 1116 1145 1192 duriorem
1179 1117 1442 1212 poenitentiam,
1473 1139 1586 1212 quam

415 1236 551 1332 possint
574 1235 660 1330 pati,
687 1241 873 1330 portantes
897 1236 1093 1331 aliquando
1115 1235 1285 1331 cilicium,
1306 1237 1420 1312 immo
1445 1238 1586 1313 terrum

414 1354 461 1430 ad
486 1374 616 1430 carnes
641 1360 678 1429 et
703 1355 1019 1449 salemanniam
1045 1355 1158 1452 ligant
1183 1355 1421 1431 mulierculas
1444 1363 1481 1433 et
1505 1375 1589 1434 cre-

415 1475 532 1568 dulos,
558 1475 727 1568 quamvis
751 1475 798 1549 de
823 1475 879 1550 rei
904 1476 1058 1552 veritate
1084 1475 1163 1550 talis
1189 1475 1399 1570 poenlmntia
1416 1477 1498 1553 licta
1521 1477 1589 1553 de-

416 1596 501 1670 beat
516 1586 554 1686 (¹)
579 1591 686 1668 nimis
710 1614 870 1690 gravam
894 1602 932 1670 et
957 1595 1110 1691 fatigare
1126 1594 1383 1670 conscientiam
1409 1615 1588 1672 suam.-

417 1717 495 1788 utu.
521 1712 586 1788 llic
609 1720 718 1787 autor
743 1712 914 1788 describit
946 1714 1109 1788 habitum
1127 1705 1163 1806 (¹)
1197 1716 1386 1809 proprium
1418 1717 1588 1813 hypocri-

419 1840 554 1928 tarum,
571 1833 635 1928 qui
660 1832 744 1907 data
770 1852 882 1928 opera
900 1840 1045 1928 portant
1062 1838 1181 1909 vestes
1199 1834 1300 1928 viles,
1316 1834 1487 1930 abiectas,
1508 1857 1588 1911 sor-

418 1953 531 2047 didas,
548 1961 590 2027 ut
615 1953 807 2029 videantur
824 1954 918 2028 bene
937 1952 1124 2049 despicere
1139 1954 1320 2030 mundum
1342 1975 1428 2030 cum
1446 1958 1588 2051 pompis

418 2073 511 2168 suis,
537 2073 619 2148 ideo
644 2071 826 2168 specificat
850 2093 982 2170 cappas
1012 2075 1167 2152 istorum
1182 2067 1219 2168 (⁸)
1252 2096 1319 2172 per
1343 2078 1588 2172 comparatio-

418 2215 503 2270 nem
528 2213 742 2288 capparum,
768 2193 901 2288 quihus
926 2199 1083 2269 utuntur
1108 2197 1277 2271 monachi
1307 2197 1344 2270 in
1372 2197 1587 2274 Alamannia

417 2315 480 2409 qui
506 2319 652 2409 portant
676 2314 842 2389 habitum
872 2315 921 2389 ita
953 2315 1117 2411 ineptum
1148 2323 1187 2391 et
1212 2313 1420 2410 informem,
1448 2323 1586 2392 utnon

418 2434 586 2510 videatur
621 2433 758 2510 habere
794 2434 955 2529 aliquam
987 2435 1143 2510 lormam
1177 2437 1298 2528 vestis,
1333 2436 1408 2509 imo
1442 2435 1588 2512 videtur

421 2556 525 2653 quasi
551 2576 650 2630 unns
675 2575 813 2630 saccus.
840 2556 932 2633 Dicit
956 2577 1070 2655 ergo:
1088 2562 1146 2633 elli
1169 2579 1282 2634 oveco
1306 2581 1415 2654 coppe
1437 2566 1522 2656 [otte
1545 2563 1589 2634 de

418 2681 455 2750 lo
481 2677 604 2767 tnpltu,
629 2675 731 2770 idest,
756 2675 793 2750 iu
819 2675 880 2750 tali
905 2678 1039 2770 lorma,
1063 2682 1165 2752 cll'io
1193 2683 1348 2771 colopao
1368 2701 1436 2774 por
1461 2685 1588 2756 111110·

417 2799 498 2870 ouoi
520 2797 620 2890 susal.
647 2796 794 2871 Colonia
819 2803 875 2871 est
899 2797 1025 2872 civitas
1054 2818 1188 2894 magna
1213 2806 1250 2874 et
1274 2799 1467 2876 fortissima
1485 2788 1521 2892 (δ)
1549 2767 1602 2874 io⁸¹

419 2915 630 2992 Alamannia
664 2917 770 2990 bassa
804 2936 914 3012 supra
944 2918 1126 3011 Rhenum,
1160 2939 1272 3013 quam
1303 2918 1493 2994 ludificavit
1522 2939 1589 3015 ge-

418 3055 486 3111 ner
497 3027 534 3127 (³)
546 3035 714 3133 Augusti,
729 3037 827 3111 unde
843 3043 973 3113 vocata
990 3045 1045 3112 est
1057 3037 1204 3113 Colonia
1222 3038 1426 3136 Agrippina.
1442 3039 1486 3113 Et
1499 3045 1586 3114 nota

418 3157 516 3252 qnod
541 3163 652 3231 autor
676 3157 760 3232 lecit
772 3149 810 3250 (ὅ)
836 3159 1145 3254 comparationem
1163 3158 1209 3234 de
1226 3160 1347 3255 cappis
1364 3159 1439 3234 istis
1456 3179 1587 3236 mona-

418 3277 594 3371 chalibus,
620 3277 707 3370 quia
732 3275 851 3350 visum
879 3283 934 3352 est
958 3278 1025 3351 sibi
1050 3297 1123 3353 uon
1140 3277 1270 3354 vidisse
1287 3279 1401 3354 alium
1421 3279 1588 3354 habitum
1667 3273 1670 3280 ’

419 3396 682 3491 despectionem
706 3417 821 3488 quam
836 3385 873 3488 (⁷)
901 3396 1023 3470 istum
1057 3396 1159 3472 Sicut
1187 3397 1306 3495 gratia
1334 3399 1492 3494 exempli
1521 3400 1589 3474 lua·

418 3517 517 3593 bitus
541 3516 697 3591 lratrum
725 3509 911 3591 minorum
937 3517 1082 3592 videtur
1107 3519 1225 3615 magis
1257 3525 1365 3614 aptus
1393 3520 1439 3593 ad
1473 3520 1589 3615 hypo-

418 3635 552 3730 crisim,
578 3636 665 3729 qnia
689 3635 834 3710 ridetur
859 3636 965 3711 ualde
993 3637 1185 3732 despectus
1216 3639 1410 3732 plusquam
1443 3638 1589 3715 habitus

419 3755 711 3852 predicatorum,
737 3755 800 3849 qni
825 3754 971 3830 videtur
1000 3758 1161 3832 multum
1193 3757 1333 3851 nobilis,
1359 3757 1418 3832 vel
1442 3758 1588 3833 habitus

419 3877 576 3952 lratrum
601 3875 859 3970 Gaudentium,
877 3875 1075 3970 dequibus
1100 3877 1220 3954 statim
1246 3877 1398 3952 dicetur.
1418 3877 1462 3950 llt
1484 3851 1599 3954 dicit?

419 4015 486 4070 coo
501 3997 665 4087 capparoni
680 3996 775 4069 bussi
790 3998 938 4070 dinanzi
962 3999 1036 4086 apli
1059 3997 1163 4068 occla'.
1186 3995 1229 4068 Et
1246 3995 1305 4069 hic
1330 4002 1385 4070 est
1412 4017 1492 4072 mos
1517 3999 1586 4094 hy-

420 4115 568 4211 pocritae
591 4120 740 4210 portare
763 4115 890 4190 oculos
913 4115 960 4189 ad
986 4105 1186 4209 terraml⁸l,
1208 4134 1255 4189 ne
1279 4116 1395 4190 oculis
1420 4115 1588 4192 videatur

419 4235 699 4330 circumvagari,
719 4240 760 4308 ut
780 4235 832 4309 sic
857 4233 1024 4312 rideatur
1048 4253 1200 4308 servare
1220 4240 1444 4329 promptum
1472 4255 1588 4310 evan·

418 4354 514 4450 gelii,
540 4375 587 4430 ue
611 4355 741 4428 oculus
765 4353 983 4428 scandalizet
1008 4373 1107 4447 eum,
1129 4353 1319 4448 praetendit
1345 4355 1588 4430 honestatem,

480 4625 509 4688 (¹)
525 4625 550 4677 S.
566 4625 650 4676 dabui.
1085 4621 1113 4688 Γ)
1131 4630 1184 4686 llo,
1201 4631 1287 4678 actum
1305 4625 1448 4690 proprium.

483 4703 509 4764 (¹)
527 4706 581 4762 1111,
597 4716 698 4754 eorum.
1086 4702 1113 4766 (⁸)
1129 4703 1164 4762 8.,
1181 4703 1212 4753 11.
1227 4715 1243 4753 a
1260 4706 1314 4762 111,
1331 4703 1521 4754 doreutlrslutu.

481 4779 509 4842 (¹)
526 4783 579 4839 llo,
596 4778 733 4844 penetral
750 4778 882 4844 privignus
897 4777 1021 4843 Augusti.
1089 4777 1116 4839 l'l
1135 4781 1188 4840 llo,
1205 4777 1275 4829 lucit.

482 4855 550 4920 1118.
565 4869 643 4919 quarn
660 4855 723 4906 11111.

483 4932 510 4996 (“)
524 4931 551 4983 S.
567 4937 672 4992 11111111,
688 4935 717 4981 el
730 4931 885 4994 cuppucium
895 4936 955 4981 auto
965 4929 1064 4991 oculos,
1081 4935 1110 4980 nt
1127 4930 1244 4981 rideatur
1259 4942 1363 4982 aarum
1379 4935 1547 4995 proseptum
1557 4957 1588 4970 -

420 5014 473 5070 111,
489 5015 587 5060 terram
601 5012 629 5058 el
645 5012 785 5070 capuceum
795 5012 855 5058 ants
865 5007 964 5068 oculos,
981 5019 1014 5057 uu
1029 5006 1100 5058 ocull
1117 5007 1252 5058 rideantur
1262 5019 1364 5057 serrare
1377 5011 1544 5071 proseptum.
1556 5034 1585 5046 -

419 5085 497 5136 1111
513 5090 619 5148 mrum,
635 5089 662 5138 11
677 5084 832 5148 cappaciana
848 5089 907 5137 ruta
923 5082 1022 5145 oculos,
1038 5096 1071 5134 ns
1087 5083 1204 5138 rideatur
1224 5082 1308 5136 cauda
1328 5084 1516 5148 drmmrmrl
1532 5089 1584 5135 ete.
