4534 6842
726 899 864 958 caurus
888 899 1080 957 rremruus
1103 901 1244 957 rmuus.
1502 891 1568 959 101

399 1071 497 1146 nem,
523 1047 681 1143 abdicit,
707 1045 805 1142 quod
830 1053 912 1122 erat
936 1046 1051 1150 niger,
1077 1047 1191 1145 agilis,
1228 1048 1394 1145 volatilis,
1424 1069 1570 1146 ungua-

398 1177 458 1244 tus
472 1161 509 1262 (⁴)
537 1174 686 1263 portans
712 1186 829 1240 unum
850 1171 1082 1262 peccatorem
1099 1168 1136 1242 iu
1157 1161 1376 1262 humero(¹).
1395 1169 1448 1243 Ad
1465 1169 1571 1244 ouius

399 1288 603 1365 artificiosae
627 1287 781 1362 fictionis
806 1285 1080 1382 intelligentiam
1093 1286 1208 1363 debes
1226 1295 1365 1384 notare,
1384 1288 1484 1384 quod
1502 1289 1570 1366 iste

397 1412 543 1486 daemon
575 1415 631 1484 est
655 1427 753 1482 unus
777 1405 908 1500 aliquis
932 1405 1096 1482 officialis
1121 1427 1278 1505 magnus
1303 1410 1478 1506 magister
1502 1412 1569 1486 ba-

399 1529 543 1604 ratariae
575 1529 635 1603 vel
664 1527 830 1602 minister
854 1527 945 1602 eius.
971 1525 1072 1602 Sicut
1096 1528 1194 1602 enim
1220 1527 1385 1604 diabolus
1409 1530 1477 1606 iste
1502 1553 1570 1628 po-

399 1649 500 1724 nitur
532 1648 649 1745 niger,
681 1647 731 1722 ita
763 1646 842 1721 talis
872 1653 927 1721 est
951 1646 1095 1721 infamis
1110 1639 1147 1740 (³)
1174 1652 1213 1723 et
1236 1647 1435 1747 denigrare
1460 1654 1567 1749 vitae,

400 1774 437 1844 et
451 1757 488 1861 (⁸)
512 1767 607 1841 sieut
631 1766 734 1863 agilis
759 1776 797 1844 et
821 1765 986 1860 volatilis,
1004 1765 1054 1840 ita
1074 1766 1142 1842 iste
1167 1775 1357 1864 promptus
1379 1777 1416 1845 et
1432 1779 1567 1867 praesto

399 1888 445 1963 ad
470 1887 692 1962 baratariam
718 1885 755 1960 in
781 1907 854 1980 qua
881 1906 954 1959 non
980 1886 1139 1982 negligit,
1166 1907 1233 1962 neo
1249 1889 1402 1980 dormit3
1420 1898 1457 1966 el
1473 1892 1568 1969 sicut

399 2007 543 2082 daemon
557 2013 612 2080 est
626 2011 823 2102 unguatus,
837 2004 887 2079 ita
905 2005 972 2080 iste
989 2005 1099 2079 babet
1115 2026 1248 2081 manus
1265 2016 1447 2106 ungumm
1464 2017 1567 2107 aptas

400 2127 446 2202 ad
476 2125 708 2221 rapiendum;
734 2132 772 2200 et
796 2125 891 2200 siout
915 2123 1081 2200 diabolus
1106 2132 1161 2201 est
1186 2127 1397 2225 malitiosus,
1424 2130 1474 2204 ita
1499 2131 1566 2206 ba·

400 2248 558 2323 raterius
594 2245 713 2322 divisit
751 2245 926 2320 malitiam
965 2265 1051 2320 eum
1090 2244 1246 2342 diabolo,
1281 2255 1318 2323 et
1354 2250 1511 2326 obtinuit
1527 2243 1565 2344 (⁵)

400 2366 577 2441 maiorem
612 2375 765 2461 partem.
798 2365 851 2439 Ad
880 2365 1105 2460 propositum
1140 2386 1243 2464 ergo,
1276 2367 1370 2442 siout
1402 2369 1568 2444 diabolus

399 2487 568 2581 portabat
592 2491 823 2581 peecatorem
848 2484 895 2560 ad
919 2483 1050 2580 picem,
1075 2483 1125 2559 ita
1150 2484 1217 2560 iste
1242 2487 1409 2582 portabat
1424 2477 1460 2580 (⁶)
1478 2489 1568 2563 alios

400 2605 447 2679 ad
476 2603 710 2701 baratariam,
741 2609 778 2678 et
809 2624 875 2700 per
899 2623 1127 2698 consequens
1152 2604 1199 2678 ad
1223 2625 1383 2701 poenam,
1409 2607 1496 2701 quia
1521 2608 1567 2682 ad

400 2724 546 2820 eulpam
571 2723 857 2820 inseparabiliter
874 2723 1041 2818 sequitur
1060 2743 1169 2818 poena
1182 2713 1233 2815 (⁷).
1251 2725 1355 2799 Nune
1372 2725 1499 2802 ordina
1516 2727 1568 2802 sic

401 2845 554 2920 literam.
581 2845 673 2919 uicit
698 2849 821 2918 autor:
840 2845 946 2917 evadi
961 2863 1009 2916 nn
1026 2845 1146 2916 dinoot
1160 2863 1247 2916 nero
1264 2847 1362 2919 veni
1378 2849 1564 2938 mondo,

399 2966 505 3040 laetus
533 2953 719 3062 praedat⁸),
751 2984 864 3059 quarn
890 2963 1070 3059 portabat,
1097 2965 1208 3036 dbtro
1239 2983 1263 3037 a
1296 2967 1358 3037 noi
1380 2986 1421 3039 en
1440 2987 1508 3058 per
1533 2969 1567 3040 lo

397 3089 547 3177 reontio:
560 3085 662 3180 idest,
676 3091 834 3180 pontem.
845 3084 889 3156 Et
902 3082 1057 3159 ostendit
1069 3081 1148 3156 eius
1162 3081 1426 3160 terribilitatem
1441 3086 1565 3161 erela-

398 3225 526 3278 mans:
553 3207 645 3278 Abi!
670 3201 761 3278 idest
784 3201 950 3277 dolenter
976 3201 1109 3295 relero,
1135 3207 1264 3293 quanto
1290 3205 1359 3294 egli
1390 3225 1454 3276 ern
1475 3207 1564 3298 tero

397 3327 475 3400 nell
489 3331 633 3418 mnodo,
659 3322 744 3418 quia
771 3321 939 3396 terribilis
964 3321 1058 3415 visu,
1084 3327 1258 3413 equanto
1282 3326 1331 3396 mi
1350 3344 1466 3416 poree
1491 3327 1565 3397 oel-

399 3447 502 3520 l'olto
526 3445 666 3534 acerbo,
683 3442 771 3538 quia
795 3447 900 3517 actus
924 3448 1005 3517 erat
1029 3441 1214 3516 crudelior
1238 3462 1351 3536 quam
1377 3452 1565 3540 aspectus3

398 3572 436 3641 el
459 3565 555 3640 bene
578 3563 674 3658 dicit,
700 3562 785 3658 quia
811 3561 1018 3636 baratarius
1046 3566 1102 3636 est
1127 3561 1228 3636 ierus
1253 3569 1291 3637 et
1314 3564 1451 3640 crudus
1465 3557 1503 3658 (⁹)
1530 3566 1567 3639 in
1621 3607 1626 3614 ·

397 3685 475 3781 ipso
500 3689 584 3758 actu
610 3683 814 3776 baratariae,
848 3680 910 3775 qui
924 3673 977 3774 (⁴⁰)
1007 3678 1128 3755 vendit
1159 3687 1197 3754 et
1222 3681 1560 3759 revenditoausam

399 3804 581 3902 pauperis,
599 3801 722 3899 pupilli
748 3811 785 3879 et
811 3799 929 3875 viduae
955 3821 1023 3896 pro
1048 3800 1191 3875 modica
1216 3801 1407 3897 pecuniola
1433 3809 1470 3878 et
1495 3825 1562 3900 pro

398 3945 513 4021 pomo
545 3923 733 3998 denariolo
763 3921 841 3995 sine
866 3920 988 4013 aliqua
1014 3918 1272 3993 misericordia.
1300 3919 1344 3995 llt
1367 3919 1475 3995 dicit:
1501 3943 1566 3996 con

399 4046 484 4118 ioli
501 4049 620 4136 opole
636 4064 655 4115 e
673 4061 784 4133 sopra
798 4036 857 4132 piei
871 4041 1038 4130 longiore,
1056 4037 1225 4112 veniebat
1242 4039 1291 4112 ita
1310 4039 1482 4115 velociter
1497 4033 1562 4136 (¹¹),

399 4163 485 4258 quia
499 4163 635 4238 lecerat
651 4161 813 4258 praedam
831 4179 1005 4257 magnam
1022 4164 1060 4233 et
1077 4157 1292 4252 expectabat
1309 4157 1431 4233 lacere
1448 4160 1566 4235 maio-

400 4303 492 4377 rem,
518 4283 605 4377 quia
629 4282 819 4357 invenerat
848 4286 999 4374 terram,
1031 4279 1068 4352 iu
1098 4299 1171 4374 qua
1206 4284 1287 4354 erat
1319 4279 1423 4375 copia
1456 4280 1566 4356 bara-

399 4403 575 4497 tantium3
603 4401 700 4476 uude
724 4401 894 4476 describit
918 4399 1092 4475 continuo
1124 4399 1297 4495 predam.
1324 4400 1368 4473 Et
1405 4400 1490 4496 quia
1521 4402 1566 4477 li-

398 4530 477 4598 tera
502 4527 557 4598 est
581 4521 737 4597 obseura
764 4542 838 4596 non
863 4521 984 4594 miuus
1009 4541 1122 4614 quarn
1144 4519 1221 4617 ipsa
1242 4519 1314 4617 pir,
1332 4519 1442 4596 debes
1459 4522 1565 4619 scire,

460 4707 489 4770 (¹)
505 4712 560 4768 llo,
576 4713 695 4772 umine.
805 4705 833 4768 (’)
848 4707 880 4757 R.
896 4707 922 4758 iu
939 4707 1065 4759 humeris.
1171 4707 1198 4770 (“)
1214 4706 1245 4757 Ε.
1261 4707 1377 4758 infestus.

461 4781 487 4844 (⁸)
504 4787 557 4844 llo,
573 4781 599 4833 S.
615 4795 630 4833 e
646 4783 677 4833 Ε.
693 4785 720 4834 st
735 4781 802 4834 sieut
818 4781 935 4834 diabolus
951 4783 1033 4848 agilis.
1169 4783 1197 4845 (“)
1214 4782 1245 4833 E.
1261 4783 1376 4834 retinuit.

461 4859 558 4922 (·)1111,
575 4863 669 4923 portal.
1172 4860 1199 4922 (”)
1215 4859 1245 4910 le
1262 4873 1336 4923 pom
1352 4859 1446 4910 debita·
1463 4859 1546 4912 Nune.

448 4933 488 5073 (SlJ
502 4939 559 5071 ng:
572 4935 799 5075 ammian
808 4948 933 5074 pqarmvsstlt
948 5023 1059 5061 munna.
1158 4935 1200 5073 (gl)
1213 4935 1409 5062 303sser
