4580 6844
736 953 808 1026 368
1128 969 1333 1027 cumcun
1356 971 1509 1026 rurnnur

735 1113 832 1190 iacti.
865 1115 910 1188 Et
942 1115 1029 1209 quia
1057 1115 1163 1191 litera
1192 1123 1247 1190 est
1277 1117 1364 1192 satis
1396 1117 1567 1210 obscura,
1596 1121 1683 1190 nota
1708 1113 1808 1209 quod
1841 1113 1910 1188 iste

737 1235 817 1308 vult
837 1234 1099 1310 sententialiter
1120 1235 1255 1330 dicere,
1273 1237 1372 1331 qnod
1389 1235 1427 1311 in
1445 1243 1521 1311 toto
1537 1235 1629 1310 orbe
1645 1233 1842 1309 christiano
1861 1233 1911 1308 ab

737 1352 926 1430 occidente
950 1374 1070 1448 usqne
1089 1354 1126 1428 in
1146 1355 1326 1432 orientem
1343 1377 1535 1451 nunqnam
1552 1355 1690 1430 lactum
1709 1353 1776 1426 init
1792 1351 1912 1428 simile

737 1472 849 1546 neias.
877 1471 968 1546 Dicit
992 1493 1107 1570 ergo:
1134 1479 1295 1568 Netlrmo,
1312 1475 1377 1569 qni
1401 1475 1533 1552 dicitnr
1558 1473 1650 1548 dens
1675 1473 1788 1547 maris
1812 1471 1911 1568 apud

737 1598 874 1686 poetas,
900 1611 972 1665 nou
1000 1595 1077 1666 uide
1101 1597 1175 1668 mci
1198 1587 1229 1667 si
1251 1615 1347 1686 prun
1370 1597 1473 1688 lado,
1505 1594 1634 1689 supple
1658 1591 1739 1668 fieri
1772 1591 1809 1666 in
1834 1591 1912 1666 ele·

737 1717 863 1786 mento
888 1711 1053 1786 subiecto
1078 1714 1157 1807 sihi,
1175 1713 1311 1792 scilicet
1335 1714 1373 1788 in
1397 1735 1513 1809 aqna3
1535 1719 1572 1788 et
1589 1711 1753 1807 loquitur
1776 1713 1910 1807 hyper-

735 1830 864 1924 bolice,
889 1851 962 1903 ooo
986 1833 1035 1904 dn
1055 1835 1180 1924 pont,
1206 1833 1297 1907 idest
1312 1826 1348 1926 (¹)
1370 1855 1392 1908 a
1411 1833 1643 1929 praedonibus
1660 1829 1823 1924 marinis,
1844 1829 1908 1923 qni
1992 1825 2007 1832 ’

735 1956 1009 2026 consueverunt
1034 1950 1157 2026 iacere
1173 1943 1211 2044 (¹)
1237 1972 1372 2048 magna
1398 1954 1493 2027 mala
1521 1952 1558 2026 in
1585 1951 1679 2026 mari
1700 1949 1907 2046 jngntando

733 2070 901 2144 homines
927 2071 1037 2166 impie
1062 2091 1130 2167 pro
1146 2071 1258 2166 nihilo
1278 2073 1338 2147 vel
1356 2073 1500 2148 modico
1517 2074 1634 2165 lucro,
1651 2091 1724 2144 non
1743 2072 1792 2144 dn
1808 2075 1908 2160 pente

732 2192 906 2281 mpolim,
933 2189 1024 2265 idest
1043 2211 1178 2286 greca,
1194 2191 1242 2265 ah
1258 2191 1358 2288 Argo
1374 2191 1486 2266 nohrli
1503 2191 1659 2268 civitate.
1678 2189 1780 2265 Unde
1796 2189 1906 2264 lason

731 2329 876 2406 graecus
902 2310 1043 2404 primus
1068 2331 1155 2385 cum
1181 2333 1315 2408 magna
1341 2312 1424 2387 navi
1446 2312 1545 2408 Argo
1562 2309 1710 2387 violavit
1736 2329 1841 2383 mnne
1866 2319 1905 2385 et

733 2429 854 2525 rapuit
877 2449 1037 2504 aureum
1067 2431 1184 2506 vellus
1214 2437 1251 2506 et
1282 2421 1538 2527 exportavitd)
1567 2430 1740 2523 Ardeam,
1774 2436 1812 2504 et
1840 2428 1906 2504 dc-

732 2549 827 2643 cepit
851 2549 1057 2644 lsyplrilem,
1089 2557 1131 2623 nt
1161 2551 1241 2625 hcc
1271 2551 1396 2625 omnia
1425 2550 1521 2625 dicta
1551 2555 1636 2623 sunt
1667 2569 1780 2643 snpra
1808 2546 1907 2642 capi-

732 2669 811 2742 tulo
836 2668 971 2743 llVllll.
998 2669 1042 2741 Et
1066 2669 1174 2743 dicit:
1201 2677 1259 2743 ινα
1283 2673 1409 2743 titolo
1432 2671 1471 2742 di
1498 2671 1594 2761 cipit
1622 2689 1641 2741 e
1668 2669 1707 2742 di
1729 2669 1904 2742 liniolim.

733 2787 875 2883 Cyprus
899 2797 956 2864 est
973 2790 1091 2864 insula
1113 2789 1216 2884 quasi
1233 2797 1401 2865 extrema
1418 2789 1455 2862 in
1477 2789 1620 2864 oriente
1641 2787 1789 2862 inmari
1808 2787 1906 2862 clrri-

731 2907 859 3002 stiano,
885 2914 922 2984 et
947 2909 1117 2986 llaiorica
1142 2911 1180 2983 in
1205 2909 1410 3004 occidente3
1431 2908 1535 3003 qnasi
1552 2909 1649 2983 dicat
1665 2908 1702 2981 in
1720 2914 1797 2983 toto
1813 2909 1906 2984 orbe

730 3025 926 3102 christiano
951 3050 1025 3103 non
1051 3039 1106 3106 est
1131 3030 1268 3104 iactum
1299 3029 1417 3132 simile
1447 3031 1568 3105 scelus
1600 3029 1636 3102 in
1670 3027 1774 3102 mari.
1801 3027 1905 3102 Unde

728 3155 816 3224 nota
841 3150 940 3243 quod
965 3150 1012 3225 de
1036 3151 1156 3226 Cilicia
1170 3139 1221 3246 (⁴),
1253 3171 1338 3246 qnae
1366 3161 1423 3227 est
1451 3150 1569 3227 vicina
1594 3151 1725 3245 Cypro,
1752 3149 1904 3224 inerunt

728 3268 815 3342 olim
841 3269 979 3364 piratae,
1004 3271 1067 3364 qni
1091 3271 1356 3347 infestaverunt
1371 3262 1408 3362 (⁶)
1434 3270 1539 3364 quasi
1565 3269 1688 3344 omnia
1708 3261 1746 3362 (θ)
1772 3271 1903 3366 maria,

728 3408 823 3483 quos
847 3390 1043 3486 Pompeius
1068 3411 1225 3488 magnus
1250 3411 1336 3466 cum
1364 3390 1507 3487 magnis
1522 3389 1677 3464 ducibus
1694 3398 1768 3466 tam
1796 3411 1905 3488 saga·

728 3507 821 3582 citer
846 3528 959 3601 quam
992 3509 1161 3584 celeriter
1191 3509 1287 3584 vicit.
1313 3511 1448 3584 Sextus
1477 3509 1589 3584 etiam
1615 3509 1728 3604 ipsius
1753 3511 1902 3606 Pompei

728 3626 836 3722 iilius,
866 3635 1044 3722 occupata
1077 3628 1196 3704 Sicilia
1219 3620 1257 3722 (⁷)
1296 3651 1381 3704 cnm
1421 3629 1654 3704 multitudine
1686 3629 1903 3725 piratarum,

729 3767 865 3843 magna
896 3747 991 3822 bella
1021 3749 1163 3823 navalia
1198 3749 1281 3824 iecit
1314 3756 1442 3824 contra
1472 3749 1694 3846 Angustum,
1720 3751 1831 3826 etita
1856 3751 1903 3827 de

729 3865 854 3940 multis
887 3867 1010 3943 dicere
1035 3889 1198 3963 possem3
1225 3875 1262 3944 ct
1287 3868 1443 3965 explicat
1470 3873 1639 3944 autorem
1674 3879 1713 3946 et
1743 3870 1900 3944 sormam

728 3987 818 4064 tanti
844 3987 941 4063 mali.
967 3989 1145 4064 dotorem
1171 3991 1269 4064 enim
1294 3989 1464 4064 describit
1488 4010 1512 4063 a
1537 3989 1686 4065 notabili
1711 3989 1800 4064 vitio
1819 4009 1903 4065 cor·-

727 4107 825 4202 poris
849 4113 888 4182 et
906 4108 1030 4202 animi,
1048 4109 1194 4184 dicens:
1212 4113 1291 4201 puel
1305 4111 1470 4200 nudior,
1487 4108 1575 4203 qnia
1591 4116 1720 4184 contra
1731 4109 1794 4205 jus
1810 4129 1902 4206 gen-

727 4226 819 4300 tium
842 4226 991 4302 violavit
1006 4227 1115 4304 iidem
1135 4228 1374 4324 legatisque
1391 4234 1448 4302 est
1463 4228 1573 4302 etiam
1593 4228 1772 4304 servanda
1792 4228 1899 4321 hosti,

724 4349 785 4420 cte
805 4350 888 4420 nede
906 4367 981 4440 pur
1005 4369 1071 4420 con
1099 4352 1219 4440 tuno,
1251 4348 1399 4442 scilicet,
1424 4347 1549 4424 oculo.
1582 4350 1658 4424 Hoc
1683 4355 1738 4424 ert
1763 4367 1894 4423 verum

723 4467 906 4560 historice,
919 4465 1005 4560 qnia
1023 4467 1171 4541 realiter
1183 4467 1429 4542 Malatestinus
1446 4476 1529 4544 erat
1546 4468 1780 4560 monoculum
1800 4466 1899 4541 unde

723 4585 811 4682 ipse,
837 4605 924 4660 cnm
951 4585 1033 4679 quis
1057 4584 1200 4660 dicebat
1224 4587 1291 4661 sibi
1316 4587 1522 4664 interdum:
1548 4587 1706 4682 domine,
1732 4607 1799 4661 vos
1823 4605 1898 4660 non

786 4851 814 4914 (¹)
831 4851 857 4903 S.
872 4851 947 4914 idest,
964 4867 1017 4904 non
1032 4869 1046 4904 ι
1064 4853 1234 4918 predonibus.
1483 4853 1512 4920 (¹)
1528 4855 1559 4908 ll.
1574 4855 1748 4907 committere.

786 4929 813 4992 (⁸)
828 4935 874 4981 lta
888 4943 904 4981 e
920 4931 951 4981 ll.
966 4932 1107 4995 asportarit
1123 4932 1242 4984 Medeam
1258 4937 1286 4984 ot
1301 4933 1411 4997 decepit

786 5007 813 5067 dl
830 5012 885 5067 tto.
902 5007 1078 5061 siclin-ll.
1095 5008 1191 5062 thlllr.
1480 5012 1508 5074 ι’)
1525 5016 1580 5071 lta,
1597 5009 1758 5060 infestabant.

785 5087 812 5150 θ)
828 5087 860 5136 lt.
874 5086 962 5137 omnin
979 5087 1036 5138 loca
1051 5090 1161 5140 manna.
1483 5088 1510 5151 Ρ)
1525 5087 1560 5138 Β.
1574 5085 1671 5138 Glcllln.
