4606 6840
732 996 870 1053 muros
894 995 1086 1052 menemus
1108 995 1274 1064 Qum'rus.
1519 987 1591 1054 m

421 1139 491 1213 mis
516 1139 647 1235 dixisti,
673 1149 712 1216 et
735 1141 787 1215 sic
800 1134 837 1234 (¹)
860 1143 961 1237 juste
984 1141 1159 1238 imposuit
1182 1141 1293 1218 finem
1319 1143 1397 1239 sibi,
1415 1143 1509 1218 siout
1528 1163 1592 1217 ac·

419 1261 506 1334 cidit
529 1259 634 1336 alteri
653 1259 733 1336 'non
759 1268 814 1338 est
838 1263 914 1356 din,
933 1263 997 1356 qui
1021 1262 1111 1338 dnm
1129 1264 1287 1338 multum
1306 1264 1592 1360 blasphemasset

419 1381 550 1478 Deum,
576 1383 788 1478 supervenit
812 1383 906 1458 alius
929 1403 1077 1479 pravus,
1104 1390 1142 1459 ct
1166 1385 1315 1481 cuspide
1344 1385 1481 1460 lancee
1506 1405 1593 1481 per-

342 1535 344 1538 ·
419 1503 530 1577 omsit
554 1508 729 1597 punctam
746 1503 882 1600 linguae
903 1503 994 1598 eius,
1013 1509 1051 1578 et
1067 1503 1246 1580 transfixit
1262 1523 1349 1579 enm
1368 1524 1434 1599 per
1450 1511 1590 1602 guttur,

420 1622 469 1696 ila
492 1622 593 1715 qnod
617 1643 823 1718 numquam
851 1623 935 1698 lecit
963 1623 1119 1718 amplius
1148 1622 1318 1718 verbum,
1350 1630 1388 1699 et
1416 1624 1590 1699 continuo

420 1750 590 1818 mortuns
615 1751 687 1836 eet,
713 1749 751 1817 et
775 1743 859 1816 dicit
883 1743 982 1837 quod
1008 1743 1118 1816 simul
1141 1743 1332 1838 impositus
1348 1749 1404 1819 est
1421 1743 1502 1820 fluIs
1518 1745 1589 1818 im·

419 1864 479 1958 pio
503 1863 602 1938 actm
627 1863 717 1937 iuris
742 1863 835 1938 sieut
865 1863 977 1958 impio
1001 1863 1108 1938 dicto
1141 1864 1242 1938 Unde
1270 1864 1373 1940 dicit:
1403 1873 1437 1939 et
1465 1869 1589 1940 oo’nl-

419 1991 491 2074 ta,
516 1983 661 2078 scilicet,
688 1983 794 2078 b'nsa,
821 1984 981 2058 advolvit
1005 2003 1058 2078 se,
1087 2005 1112 2057 o
1142 1988 1175 2058 le
1206 1986 1360 2078 baeda,
1398 1987 1500 2061 velut
1533 1986 1588 2060 di·

417 2110 543 2179 ceret:
570 2104 654 2179 nolo
670 2104 770 2199 quod
786 2104 897 2178 iacias
914 2104 1070 2199 amplius
1082 2097 1118 2196 (¹)
1138 2105 1241 2200 licus,
1259 2128 1278 2180 e
1293 2109 1466 2199 rilepollo,
1484 2105 1586 2201 idest,

419 2233 519 2299 retro
545 2225 670 2321 ligavit
692 2247 716 2300 a
736 2231 853 2321 tergo,
870 2225 1065 2298 mboueodo
1081 2245 1120 2298 so
1133 2233 1243 2300 stesso
1258 2219 1289 2299 si
1308 2229 1466 2318 domozt,
1484 2228 1587 2322 idest,

419 2350 494 2418 lam
518 2325 643 2419 stricte
667 2355 764 2437 ante,
790 2347 850 2417 cte
874 2365 946 2418 ιιοιι
967 2353 1072 2437 poteo
1101 2347 1173 2419 dar
1202 2365 1252 2418 oo
1275 2350 1385 2422 orollo
1410 2367 1476 2420 coo
1501 2369 1587 2439 erac,

418 2464 565 2558 scilicet,
584 2465 754 2540 manibus
771 2465 821 2540 ila
840 2465 969 2561 ligatis
983 2501 1032 2520 ·-
1045 2467 1121 2539 Ali.
1139 2465 1205 2540 liic
1221 2473 1342 2560 antor,
1359 2475 1506 2562 sumpta
1523 2487 1588 2541 oc·

417 2584 565 2658 caelone
588 2585 636 2659 ab
659 2585 729 2659 isto
753 2585 835 2660 viro
868 2591 944 2660 tam
974 2585 1182 2680 damnabili,
1208 2587 1345 2662 invehit
1370 2592 1498 2662 contra
1528 2587 1588 2661 Pi·

418 2705 572 2779 storium
595 2705 754 2800 ‘patriam
787 2705 868 2780 eius
882 2696 932 2798 (³),
962 2704 1107 2781 dicens:
1134 2708 1207 2797 obl,
1232 2706 1324 2783 idest
1356 2707 1522 2783 dolenter
1551 2717 1588 2784 ct

418 2825 598 2920 pudenter
635 2827 767 2919 refero,
806 2829 953 2916 Pialeia,
987 2830 1140 2900 Psbtoio!
1172 2827 1265 2902 llicit
1298 2827 1353 2902 bis
1386 2827 1433 2903 ad
1470 2829 1588 2902 maio-

417 2965 497 3020 rem
527 2946 840 3042 exagerationem,
874 2939 948 3037 clre',
977 2945 1079 3040 idest,
1114 2966 1194 3040 cur,
1226 2967 1297 3018 non
1327 2952 1457 3039 smmi,
1482 2947 1585 3041 idest,

415 3065 581 3141 decernis
614 3071 651 3141 et
682 3066 818 3159 firmes,
852 3069 887 3139 d’
903 3069 1127 3158 inomerorti,
1162 3067 1255 3139 sicut
1288 3065 1359 3140 vidi
1390 3063 1585 3140 incinerari

417 3205 533 3260 unum
560 3192 666 3260 tuum
693 3186 823 3281 civem,
851 3194 891 3260 ut
915 3186 1031 3280 patuit
1056 3187 1093 3258 in
1117 3186 1336 3281 procedenti
1362 3187 1519 3280 capitulo
1539 3185 1585 3262 de

417 3305 485 3380 isto
510 3305 650 3398 Vanne3
676 3307 771 3381 sicut
795 3306 905 3380 etiarn
931 3305 999 3380 luit
1023 3305 1209 3380 destructa
1233 3325 1319 3401 pars
1349 3310 1413 3380 tua
1443 3306 1480 3378 in
1506 3313 1586 3380 tur-

416 3424 520 3498 ribus
556 3432 595 3500 et
627 3426 920 3523 propugnaculis,
950 3426 1046 3500 sicut
1069 3426 1149 3521 jam
1177 3425 1316 3500 dictum
1353 3433 1410 3502 cst
1446 3425 1484 3498 in
1513 3425 1586 3500 tine

416 3545 562 3640 capituli
581 3545 830 3640 precedentis,
847 3539 876 3619 si
893 3547 953 3620 obe
966 3541 1028 3640 pall
1043 3565 1116 3620 ooo
1133 3549 1227 3636 dsar',
1245 3545 1332 3640 quia
1353 3546 1489 3620 scilieet
1505 3565 1586 3621 rne-

414 3666 484 3740 lius
508 3673 604 3742 esset
629 3667 692 3740 tibi
717 3667 942 3762 annichilari,
960 3687 1073 3762 quam
1096 3687 1229 3763 parere
1253 3669 1343 3742 tales
1367 3665 1459 3742 tilios
1484 3667 1586 3761 ripe-

414 3786 532 3880 rinos3
559 3793 597 3861 et
621 3787 739 3861 reddit
767 3807 918 3862 causam
953 3787 1098 3862 dicens:
1127 3791 1191 3880 pol
1218 3789 1326 3861 cte'o
1354 3789 1429 3860 urat
1454 3789 1589 3880 farcit

411 3927 503 3982 acore
526 3915 585 3980 too
609 3911 769 3980 coemit
791 3908 836 3984 El
867 3909 925 3982 bic
958 3907 1110 3982 adverte
1143 3908 1242 4000 quod
1267 3907 1373 3982 multi
1398 3913 1615 4022 exponunt,

413 4027 518 4102 biam
545 4027 689 4102 literam
715 4027 779 4120 sic,
805 4026 972 4101 videlicet
996 4025 1096 4120 quod
1121 4026 1317 4128 Platorium
1349 4025 1492 4100 excedit
1516 4045 1584 4098 an-
1614 4067 1619 4082 ·

414 4149 532 4242 liquos
558 4149 845 4244 predecessores
869 4167 956 4220 suos
975 4145 1220 4240 pravissimos,
1238 4145 1324 4239 quia
1341 4145 1467 4218 dicunt
1484 4145 1582 4239 quod

413 4270 607 4344 Pietorium
635 4269 771 4344 iactu·
799 4267 939 4342 briter
964 4265 1162 4342 coniuratis
1187 4253 1469 4356 Catilinaeex(‘)
1498 4265 1583 4340 reli·

412 4389 506 4484 quiis
531 4409 616 4484 nure
635 4394 896 4465 remanserunt
920 4407 945 4462 a
968 4387 1152 4480 conflictu,
1169 4393 1206 4461 et
1222 4385 1306 4461 inde
1322 4384 1448 4460 dicunt
1461 4377 1499 4478 (⁵)
1517 4385 1584 4461 dc·

413 4509 643 4585 nominatum
669 4515 726 4584 est
758 4507 954 4582 Platorium
986 4508 1034 4582 ab
1064 4507 1124 4582 illa
1155 4513 1268 4602 peste.
1300 4505 1370 4582 Sed
1400 4505 1497 4581 istud
1528 4515 1584 4583 est

414 4631 558 4726 penitus
582 4629 726 4725 falsum,
745 4635 824 4703 tum
851 4627 938 4723 quia
963 4627 1160 4702 Pistorium
1177 4633 1258 4703 erat
1277 4627 1340 4702 diu
1365 4633 1453 4702 ante
1476 4627 1582 4702 biam

412 4756 565 4846 pestem,
600 4757 650 4828 et'
670 4750 789 4847 magis
822 4747 968 4845 proprie
1001 4753 1119 4843 potest
1157 4747 1384 4824 denominari
1421 4769 1446 4824 a
1475 4750 1584 4841 pittirr

476 4983 503 5048 ι’)
520 4985 551 5036 E·
568 4983 739 5047 scrupeus
1086 4977 1377 5041 (eumenum...

475 5059 550 5123 l'llt
571 5059 651 5112 illias
1085 5051 1419 5118 (bracem-s

473 5137 505 5200 (¹)
522 5137 552 5190 E
567 5141 597 5190 nl
614 5137 713 5188 diunt.
