4550 6844
792 957 931 1014 cunnus
956 957 1150 1014 numus
1173 955 1305 1012 nonus.
1567 943 1639 1013 toi

463 1101 561 1177 imer
583 1121 626 1176 se
648 1102 770 1176 solum
794 1121 862 1198 per
884 1101 1147 1178 accidentalem
1173 1101 1345 1195 lormam,
1366 1120 1440 1176 nou
1460 1119 1528 1196 per
1551 1100 1641 1176 sult-

464 1219 684 1315 stautialem‚
701 1221 877 1315 quoniam
891 1215 928 1314 (¹)
947 1221 1073 1296 omnia
1088 1219 1237 1296 metalla
1261 1228 1489 1318 generantur
1509 1239 1556 1296 ex
1576 1240 1640 1295 ar·

463 1346 577 1436 gerlo
600 1340 687 1415 rivo
711 1347 749 1416 et
771 1341 960 1437 sulphure.
986 1342 1126 1416 Natura
1155 1343 1283 1416 autem
1306 1339 1344 1414 iu
1369 1359 1440 1414 suo
1464 1339 1642 1436 principio

464 1459 618 1535 intendit
640 1459 825 1536 adducere
840 1459 1102 1558 perfectionem
1123 1459 1274 1553 metalli,
1295 1459 1382 1555 quia
1398 1459 1474 1555 agit
1490 1465 1642 1555 propter

464 1578 588 1675 linem
614 1585 657 1653 ut
689 1579 823 1654 dicitur
852 1579 1016 1656 secundo
1044 1579 1296 1676 Physicorum.
1328 1579 1559 1655 Manifestum
1585 1584 1642 1654 est

464 1717 567 1796 ergo,
592 1698 747 1793 quodsi
772 1699 920 1776 adducit
943 1699 1080 1795 aliquid
1105 1698 1205 1774 aliud
1231 1719 1344 1793 quam
1366 1697 1641 1795 perlectionem,

464 1819 536 1894 lroc
559 1825 616 1894 eet
632 1826 766 1914 praeter
786 1820 967 1896 intentum
982 1812 1035 1914 (²),
1051 1827 1088 1896 et
1103 1820 1156 1895 sic
1172 1825 1228 1895 est
1243 1841 1311 1916 per
1328 1819 1508 1896 accidens.
1526 1819 1644 1917 igitur

465 1937 506 2012 in
519 1938 757 2034 generatione
781 1939 866 2014 auri
890 1939 1077 2015 concurrit
1093 1940 1248 2035 sulphur
1271 1940 1429 2015 rubeum
1448 1938 1645 2034 mundum,

465 2065 505 2134 et
522 2064 719 2155 argentum
738 2059 866 2134 tivum
883 2058 1138 2155 purificatum3
1157 2059 1193 2134 iu
1211 2057 1482 2156 *generatione
1499 2059 1643 2158 argenti

466 2178 621 2274 sulplrur
645 2179 772 2254 album
802 2179 985 2254 mundum
1016 2187 1054 2254 et
1081 2186 1281 2276 argeutum
1313 2180 1440 2256 uirum
1471 2179 1644 2276 purifica·

467 2305 574 2394 tum;
598 2298 637 2372 in
655 2296 676 2340 *
691 2290 728 2390 (3)
756 2300 995 2396 generatione
1019 2305 1241 2376 ceterorum
1272 2301 1461 2376 concurrit
1489 2300 1644 2396 sulplrur

466 2417 595 2494 aihum
607 2421 667 2493 vel
683 2419 842 2495 rubeum
861 2426 1079 2515 corruptum
1097 2427 1136 2496 et
1151 2427 1348 2518 argeutum
1367 2421 1494 2496 rivum
1517 2430 1645 2516 putre-

468 2537 605 2612 lactum
632 2537 669 2612 iu
695 2559 790 2614 vena
814 2539 960 2635 putrida
976 2547 1098 2616 terrae.
1119 2539 1222 2614 Unde
1241 2539 1336 2616 inter
1353 2539 1478 2614 omnia
1496 2539 1645 2615 metalla

467 2657 542 2732 duo
567 2667 654 2734 suut
677 2659 910 2735 solummodo
934 2653 1108 2757 perlaeta,
1132 2660 1270 2736 scilicet
1292 2680 1428 2735 aurum
1447 2666 1485 2736 et
1509 2680 1646 2758 argen-

468 2783 560 2850 tum.
577 2777 622 2850 Et
645 2775 715 2852 ista
733 2779 990 2873 producuntur
1006 2779 1211 2855 secundum
1229 2779 1411 2855 intentum
1425 2768 1462 2872 (⁴)
1482 2785 1646 2874 uaturae3

467 2905 602 2973 cetera
630 2904 781 2994 propter
810 2900 1086 2996 corruptionem
1107 2891 1144 2992 (³)
1176 2919 1330 2974 suarum
1364 2901 1525 2995 partium
1558 2905 1646 2974 sunt

467 3018 592 3094 insana
619 3025 657 3094 et
681 3019 906 3114 imperfecta.
939 3020 1058 3108 Quam
1084 3019 1260 3096 malitiam
1295 3019 1325 3094 si
1354 3019 1565 3095 lichimista
1589 3019 1645 3093 in-

468 3137 582 3215 tendit
619 3159 764 3236 sanare,
802 3139 1012 3216 reducendo
1049 3141 1109 3214 illa
1151 3140 1189 3214 in
1218 3161 1305 3216 suas
1340 3140 1478 3236 primas
1510 3149 1647 3236 partes,

469 3257 604 3332 scilicet
628 3257 666 3330 in
691 3257 846 3352 sulphur
871 3265 909 3332 et
932 3258 971 3332 iu
995 3265 1193 3357 argentum
1215 3259 1355 3355 vivum,
1376 3281 1463 3336 cum
1488 3261 1647 3336 calcina·

470 3377 569 3451 tione
595 3375 652 3450 vel
677 3375 918 3472 distillatione,
944 3397 1018 3454 nou
1041 3385 1179 3474 peccat
1205 3379 1250 3453 ut
1274 3379 1341 3454 istu
1359 3386 1515 3476 purgata
1530 3370 1567 3474 (⁶)
1586 3400 1647 3456 re·

470 3494 606 3592 tegere
636 3494 747 3570 simul
779 3517 865 3572 curu
904 3499 1013 3574 certis
1045 3499 1241 3594 equorei
1273 3500 1394 3575 succis
1430 3499 1645 3578 herbarum.

471 3617 737 3692 Verumtamen
761 3617 847 3692 licet
869 3639 932 3694 ars
957 3619 1026 3694 ista
1042 3619 1137 3696 torte
1162 3620 1209 3698 sit
1233 3641 1334 3716 vera,
1357 3627 1481 3696 umen
1499 3643 1574 3698 nou
1591 3621 1648 3698 vi·

470 3737 580 3812 detur
612 3736 788 3832 possibilis
807 3727 844 3831 (⁷)
879 3738 978 3833 apud
1009 3739 1217 3818 modernos.
1256 3740 1359 3816 Unde
1395 3741 1564 3818 videmus
1601 3743 1648 3818 de

471 3857 581 3950 lucto,
611 3857 710 3949 quod
744 3877 875 3934 omues
912 3859 1064 3934 veniunt
1096 3861 1299 3955 consumti;
1332 3866 1372 3936 et
1406 3861 1436 3935 si
1462 3863 1648 3959 reperitur

471 3974 602 4069 aliquis
631 3975 883 4071 antiquorum,
915 3978 1038 4052 nullus
1067 3985 1193 4053 umen
1223 3978 1502 4075 modernorum,
1534 3999 1647 4075 quem

471 4093 593 4170 adhuc
616 4094 712 4170 scire
740 4095 937 4192 potuerim,
967 4097 1206 4191 consequitur
1238 4097 1349 4171 linem
1377 4119 1499 4173 suum.
1527 4099 1572 4173 ttt
1596 4099 1648 4175 sic

471 4213 657 4308 loquendo
680 4215 727 4290 de
748 4215 891 4293 interno
915 4217 1058 4311 morali,
1079 4217 1200 4292 omnis
1215 4217 1438 4314 Alchimista,
1456 4219 1533 4296 sive
1553 4219 1649 4297 licite

472 4333 550 4410 siue
574 4333 695 4412 illicite
719 4344 906 4432 operetur,
933 4338 1045 4413 habet
1069 4357 1218 4434 poenam
1243 4357 1363 4433 suam,
1388 4339 1478 4434 quia
1503 4361 1649 4437 semper

472 4453 610 4531 trustra
639 4455 794 4551 laborat,
826 4461 870 4530 ut
902 4456 1071 4552 acquirat
1101 4457 1262 4554 inopiam
1294 4465 1332 4552 et
1366 4466 1580 4557 egestatem,
1607 4467 1650 4536 ut

473 4595 585 4670 supra
601 4575 893 4652 demonstratum
912 4584 977 4654 est
995 4579 1039 4652 Et
1055 4578 1213 4654 ostendit
1229 4579 1484 4656 excussionem
1503 4587 1647 4657 crusta-

535 4761 563 4822 t')
579 4761 605 4813 8.
620 4763 690 4827 qula.
1061 4765 1089 4830 ι’)
1104 4767 1135 4818 ta
1152 4768 1331 4820 unumunurn.

535 4835 562 4897 (Ἴ
577 4837 615 4888 la
630 4839 721 4900 prole
736 4840 778 4892 ira
793 4845 802 4894 l
817 4843 869 4893 doe
885 4843 1021 4894 mutuent
1036 4855 1084 4894 roo
1100 4844 1213 4908 rapplite
1230 4843 1272 4896 dal
1288 4843 1383 4898 Codice
1397 4843 1559 4898 strumum.

486 4909 489 4918 ⁴
536 4912 564 4974 (⁸)
579 4912 611 4963 B.
626 4914 804 4968 nmuonsn.

536 4989 563 5050 (¹)
579 4988 611 5039 li.
625 4992 823 5054 cenapum
838 4999 939 5046 nature
954 4999 982 5046 et
997 5009 1104 5046 mrum
1121 4997 1243 5058 partium.

536 5063 564 5126 θ)
580 5065 611 5116 lt.
628 5069 749 5132 purgatio
763 5069 941 5136 nlrlgcratur.
1059 5071 1087 5132 s'l
1104 5075 1158 5132 rto,
1174 5071 1303 5134 poullrlls.
