4606 6840
696 940 766 1004 240
1085 949 1289 1004 COMENTUM
1312 946 1465 1002 furuum

694 1096 769 1169 tina
795 1095 1030 1188 othomam,
1055 1113 1140 1188 quae
1166 1097 1250 1166 sunt
1269 1100 1343 1168 tam
1368 1093 1522 1167 dirersae
1537 1085 1574 1184 (⁴)
1596 1097 1634 1166 et
1654 1089 1861 1183 contrarie,

693 1215 854 1290 confusae
879 1215 999 1308 simui,
1024 1217 1251 1306 rr'upparoer
1275 1216 1311 1285 in
1336 1233 1408 1285 aaa
1430 1214 1560 1305 suado,
1585 1210 1672 1304 quia
1697 1210 1743 1284 de
1768 1210 1862 1283 dua-

693 1335 763 1408 bus
789 1333 950 1408 faciebus
975 1339 1056 1408 erat
1081 1333 1175 1406 facta
1200 1354 1286 1426 una,
1307 1335 1461 1406 oo’erua
1477 1335 1543 1405 due
1556 1332 1708 1423 podati,
1726 1330 1862 1404 scilicet

694 1455 732 1526 in
757 1454 878 1528 anima
905 1460 942 1527 et
967 1454 1004 1528 in
1029 1453 1164 1550 figura3
1191 1460 1228 1527 et
1254 1453 1348 1526 ultra
1375 1455 1455 1545 boc,
1480 1455 1510 1524 lc
1534 1451 1675 1523 bracata
1694 1451 1863 1544 ducfersi

694 1575 732 1646 dt
756 1581 895 1665 paattro
920 1577 1007 1665 fistc,
1033 1573 1119 1667 quia
1144 1573 1278 1646 scilicet
1294 1571 1369 1646 duo
1385 1571 1534 1645 brachia
1558 1570 1713 1644 hominis
1734 1574 1771 1644 et
1786 1570 1862 1643 duo

695 1693 805 1788 pedes
838 1693 1040 1768 anteriores
1071 1692 1247 1787 serpentis
1283 1691 1391 1765 simui
1422 1691 1651 1784 incorporata
1681 1695 1777 1784 sunt,
1815 1689 1863 1762 ita

696 1814 794 1907 quod
819 1821 980 1907 quatuor
1005 1814 1148 1888 diversa
1171 1814 1392 1888 lincamenta
1416 1813 1642 1907 apparebant
1667 1811 1704 1884 iu
1729 1811 1800 1904 eis;
1826 1815 1863 1884 et

695 1936 782 2028 quia
799 1956 821 2009 a
839 1935 945 2008 simili
963 1941 1065 2029 potes
1083 1934 1274 2030 imaginari
1291 1933 1623 2028 incorporationem
1640 1937 1862 2006 caeterorum

695 2057 961 2149 membrorum,
981 2056 1061 2130 ideo
1079 2076 1152 2129 non
1169 2062 1276 2128 curat
1292 2055 1500 2128 discurrere
1522 2074 1587 2148 per
1604 2053 1757 2149 singula,
1776 2051 1863 2144 quia

694 2179 790 2250 esset
814 2175 948 2249 inutilis
980 2195 1137 2269 expensa
1163 2175 1355 2269 temporis3
1390 2173 1472 2248 idco
1500 2173 1663 2248 breviter
1694 2172 1801 2248 dicit:
1833 2173 1864 2243 te

694 2317 790 2368 nosce
814 2317 880 2369 coo
906 2299 937 2369 te
959 2297 1096 2388 pambo,
1121 2315 1205 2389 quae
1230 2295 1394 2368 similiter
1420 2299 1525 2368 eraut
1544 2294 1748 2367 coniunctae
1773 2311 1860 2366 cum

696 2414 840 2490 duobus
861 2415 1013 2510 pedibus
1030 2415 1207 2509 serpentis
1229 2413 1500 2508 posterioribus,
1519 2420 1556 2487 et
1572 2413 1736 2486 similiter
1752 2412 1863 2485 facie-

695 2535 783 2608 bant
807 2544 968 2628 quatuor
992 2533 1224 2627 lincamenta,
1253 2536 1282 2606 if
1307 2541 1426 2606 uentre
1455 2535 1515 2605 e'f
1538 2554 1652 2623 casso,
1678 2531 1781 2626 quasi
1805 2529 1862 2604 di·

696 2660 765 2746 cat,
793 2654 977 2746 reliquum
1002 2674 1146 2748 corpus
1164 2656 1329 2726 diversarer
1346 2653 1503 2724 menbra
1527 2655 1586 2726 cta
1610 2673 1682 2724 noa
1704 2655 1766 2744 fur
1792 2653 1864 2723 mai

698 2778 792 2866 vate,
818 2781 855 2848 et
879 2774 961 2849 ideo
986 2794 1059 2848 non
1085 2780 1231 2868 possent
1250 2774 1345 2847 bene
1369 2773 1523 2848 describi
1547 2793 1615 2846 nec
1635 2771 1806 2863 discerni3
1826 2777 1862 2844 ct

697 2895 779 2969 ideo
804 2895 1004 2969 concludit:
1023 2897 1107 2986 opat
1123 2897 1280 2986 primodo
1304 2901 1447 2985 asperto,
1473 2893 1575 2987 idest,
1601 2894 1719 2967 omnis
1743 2894 1862 2988 prima

697 3015 814 3088 forma
840 3022 878 3088 et
902 3015 1020 3111 figura
1046 3014 1206 3108 partium
1231 3013 1406 3107 corporis,
1432 3033 1634 3104 accusso,
1660 3013 1761 3106 idest,
1790 3031 1863 3085 nou

696 3137 894 3231 apparebat
918 3136 1085 3230 amplius,
1116 3137 1173 3227 iot,
1206 3134 1308 3227 idest,
1339 3134 1375 3207 in
1409 3134 1469 3207 iilo
1500 3154 1655 3228 corpore
1685 3133 1811 3226 mixto,
1846 3153 1865 3206 c

696 3260 883 3349 fimaptac
900 3277 1085 3347 pervasa,
1101 3254 1203 3348 idest,
1220 3260 1395 3348 corrupta
1411 3253 1449 3326 in
1467 3259 1637 3348 utroque,
1652 3275 1766 3345 parea
1784 3254 1862 3344 due,

698 3376 833 3450 scilicet
857 3396 1007 3470 serpens
1032 3383 1068 3451 et
1093 3376 1216 3467 homo,
1250 3395 1431 3464 occasun,
1465 3374 1569 3467 quasi
1593 3373 1711 3450 dicat:
1739 3380 1863 3447 tamen

697 3504 828 3572 neuter
854 3496 1057 3590 videbatur,
1083 3495 1169 3588 quia
1195 3514 1268 3568 non
1292 3494 1568 3568 discernebatur
1602 3515 1699 3568 unus
1731 3494 1778 3566 ab
1811 3493 1866 3565 af-

698 3623 789 3709 taro,
808 3637 826 3687 e
846 3619 906 3705 tuf,
926 3615 1029 3706 idest,
1049 3615 1115 3687 ista
1132 3613 1254 3708 imago
1272 3614 1362 3705 talis,
1380 3615 1528 3706 qualem
1549 3613 1718 3708 descripsi
1736 3614 1863 3708 ipsam,

698 3757 758 3810 sea
783 3729 841 3826 pto
866 3757 932 3808 con
957 3739 1047 3808 teoto
1066 3755 1186 3826 passo.
1205 3734 1276 3808 Per
1296 3734 1366 3808 hoc
1387 3733 1522 3830 figurat
1539 3735 1638 3827 quod
1654 3734 1721 3807 istc
1739 3733 1798 3807 fur
1815 3733 1865 3806 ita

698 3856 896 3931 associatus
910 3847 947 3947 (²)
973 3875 1059 3928 cum
1086 3859 1254 3948 serpente
1275 3853 1371 3926 vadit
1391 3853 1488 3927 lente
1505 3860 1542 3927 ct
1558 3853 1687 3928 leviter
1704 3853 1750 3926 ad
1767 3853 1865 3926 furta

697 3976 880 4069 facienda;
906 3974 988 4050 ideo
1019 3973 1146 4048 divites
1179 3973 1354 4048 habentes
1388 3973 1516 4047 domos
1549 3973 1683 4067 plenas,
1710 3981 1865 4048 caveant

699 4095 765 4169 sibi
790 4117 813 4171 a
839 4096 900 4169 tali
927 4095 1009 4169 fure
1028 4095 1242 4188 inveterato,
1260 4094 1399 4188 pratico
1419 4100 1636 4189 simperto,
1658 4095 1722 4188 qui
1745 4093 1867 4168 didicit

699 4216 753 4290 ire
774 4216 967 4291 invisibilis.
994 4216 1046 4288 Ex
1064 4215 1243 4310 praedictis
1260 4235 1350 4310 ergo
1366 4220 1468 4309 potes
1490 4215 1727 4309 perpendere,
1747 4214 1776 4287 si
1795 4235 1864 4308 pu-

698 4335 766 4409 dor
783 4341 820 4410 et
837 4334 941 4408 dolor
953 4340 1097 4429 poterat
1109 4334 1208 4408 nasci
1223 4334 1270 4407 de
1287 4335 1606 4410 transformatione
1622 4335 1746 4411 infami
1764 4335 1866 4410 istius

699 4456 799 4550 furis,
825 4455 1009 4550 potissime
1035 4455 1121 4548 quia
1147 4461 1227 4528 erat
1252 4454 1379 4529 nobilis
1405 4457 1527 4530 bomo.

774 4579 875 4649 Come
890 4579 916 4648 'f
938 4595 1119 4648 ramarro.
1142 4575 1212 4648 ista
1233 4581 1287 4649 cst
1304 4575 1409 4648 tertia
1426 4597 1510 4670 pars
1526 4577 1718 4673 generalis,
1736 4577 1772 4649 in
1791 4597 1865 4669 qua

697 4701 806 4770 autor
831 4695 905 4790 agit
930 4703 967 4770 et
992 4699 1123 4768 tractat
1151 4695 1197 4769 de
1227 4695 1333 4769 tertia
1365 4695 1485 4789 specie
1510 4697 1654 4791 furum3
1680 4704 1717 4772 et
1745 4697 1865 4792 primo

696 4815 810 4911 tangit
827 4813 1021 4889 materiam
1039 4815 1364 4890 transformationis
1384 4817 1642 4911 describendus,
1658 4837 1866 4913 proponens

760 5065 788 5129 (Ἰ
804 5067 835 5117 E.
851 5067 964 5120 adrem
980 5073 1015 5121 ct.
1349 5070 1376 5133 (⁸)
1392 5071 1417 5122 s.
1435 5071 1554 5124 aarum
