4534 6842
703 875 774 943 202
1010 923 1014 934 .
1097 879 1301 939 commum
1324 881 1475 936 mrunnr

701 1034 829 1108 insane
853 1031 1126 1127 blasphemabat
1149 1029 1281 1124 Deum,
1300 1036 1341 1103 ut
1360 1035 1485 1124 postea
1505 1027 1651 1124 patebit.
1665 1033 1769 1101 -Io
1794 1047 1868 1100 ora.

701 1153 766 1226 Hio
790 1159 900 1226 autor
925 1150 1080 1225 ostendit
1101 1149 1287 1244 quomodo
1303 1149 1350 1224 ad
1367 1168 1497 1224 vocem
1515 1148 1704 1222 numantia
1720 1147 1797 1243 ipse
1814 1147 1872 1220 in·

701 1271 847 1346 dinavit
860 1264 898 1362 (⁴)
916 1270 1034 1343 risum
1055 1269 1101 1346 ad
1118 1269 1273 1344 fundum
1291 1268 1436 1365 bulgiae,
1454 1274 1496 1345 ut
1514 1267 1654 1343 videret
1670 1266 1758 1362 quid
1775 1273 1873 1342 esset

702 1391 769 1485 ibi;
788 1389 850 1466 sed
877 1390 962 1464 nihil
981 1389 1107 1464 ridens
1123 1389 1248 1484 petivit
1264 1410 1286 1462 a
1306 1388 1454 1485 Virgilio
1472 1389 1609 1483 portari
1629 1386 1791 1462 iuferius.
1809 1387 1872 1461 Di-

701 1512 750 1585 cit
766 1530 880 1607 orgo:
906 1515 947 1582 Io
972 1531 1036 1583 era
1060 1511 1153 1583 vodo
1177 1513 1215 1583 in
1238 1504 1298 1600 ptri
1305 1535 1321 1603 ,·
1338 1509 1532 1604 respiciens
1549 1528 1678 1584 versus
1700 1507 1869 1601 mudum,

701 1651 760 1704 oro
784 1633 834 1721 pli
857 1631 953 1703 oooii
977 1633 1059 1721 vivi,
1083 1629 1185 1724 idest,
1212 1629 1308 1704 oculi
1333 1629 1406 1704 mei
1431 1629 1584 1704 virentis
1598 1629 1635 1703 in
1655 1647 1779 1723 carne,
1796 1649 1870 1702 non

695 1757 826 1844 poteon
850 1753 904 1824 ire
927 1753 966 1822 oi
990 1753 1115 1844 fondo,
1135 1750 1237 1844 idest,
1264 1755 1458 1844 penetrare
1483 1755 1520 1825 et
1544 1748 1724 1845 attingere
1751 1768 1869 1843 usque

700 1870 747 1945 ad
772 1870 937 1964 fundum,
957 1891 1026 1963 per
1050 1875 1085 1944 io
1109 1892 1212 1944 rouro
1225 1896 1241 1964 ‚·
1266 1877 1304 1945 et
1327 1871 1422 1945 bene
1445 1869 1541 1962 dicit,
1560 1869 1647 1963 quia
1671 1869 1739 1944 ista
1764 1870 1868 1944 vallis

701 1996 756 2064 est
781 1991 943 2064 maximo
967 1990 1135 2084 obscura,
1153 1989 1190 2063 in
1215 2010 1289 2083 qua
1305 1988 1456 2085 punitur
1472 1988 1625 2082 furtum,
1646 1987 1745 2082 quod
1765 2009 1868 2062 oom-

700 2110 862 2185 muniter
886 2110 926 2187 iit
950 2105 992 2185 in'
1021 2110 1102 2186 iooo
1133 2110 1303 2204 obscuro,
1328 2109 1366 2183 in
1391 2119 1557 2204 tempore
1571 2100 1607 2201 (¹)
1636 2109 1806 2204 obscuro,
1831 2115 1869 2184 et

698 2229 758 2303 iur
784 2249 930 2324 semper
954 2237 1054 2304 amat
1079 2231 1291 2322 obscurum,
1309 2235 1346 2304 et
1366 2229 1416 2304 ita
1437 2228 1591 2304 materia
1616 2228 1702 2302 furti
1728 2236 1784 2304 est
1801 2229 1869 2302 ob-

699 2369 808 2423 scura
832 2356 869 2424 et
893 2351 1056 2442 occulta3
1076 2352 1196 2443 perod’
1207 2353 1257 2440 io,
1277 2351 1404 2443 supple
1428 2349 1513 2442 dixi,
1530 2370 1554 2422 o
1569 2355 1733 2440 moeson,
1749 2353 1791 2444 so
1809 2351 1869 2422 ode

700 2474 735 2540 tu
759 2469 874 2540 univi
897 2470 946 2540 do
971 2470 1098 2540 tuido
1122 2470 1271 2560 rinpiio,
1288 2466 1389 2562 idest,
1407 2468 1454 2541 ad
1478 2468 1587 2543 aliam
1620 2488 1751 2542 zonam
1778 2468 1868 2562 sari,

700 2585 834 2660 seilicet
858 2585 904 2661 ad
929 2586 1037 2661 aliam
1064 2587 1181 2682 ripam
1211 2587 1247 2660 in
1277 2586 1350 2661 iine
1378 2587 1507 2681 pontis,
1533 2609 1552 2659 e
1581 2589 1814 2660 nonnemo
1844 2591 1871 2662 ii

701 2725 816 2796 mmo,
834 2705 935 2799 idest,
953 2705 1216 2781 deseendamus
1241 2725 1307 2800 per
1332 2707 1448 2801 ripam
1476 2713 1614 2782 rectam
1640 2706 1687 2782 ad
1714 2708 1866 2782 modum

701 2825 811 2917 muri,
828 2826 923 2900 sicut
946 2825 1099 2900 ierimus
1116 2845 1226 2920 supra
1243 2826 1280 2900 in
1298 2827 1429 2902 vallem
1445 2817 1482 2919 (⁸)
1500 2826 1805 2922 simoniacorum
1832 2835 1869 2904 et

700 2965 787 3021 occe
811 2965 982 3020 oausam:
1010 2942 1081 3037 oid,
1106 2946 1207 3039 idest,
1234 2946 1331 3039 quia,
1356 2949 1392 3018 io
1417 2949 1538 3038 oeppro
1562 2943 1635 3038 piri,
1661 2948 1748 3042 quia
1780 2949 1868 3024 nihil

700 3064 825 3140 videns
850 3065 948 3140 videt
972 3065 1183 3158 obscurum,
1209 3087 1228 3138 e
1256 3068 1366 3138 mente
1396 3069 1558 3158 apparo,
1583 3087 1657 3141 non
1688 3067 1866 3164 discerno,

699 3186 758 3259 vel
792 3185 1061 3280 comprehendo
1090 3183 1248 3280 figuram
1277 3183 1463 3279 propriam
1492 3185 1646 3262 alieuius
1680 3187 1746 3281 rei,
1780 3209 1866 3262 cum

701 3311 823 3379 tamen
849 3305 966 3378 multa
991 3303 1134 3380 videam
1160 3302 1196 3377 in
1222 3303 1384 3398 confuso,
1402 3297 1474 3378 eost
1497 3307 1584 3378 oom'
1597 3310 1632 3380 io
1651 3309 1721 3380 odo
1738 3311 1865 3399 quinci,

699 3425 801 3517 idest,
826 3423 873 3498 de
897 3423 1057 3498 culmine
1080 3423 1183 3496 istius
1207 3425 1336 3518 pontis,
1362 3446 1381 3496 e
1404 3445 1476 3496 oon
1503 3429 1657 3516 truendo,
1682 3427 1768 3521 quia
1794 3447 1866 3502 vox

699 3543 916 3638 proveniens
941 3563 962 3616 a
988 3542 1100 3617 iundo
1126 3563 1198 3616 non
1224 3549 1280 3617 est
1304 3544 1542 3640 intelligibilis.
1564 3547 1607 3619 ut
1624 3547 1744 3621 subdit
1764 3548 1868 3622 nobi·-

699 3664 771 3738 iem
800 3663 1072 3757 responsionem
1102 3662 1250 3758 Virgilii,
1276 3663 1421 3738 dioens:
1455 3665 1515 3739 ille
1540 3664 1720 3761 Virgilius,
1751 3669 1867 3741 disse:

699 3785 956 3856 moerendo
989 3785 1273 3875 monopodia,
1307 3805 1343 3856 re
1375 3779 1869 3880 nonmsor;rde'iodi-

700 3905 833 3978 maredo
853 3907 987 3993 oreste
1004 3901 1107 3996 idest,
1124 3903 1223 3996 quod
1241 3903 1362 3977 iacere
1379 3904 1425 3977 ad
1441 3904 1652 3999 petitionem
1665 3906 1803 4000 iustam
1817 3895 1868 3999 (⁸),

698 4026 815 4098 rideo
838 4025 956 4113 reput-
980 4043 1044 4098 eon
1071 4026 1094 4096 t
1106 4043 1216 4115 opero
1240 4028 1395 4097 wenido.
1419 4025 1549 4101 Potitio
1573 4032 1699 4102 autem
1725 4026 1867 4101 autoris

699 4145 794 4219 bone
819 4149 900 4217 erat
923 4144 1074 4218 honesta
1088 4135 1137 4236 (⁵),
1164 4143 1250 4237 quia
1275 4150 1452 4222 tractatus
1475 4144 1615 4221 autoris
1632 4165 1705 4218 non
1724 4151 1868 4240 poterat

699 4283 779 4338 esse
804 4263 986 4358 periectos
1001 4252 1051 4354 (ὅ),
1078 4281 1146 4336 nec
1171 4261 1338 4355 decorus,
1355 4263 1385 4336 si
1401 4263 1468 4337 ista
1486 4262 1587 4339 iraus
1611 4264 1768 4339 obscura
1793 4283 1866 4339 non

698 4382 933 4477 detegeretur
958 4399 1024 4474 per
1045 4401 1144 4473 eum,
1162 4379 1255 4453 sicut
1279 4387 1317 4454 et
1341 4388 1485 4457 eoeterae
1502 4382 1649 4458 fraudes
1674 4383 1720 4458 ad
1745 4388 1867 4459 terro·

699 4520 779 4574 rem
805 4504 842 4574 ot
867 4499 1077 4592 exemptum
1103 4497 1333 4574 aliorum-
1347 4505 1423 4574 Not.
1450 4503 1555 4576 Nunc
1579 4509 1700 4597 autor,
1720 4510 1866 4582 ostensa

698 4617 929 4713 dispositione
953 4622 990 4692 et
1014 4619 1279 4712 preparatione
1303 4639 1370 4694 sua
1396 4620 1442 4695 ad
1462 4621 1568 4695 istam
1588 4623 1780 4698 materiam
1797 4624 1866 4698 dii·

760 4833 787 4896 Ρ)
803 4833 828 4882 S.
845 4845 860 4882 e
876 4831 906 4882 B.
922 4832 1092 4886 inclinaverit.
1103 4861 1131 4870 -
1142 4835 1195 4894 iit,
1212 4833 1389 4888 iuoiinnernt.
1546 4839 1573 4903 (¹)
1590 4841 1621 4892 lt
1637 4845 1664 4892 ai
1679 4841 1706 4892 in
1722 4847 1847 4906 temporo.

759 4909 787 4972 (¹)
803 4909 834 4960 Ε.
850 4909 877 4960 iu
892 4909 968 4962 nile.
1221 4912 1247 4974 (¹)
1265 4913 1295 4964 B.
1312 4913 1454 4967 bonum.
1544 4917 1573 4980 (¹)
1589 4917 1614 4969 S.
1629 4919 1707 4983 jum.

760 4985 1283 5051 dissoiisspamutmiirtairm
