4534 6842
699 875 837 930 caurus
863 877 1053 932 vrcnsruus
1078 875 1271 931 sucunnus.
1504 863 1573 930 tlt

403 1017 583 1112 dentibus
599 1022 635 1092 lo
659 1021 750 1094 diret
774 1023 893 1112 uncle,
920 1020 1025 1114 quasi
1050 1019 1168 1094 dicat:
1196 1019 1427 1094 nominarem
1452 1019 1574 1093 adbuc

401 1138 491 1213 alios
523 1138 657 1234 peritos
682 1139 891 1214 ‘baratarios
922 1145 959 1213 et
990 1139 1193 1214 baratarias
1226 1137 1418 1233 inauditas,
1451 1159 1510 1210 ma
1539 1140 1574 1210 tc

401 1267 489 1334 cmo
515 1261 565 1332 clt'
578 1261 657 1351 ello,
683 1260 746 1353 qui
773 1259 823 1332 sic
848 1259 1059 1354 subsannat,
1077 1279 1150 1332 aron
1173 1260 1400 1352 s'apnrccclri
1424 1279 1448 1330 a
1473 1243 1574 1349 prat-

401 1388 514 1453 tarne
539 1383 576 1452 la
601 1383 712 1470 dmm,
737 1379 843 1472 quasi
868 1378 986 1453 dicat:
1013 1380 1125 1454 timeo
1152 1399 1198 1454 ne
1223 1379 1291 1453 iste
1323 1379 1459 1473 scalpat
1484 1377 1573 1450 mibi

399 1504 510 1593 caput
538 1517 624 1572 cum
658 1496 838 1592 dentibus,
864 1497 958 1572 sicut
989 1498 1083 1572 alius
1116 1498 1260 1593 scalpsit
1273 1489 1310 1590 (⁴)
1338 1497 1425 1571 mibi
1457 1497 1572 1590 ilium,

400 1617 494 1692 alius
518 1617 723 1711 brachium,
749 1619 853 1712 quasi
879 1618 996 1693 dicat:
1024 1619 1137 1694 timeo
1163 1639 1210 1695 ne
1235 1618 1322 1694 velit
1346 1637 1509 1714 purgare
1535 1624 1571 1692 et

401 1737 534 1833 punire
553 1738 773 1814 baratariam
801 1739 839 1812 in
864 1759 936 1814 me.
955 1740 998 1816 Et
1022 1739 1081 1813 bic
1098 1745 1184 1814 nota
1208 1740 1470 1834 pulcerrimam
1490 1758 1570 1812 me-

401 1860 591 1953 taphoram
618 1859 758 1934 autoris
788 1860 871 1933 licet
896 1859 941 1933 sit
972 1859 1018 1934 de
1044 1879 1086 1934 re
1116 1858 1345 1954 turpissima3
1373 1879 1457 1932 nam
1483 1879 1571 1954 pro-

398 1979 578 2072 priissime
611 1986 718 2054 vocat
748 1979 971 2054 baratariam
1009 1980 1148 2075 tignam
1183 1979 1307 2052 multis
1340 1979 1566 2054 rationibus:

398 2099 529 2192 primo,
547 2099 633 2192 quia
651 2098 744 2172 sicut
762 2099 861 2194 tigna
886 2105 942 2173 est
967 2099 1016 2172 ita
1042 2098 1202 2174 radicata
1220 2099 1294 2175 cuti
1312 2099 1447 2194 capitis,
1470 2099 1569 2193 qnod

398 2237 471 2292 non
495 2209 664 2313 potestt²t
685 2218 763 2292 sine
787 2237 922 2314 magua
947 2217 1159 2294 difficultate
1184 2219 1369 2314 extirpari,
1389 2220 1436 2293 ita
1458 2220 1569 2294 bara-

396 2337 488 2411 taria
515 2337 693 2414 tenaciter
717 2338 880 2414 adhaeret
894 2327 931 2431 (⁸)
951 2338 1051 2412 cordi
1077 2339 1261 2432 baratarii,
1275 2339 1374 2433 quod
1399 2359 1473 2414 non
1499 2339 1566 2412 nisi

397 2456 591 2532 difficulter
624 2464 742 2553 potest
772 2459 855 2534 inde
884 2458 1016 2553 divelli,
1042 2459 1136 2534 sicut
1159 2459 1236 2554 jam
1270 2461 1400 2534 totiens
1428 2459 1565 2533 dictum

399 2584 471 2652 est:
490 2579 662 2670 secundo,
680 2579 767 2671 quia
793 2579 904 2654 bomo
921 2599 1067 2676 semper
1092 2587 1247 2653 conatur
1271 2584 1398 2674 tegere
1415 2579 1566 2674 tigrem,

398 2706 434 2772 et
461 2699 567 2772 valde
592 2697 864 2774 verecundatur
889 2699 918 2772 si
943 2699 1147 2794 detegatur,
1168 2699 1217 2772 ita
1243 2698 1371 2773 accidit
1396 2705 1495 2773 recte
1519 2697 1566 2774 de

395 2817 602 2891 baratari0:
629 2817 749 2912 tertio,
776 2819 863 2911 quia
895 2818 989 2894 sicut
1012 2819 1111 2915 tigna
1143 2826 1325 2913 purgatur
1354 2837 1438 2892 curn
1473 2818 1564 2912 pice,

394 2935 442 3015 ila
459 2937 642 3012 barataria
668 2938 820 3032 punitur
844 2938 882 3011 iu
908 2939 996 3033 pice.
1015 2937 1059 3010 Et
1083 2937 1204 3011 subdit
1221 2937 1393 3011 ellectum
1415 2937 1563 3012 malitia·

395 3057 580 3152 Ciampoli,
612 3059 697 3152 quia
713 3047 750 3152 (⁸)
778 3059 986 3154 impetravit
1019 3077 1067 3132 ne
1095 3059 1320 3152 sculperetur
1353 3055 1420 3130 sibi
1451 3058 1561 3153 tigna,

394 3179 481 3272 quia
498 3179 574 3253 dux
599 3179 809 3253 damonum
837 3178 990 3253 retraxit
1015 3179 1117 3252 illum
1143 3187 1332 3272 parantem
1359 3177 1505 3252 irruere
1526 3178 1562 3251 in

394 3318 493 3374 eum.
522 3287 622 3374 Unde
646 3299 754 3374 dicit:
781 3301 815 3372 el
835 3319 931 3390 prun
954 3306 1137 3391 proposto,
1167 3297 1303 3372 scilicet
1332 3297 1562 3373 Barbariccia

392 3419 555 3514 decurio,
573 3420 635 3513 qui
662 3429 743 3495 erat
759 3419 974 3513 praepositus
999 3424 1036 3494 et
1052 3417 1246 3514 praelectus
1271 3417 1453 3512 omnibus
1471 3421 1563 3492 volco

390 3543 653 3636 aFarsarello,
687 3540 736 3614 illi
773 3540 930 3615 daemoni
956 3540 1084 3635 veloci,
1110 3552 1147 3617 et
1166 3532 1202 3633 (⁸)
1231 3541 1306 3636 ipse
1340 3539 1561 3634 siampolus,

388 3665 449 3734 cle
473 3663 664 3734 Ιναὶωιαυα
686 3663 738 3751 pli
761 3663 858 3733 cccli
876 3681 943 3753 per
966 3663 1091 3755 sedare,
1118 3660 1221 3753 idest,
1246 3661 1309 3754 qui
1336 3659 1559 3754 obliquabat,

389 3781 553 3856 variabat
578 3781 704 3856 oculos
730 3801 835 3856 more
861 3781 957 3854 lunae
983 3801 1094 3856 causa
1120 3780 1272 3856 feriendi
1298 3781 1430 3876 ipsum,
1455 3781 1559 3871 dese,

386 3901 563 3996 capiendo
588 3901 828 3976 Fariarellum
856 3908 892 3978 el
918 3901 1190 3994 retrabend0,o
1215 3903 1393 3993 matvapto
1417 3903 1557 3993 uccelb,

388 4023 483 4098 bene
513 4027 619 4097 vocat
645 4021 755 4096 istum
776 4041 901 4116 avem,
928 4022 1014 4114 quia
1040 4021 1151 4096 habet
1171 4022 1248 4096 alas
1273 4029 1310 4097 et
1344 4043 1487 4119 ungues
1512 4023 1556 4096 ad

387 4141 537 4216 modurn
570 4141 648 4215 aris
679 4142 830 4236 rapacis,
862 4147 898 4216 et
927 4140 1098 4216 discurrit
1127 4161 1274 4235 semper
1302 4141 1348 4216 ad
1382 4141 1557 4237 praedam,

268 4293 270 4298 v
385 4261 478 4336 sicut
495 4261 573 4356 jam
597 4255 734 4336 dictum
753 4261 865 4337 estin
891 4261 963 4336 line
989 4261 1135 4356 capituli
1162 4261 1398 4356 precedentis
1418 4263 1464 4338 de
1489 4263 1558 4340 isto

385 4381 583 4458 Farlarello
611 4381 858 4475 intrascatore,
869 4385 951 4476 fatti
968 4385 1005 4455 in
1021 4372 1131 4473 costd,
1156 4381 1302 4478 scilicet,
1329 4403 1458 4458 versus
1483 4401 1555 4460 me.

385 4507 490 4578 -Se
515 4505 581 4576 voi.
603 4502 668 4576 llic
685 4509 796 4577 autor
815 4502 971 4577 ostendit
996 4503 1182 4596 quomodo
1198 4501 1418 4600 Ciampolus,
1440 4503 1556 4600 impe·

385 4630 482 4698 trata
511 4621 657 4716 aliquali
684 4627 828 4718 tregua,
855 4642 1027 4698 reversus
1052 4623 1178 4700 estad
1204 4624 1453 4700 narrationem
1480 4623 1556 4720 pri-

444 4856 473 4915 (¹t
489 4853 519 4904 lt.
537 4855 634 4918 resipit.
939 4851 968 4916 (¹)
984 4853 1015 4904 lt.
1032 4857 1117 4918 petest
1132 4854 1181 4904 nisi
1198 4852 1336 4904 dlllleillter
1350 4854 1484 4917 extirpari.

445 4927 472 4993 Γ)
489 4928 520 4981 Ε.
537 4931 628 4981 burst
940 4928 967 4991 (⁸)
984 4929 1009 4980 S.
1026 4930 1070 4993 qul
1087 4929 1241 4992 impetrarit.

444 5005 472 5070 ι’)
489 5011 535 5058 tle
550 5019 566 5057 e
582 5007 613 5058 E.
630 5013 660 5058 ut
676 5007 729 5072 ipre
745 5005 901 5070 clampolus.

516 5117 545 5162 il.
1265 5131 1269 5138 ·
1392 5115 1419 5159 tc
