4550 6844
702 947 774 1016 13⁰
1098 961 1304 1020 mmo!
1327 965 1482 1020 imm

702 1111 800 1199 nota,
825 1103 924 1198 quod
949 1105 1017 1179 ista
1041 1107 1202 1182 sonanda
1226 1108 1453 1204 comparatio
1481 1115 1538 1182 oet
1560 1105 1674 1180 etiam
1697 1105 1875 1200 propriis-

702 1223 815 1318 sima3
840 1223 958 1299 nbiea
983 1224 1082 1300 euim
1106 1231 1162 1301 est
1186 1227 1357 1321 quaedm
1380 1226 1493 1302 lebris
1517 1223 1673 1318 occulta,
1695 1223 1873 1318 paulatim

702 1344 890 1420 exsiccans
914 1349 952 1419 et
975 1363 1198 1422 consumam
1212 1365 1359 1442 eorpus,
1379 1347 1430 1421 ita
1447 1345 1546 1441 prod
1564 1345 1678 1418 bomo
1698 1363 1773 1419 uon
1788 1364 1875 1422 sen-

702 1464 755 1538 tit
780 1462 906 1538 Etbioe
927 1463 1040 1538 etiam
1056 1465 1260 1560 appellatur
1285 1466 1434 1541 morabs
1457 1463 1693 1562 philosophia,
1709 1463 1774 1540 sed
1800 1484 1874 1540 non

701 1583 753 1658 ita
777 1583 921 1678 onpitm
951 1584 1020 1660 bie
1034 1589 1132 1660 -0
1156 1589 1223 1660 voi
1252 1587 1319 1661 llic
1351 1592 1473 1680 autor,
1505 1605 1554 1660 ue
1585 1583 1760 1680 procedat
1790 1607 1875 1662 am-

700 1704 796 1799 plios
822 1703 993 1799 obscure,
1018 1704 1104 1780 tacit
1132 1705 1244 1780 istum
1273 1706 1483 1781 falsatorem
1508 1703 1744 1779 manifestare
1776 1725 1819 1780 se
1848 1725 1872 1780 a

701 1823 909 1918 nominee
942 1824 1096 1918 vicina
1124 1825 1318 1921 supplicio;
1348 1825 1448 1900 unde
1475 1822 1672 1898 introducit
1699 1843 1789 1898 enm
1823 1825 1872 1900 ad

699 1941 926 2037 loquendum
950 1942 1019 2018 sibi
1043 1951 1082 2019 et
1106 1943 1266 2041 Virgilio,
1291 1944 1434 2020 dicens:
1460 1946 1544 2018 diss
1555 1947 1625 2034 elli,
1641 1943 1791 2038 scilicet,
1809 1944 1871 2020 ille

699 2083 796 2137 unus
820 2060 1072 2159 *hydropicus
1097 2063 1215 2140 laetus
1231 2063 1278 2139 ad
1295 2063 1453 2138 iormam
1471 2063 1572 2158 liuti;
1594 2067 1625 2136 0
1640 2067 1699 2138 voi
1714 2065 1775 2137 cle
1789 2067 1872 2138 siste

697 2201 807 2256 scazo
818 2183 947 2256 docto
955 2203 1071 2276 peno5
1088 2182 1231 2261 viderat
1246 2182 1344 2258 enim
1361 2183 1423 2258 ille
1438 2182 1599 2279 spiritm,
1612 2182 1712 2277 quod
1724 2183 1781 2258 isti
1793 2183 1870 2258 ‹luo

697 2321 770 2377 uon
787 2301 1003 2378 laborabant
1021 2302 1146 2398 aliquo
1164 2303 1306 2396 morbo,
1323 2303 1420 2378 sicut
1439 2302 1563 2380 caeteri
1586 2302 1635 2377 de
1654 2302 1779 2399 bulgia
1795 2303 1869 2398 illa,

697 2438 771 2496 uon
787 2423 901 2518 lepra,
921 2422 1017 2497 sicut
1040 2421 1116 2498 duo
1139 2421 1248 2518 primi
1265 2422 1364 2517 socii,
1385 2441 1460 2497 non
1480 2422 1587 2518 iuria,
1604 2421 1698 2500 sicut
1712 2422 1773 2498 alii
1791 2424 1869 2500 <luo

697 2541 797 2635 socii,
823 2561 897 2616 nou
921 2539 978 2616 siti
1003 2541 1097 2618 sieut
1122 2541 1209 2637 ipse,
1234 2563 1308 2618 non
1333 2543 1448 2634 lebre,
1464 2543 1643 2618 siout-alii
1667 2543 1743 2619 duo
1767 2544 1868 2640 socii,

695 2663 743 2737 ‹le
767 2661 901 2756 quibus
925 2661 1059 2737 dieitur
1082 2661 1187 2757 inira,
1213 2669 1252 2738 et
1275 2661 1394 2738 dicit*
1408 2655 1466 2755 (⁴):
1491 2685 1511 2736 e
1533 2685 1607 2737 nou
1623 2685 1665 2737 so
1680 2662 1869 2758 tempoli,

696 2781 783 2878 quia
804 2781 987 2858 nesciebat
1004 2781 1105 2876 quod
1128 2783 1262 2858 llantes
1286 2782 1393 2858 vivus
1418 2783 1489 2857 iret
1512 2803 1559 2858 er
1584 2784 1704 2880 gratia
1724 2805 1792 2880 per
1811 2785 1870 2858 in·
1913 2853 1919 2866 .

695 2901 842 2976 fernum
868 2902 939 2976 sub
962 2901 1098 2976 ducatu
1124 2901 1273 2999 Virgilii,
1299 2905 1357 2976 nel
1380 2903 1510 2975 mondo
1533 2923 1674 2994 paruo,
1700 2901 1804 2997 idest,
1830 2904 1868 2978 in
2023 2883 2028 2894 ¹

693 3021 847 3117 interno,
873 3028 911 3098 et
935 3021 1098 3100 maxime
1121 3023 1159 3098 in
1184 3022 1252 3098 ista
1286 3022 1423 3120 brrlgir,
1449 3022 1512 3096 ubi
1543 3029 1629 3097 sunt
1658 3029 1711 3098 tot
1743 3024 1867 3100 tristes

693 3142 838 3238 inlirm'i,
862 3145 1298 3234 maturescentes,
1322 3142 1470 3237 scilieet,
1491 3163 1578 3218 cum
1603 3143 1866 3239 speculatione,

692 3285 717 3337 a
741 3266 779 3338 lu
804 3266 946 3338 monio
970 3265 1028 3338 det
1050 3269 1202 3338 mombo
1226 3265 1376 3338 adamo.
1399 3263 1443 3336 Et
1466 3262 1555 3356 quia
1574 3268 1684 3336 autor
1704 3247 1868 3357 pleneel

691 3385 793 3462 clare
815 3384 987 3460 describit
1012 3384 1123 3459 istum
1149 3390 1187 3460 et
1210 3383 1357 3480 culpam
1383 3389 1422 3460 et
1446 3401 1594 3478 poenam
1619 3389 1657 3456 et
1678 3383 1803 3459 locum
1828 3391 1867 3460 et

691 3510 841 3580 autores
857 3525 936 3579 sum
952 3505 1081 3600 culpas,
1102 3503 1184 3579 ideo
1201 3503 1365 3581 breviter
1383 3502 1641 3599 *pertranseo
1659 3503 1731 3578 lste
1750 3485 1883 3598 siqui]

692 3626 778 3700 dem
804 3624 978 3720 magister
1001 3623 1118 3698 adam
1143 3643 1277 3720 gerens
1301 3642 1438 3698 nomen
1466 3621 1574 3717 primi
1607 3621 1768 3718 pareubs
1796 3623 1866 3698 luit

692 3743 906 3820 lombardus
942 3743 989 3819 de
1025 3743 1172 3818 civitate
1208 3743 1382 3839 opulenta
1419 3742 1564 3836 Brixiae,
1595 3741 1643 3818 de
1671 3761 1746 3836 qua
1779 3741 1865 3819 dicit

692 3865 857 3941 Catullus
885 3871 992 3962 poeta
1019 3863 1253 3940 veronensis:
1280 3865 1411 3938 Brimo
1443 3868 1587 3937 Vacuo·
1613 3869 1725 3940 mater
1749 3865 1865 3938 mauce

692 4007 788 4061 awo.
813 3985 883 4075 Qui
910 4005 1067 4082 magnus
1092 3984 1317 4060 monetarius
1343 4003 1430 4058 cum
1451 3982 1608 4059 venisset
1628 3984 1863 4078 Florentiam,

691 4107 754 4182 ubi
780 4105 981 4182 fabricatur
1006 4111 1405 4199 maneamusque
1424 4103 1510 4179 inde
1525 4104 1731 4199 appellatur
1753 4105 1865 4180 llore-

690 4244 771 4323 uus,
789 4227 835 4303 ad
855 4226 1131 4324 persuasionem
1157 4231 1195 4300 et
1219 4224 1498 4320 promissionem
1521 4225 1769 4318 quorumdam
1795 4245 1864 4300 no-

689 4349 819 4425 bilium
847 4347 895 4424 ‹le
927 4345 1122 4422 comitibus
1150 4344 1325 4420 Gnidonis
1340 4335 1378 4437 (¹)
1407 4343 1508 4420 venit
1535 4345 1740 4420 Romenam
1754 4334 1792 4435 (³)
1823 4343 1862 4418 in

689 4468 937 4562 cusentinum,
961 4465 1066 4542 stibi
1092 4465 1231 4541 cudere
1255 4465 1365 4560 eoepit
1386 4465 1545 4540 llorenos
1562 4465 1669 4540 lalsos
1688 4463 1736 4540 ad
1760 4463 1863 4538 slmi-

687 4589 879 4666 litudiuem
903 4607 1081 4662 verorum
1114 4586 1340 4661 florenorum
1369 4585 1416 4662 de
1444 4584 1749 4680 Florentisque
1779 4603 1863 4660 mo-

690 4719 775 4788 neta
800 4707 909 4804 coepit
932 4706 1088 4803 expendi
1113 4714 1152 4783 et
1175 4707 1350 4782 seminari
1367 4729 1434 4804 per
1451 4707 1641 4805 warren
1661 4725 1747 4780 cum
1767 4725 1864 4802 prat-

684 4828 824 4928 judioio
849 4829 1053 4904 multorum
1080 4835 1118 4904 et
1148 4827 1298 4904 infamia
1322 4828 1507 4904 dictorum
1532 4826 1730 4922 comitum3
1756 4833 1795 4901 et
1825 4827 1862 4902 in

752 5019 780 5082 (¹1
797 5020 844 5072 Nol
860 5017 954 5072 colles
970 5019 1078 5070 &muse
1094 5031 1221 5071 maborno
1238 5019 1263 5069 le
1279 5017 1370 5082 parole
1386 5019 1486 5069 incluse
1502 5016 1543 5068 tra
1560 5017 1569 5068 t
1584 5017 1636 5068 slus
1652 5015 1795 5068 maluhi.

752 5097 780 5160 (ἢ
795 5101 850 5158 tlt.
866 5095 963 5148 (iuliis.
1217 5095 1245 5160 (⁸)
1261 5095 1287 5147 S.
1303 5095 1461 5148 bubonam.
