4550 6844
698 965 770 1032 lut
1091 970 1295 1028 comittit
1318 973 1471 1028 mmm

698 1141 811 1214 qnam
836 1139 925 1195 caro
950 1119 1061 1214 bruti,
1086 1119 1173 1216 quia
1198 1118 1310 1194 babet
1334 1119 1467 1214 pellem
1487 1118 1693 1194 molliorem
1719 1122 1870 1214 propter

698 1240 889 1316 delicatam
915 1238 1218 1334 complexionem
1239 1245 1364 1314 tamen
1384 1238 1498 1314 bestia
1516 1259 1590 1313 non
1607 1243 1726 1333 potest
1745 1236 1871 1332 expel-

697 1360 777 1436 lere
792 1368 1013 1454 puncturam
1031 1379 1054 1433 a
1070 1378 1111 1434 sc
1127 1378 1214 1433 curn
1232 1358 1352 1433 canda
1367 1359 1427 1434 vel
1444 1377 1521 1452 ore,
1542 1357 1637 1432 sicut
1653 1359 1766 1432 bomo
1783 1375 1870 1432 cum

699 1499 825 1574 manu,
851 1479 944 1554 sicut
970 1478 1137 1554 ridemus
1162 1479 1261 1574 quod
1285 1478 1448 1552 *taurus
1465 1479 1515 1553 ita
1532 1478 1665 1553 dicitnr
1690 1477 1872 1552 stimulari

698 1599 894 1694 aliquando
907 1599 976 1674 sub
989 1599 1107 1675 cauda
1119 1600 1166 1676 ab
1183 1599 1305 1693 axilio,
1320 1599 1383 1693 qui
1400 1605 1456 1674 eat
1475 1597 1601 1673 similis
1617 1597 1758 1694 apibus,
1771 1597 1871 1692 qnod

698 1719 816 1795 currit
848 1741 915 1816 per
948 1719 1064 1794 multa
1093 1719 1260 1796 milliaria
1285 1738 1373 1793 cum
1399 1738 1536 1816 magno
1569 1719 1696 1794 lurore
1725 1726 1763 1794 et
1796 1719 1872 1793 cla-
2017 1749 2025 1760 ·
2119 1698 2124 1706 ’

698 1859 815 1934 more,
850 1846 892 1913 nt
925 1841 1053 1935 pulcre
1090 1839 1213 1914 scribit
1246 1838 1416 1935 Virgilius
1453 1838 1548 1913 libro
1580 1837 1869 1934 Georgicorum

699 1961 865 2036 similiter
886 1960 1052 2036 videmus
1069 1959 1287 2054 quomodo*
1307 1950 1345 2050 (¹)
1370 1960 1428 2034 leo
1454 1959 1554 2056 rugit
1577 1965 1616 2034 ct
1639 1959 1798 2034 luriatur
1814 1959 1870 2032 in-

698 2103 809 2155 vasus
833 2102 855 2156 a
880 2081 995 2175 lehre„
1015 2099 1104 2175 aper
1121 2081 1336 2170 vnlneratus
1352 2099 1375 2153 a
1392 2079 1586 2173 venabulo,
1604 2086 1643 2153 et
1658 2097 1769 2154 ursus
1784 2097 1870 2174 spo-

698 2200 806 2274 liatus
832 2199 912 2276 liliis
936 2199 1022 2274 suis.
1048 2199 1120 2274 Sed
1145 2200 1267 2274 nullus
1301 2204 1356 2274 cst
1385 2198 1491 2273 iuror
1516 2198 1717 2273 bestiarum
1743 2197 1870 2272 similis

697 2319 815 2394 lurori
839 2321 1015 2414 humano,
1041 2339 1110 2394 noc
1138 2324 1279 2393 tantum
1306 2316 1628 2412 pertimescendus.
1654 2315 1739 2392 ltleo
1763 2316 1868 2391 dicit:

699 2443 817 2532 pacat
829 2443 865 2512 io
889 2442 961 2514 vicli
983 2441 1021 2512 io
1044 2440 1112 2512 doc
1135 2439 1257 2512 ombre
1287 2441 1417 2510 omorio
1440 2458 1459 2510 e
1484 2439 1588 2530 ande,
1618 2437 1705 2532 quia
1736 2437 1869 2512 animm

699 2567 878 2656 separatas
903 2581 926 2634 a
950 2578 1063 2634 carue
1087 2565 1174 2632 sunt
1197 2557 1318 2652 nudae,
1347 2563 1385 2632 et
1415 2575 1546 2632 omnes
1569 2557 1743 2632 dicuntur
1767 2553 1871 2652 palli·

617 2751 619 2756 ,
699 2683 769 2776 dm,
794 2687 831 2756 ct
855 2680 934 2756 loca
961 2685 1193 2754 mortuorum
1220 2677 1362 2773 pallida.
1388 2678 1434 2752 Et
1457 2677 1640 2773 specificat
1658 2695 1791 2752 eornm
1812 2672 1873 2749 iu·

700 2822 826 2877 rorem
851 2821 917 2896 per
943 2799 1254 2894 comparationem
1281 2799 1418 2874 claram
1445 2804 1483 2873 et
1506 2797 1705 2893 propriam,
1730 2797 1871 2871 dicens:

700 2925 772 3014 circ,
785 2921 887 3014 idest,
901 2939 985 3014 quae
1002 2920 1156 3012 umbrae,
1169 2939 1345 2992 corrcoca
1361 2917 1568 3008 mordendo,
1582 2917 1718 2990 scilicet
1733 2933 1873 2989 unum-

700 3059 889 3136 quemque
913 3039 1077 3133 obvium‚
1102 3041 1140 3111 di
1168 3040 1248 3132 puel
1277 3041 1395 3128 modo,
1426 3037 1562 3112 scilicet
1591 3035 1743 3129 furioso,
1772 3035 1832 3106 cite
1848 3035 1874 3106 'l

697 3182 821 3254 porco,
846 3160 985 3255 supple,
1010 3159 1127 3233 currit
1150 3157 1353 3234 mordendo
1369 3149 1405 3250 (²)
1424 3163 1462 3231 et
1481 3155 1674 3230 lacerando
1695 3152 1871 3248 quidquid

699 3281 862 3357 occurrit
893 3279 1139 3374 sibipraelia
1168 3281 1201 3352 si
1235 3279 1373 3351 sctiodc
1406 3277 1464 3350 del
1486 3275 1631 3368 porcile,
1663 3275 1750 3369 qnia
1784 3279 1872 3350 tunc

701 3401 817 3476 iactus
842 3399 934 3474 liber
958 3404 995 3471 et
1019 3397 1057 3472 in
1071 3387 1108 3488 (³)
1127 3417 1195 3470 sua
1215 3403 1404 3491 potestate7
1424 3395 1553 3488 currit,
1576 3393 1731 3488 mordet,
1757 3398 1796 3467 ot
1819 3393 1873 3465 ln-

701 3527 804 3595 cerat
828 3537 924 3613 saepc
951 3517 1119 3592 membra
1144 3517 1318 3609 bumana,
1340 3515 1434 3589 sicut
1458 3512 1655 3608 aliquando
1679 3512 1817 3588 lacerat
1834 3517 1873 3586 et

702 3646 808 3716 rorat
833 3638 1053 3713 inlantnlum
1078 3636 1254 3712 tenellum
1288 3636 1325 3709 in
1357 3635 1543 3710 cunabulo
1573 3654 1659 3710 cnm
1695 3636 1872 3728 perpetuo

702 3749 829 3835 dolore
854 3757 999 3832 miscrae
1023 3755 1162 3831 matris.
1188 3756 1233 3830 lit
1256 3754 1315 3829 bic
1339 3761 1425 3830 nota
1442 3755 1542 3849 quod
1557 3760 1668 3830 autor
1687 3753 1782 3828 beno
1803 3750 1873 3824 iln-

701 3879 765 3977 git,
783 3877 884 3973 quod
903 3875 999 3952 iuria
1020 3895 1093 3949 non
1111 3875 1178 3949 luit
1195 3881 1295 3949 tanta
1313 3875 1351 3948 in
1367 3874 1492 3969 aliquo
1510 3875 1669 3949 thebano
1686 3872 1745 3946 vel
1763 3869 1876 3946 troia-

702 4020 764 4095 no,
789 3999 882 4074 sicut
914 4003 995 4072 crat
1026 3994 1063 4070 in
1093 3995 1186 4090 istis;
1212 3993 1299 4088 qnia
1332 3995 1362 4068 si
1387 3995 1562 4068 Athamas
1592 3993 1773 4068 thebanus
1806 3987 1876 4064 luit
1973 3975 1978 3986 ’

702 4119 860 4196 crudelis
885 4117 922 4193 in
947 4137 1104 4192 uxorem
1130 4122 1168 4191 et
1192 4115 1293 4210 lilios,
1312 4116 1382 4190 boc
1399 4115 1482 4190 lecit
1499 4134 1545 4190 er
1566 4133 1696 4190 erroro
1715 4120 1753 4189 et
1770 4113 1875 4210 igno-

703 4239 839 4332 rantia3
866 4236 896 4311 si
920 4236 1070 4312 Hecuba
1095 4235 1190 4309 iacta
1215 4241 1271 4310 cst
1302 4233 1447 4308 rabiosa
1478 4239 1606 4308 contra
1631 4253 1782 4330 grecos
1808 4235 1875 4306 aut

701 4360 1017 4456 Polymnestorem
1047 4374 1228 4452 generum
1260 4374 1384 4446 suum,
1414 4354 1483 4428 boc
1516 4353 1600 4428 lecit
1613 4341 1650 4445 (ὗ)
1672 4350 1873 4448 justissima

702 4501 748 4556 ex
774 4499 898 4571 causa,
924 4476 1012 4571 quia
1037 4481 1227 4571 receperat
1251 4480 1327 4549 tam
1352 4481 1508 4567 atroces,
1527 4479 1602 4548 tam
1628 4469 1874 4546 intolerabiles

702 4599 873 4692 oliensas3
900 4595 964 4672 sed
995 4595 1052 4670 isti
1083 4595 1145 4689 qui
1171 4593 1376 4690 puniuntur
1400 4593 1459 4668 bic
1483 4599 1611 4688 sponte
1636 4598 1674 4666 et
1698 4609 1744 4665 ex
1772 4597 1874 4666 certa

702 4717 852 4794 scientia
883 4715 1138 4791 alienaverunt
1168 4734 1362 4810 personam
1393 4711 1578 4809 propriam
1610 4712 1648 4785 in
1679 4729 1874 4807 personam

766 4931 793 4992 t'l
809 4931 846 4982 Le
862 4931 950 4994 parole
965 4929 1008 4981 ira
1022 4931 1032 4980 l
1048 4930 1099 4980 dne
1115 4929 1249 4981 asurbcbt
1264 4943 1312 4982 ron
1327 4929 1440 4993 suppllta
1456 4927 1497 4978 dal
1511 4927 1600 4979 Contu
1615 4928 1724 4979 Erum
1739 4939 1755 4976 n
1771 4929 1826 4976 tto.

766 5006 794 5147 ἓξ
810 5008 842 5136 ξ.
852 5007 1002 5138 ίιὲιῦοθῐῐιίοἰιιίο
1018 5005 1152 5072 qnldqmrl.
1331 5005 1358 5068 (⁸)
1374 5003 1405 5055 E.
1421 5005 1450 5056 ln
1464 5017 1539 5056 cnam
1555 5007 1717 5068 polanum.
