4534 6842
717 933 786 1000 ss2
1109 942 1488 1002 fflfflfflmflmmffl

714 1109 844 1165 versus
860 1090 1042 1166 forensem
1060 1083 1119 1184 (’);
1137 1090 1219 1184 quis
1236 1097 1291 1166 est
1310 1089 1384 1165 ibit
1401 1090 1524 1166 Potest
1543 1089 1610 1165 ista
1627 1089 1881 1184 litera-exponi

712 1203 880 1287 subtilius
905 1218 942 1287 et
968 1211 1110 1306 melius,
1135 1213 1195 1285 cite
1223 1214 1274 1303 qli
1302 1214 1455 1306 amodo,
1481 1210 1584 1306 idest,
1616 1209 1704 1307 quid
1736 1210 1884 1306 prodest

713 1331 771 1406 isti
795 1331 831 1407 id
856 1332 954 1426 quod
978 1331 1080 1427 petit,
1105 1331 1241 1407 scilicet
1271 1332 1369 1428 quod
1399 1352 1499 1406 unus
1525 1331 1648 1408 veniat
1671 1321 1788 1426 quid)
1815 1351 1884 1406 au-

712 1449 788 1526 diat
812 1452 922 1526 euml
948 1449 1051 1544 quasi
1076 1449 1190 1526 dicat:
1216 1449 1322 1545 nihil;
1348 1450 1434 1526 satis
1458 1450 1557 1526 enim
1583 1449 1716 1545 poterit
1740 1449 1882 1525 adulari

714 1575 752 1644 et
774 1589 951 1665 perorare
964 1561 1002 1664 (³)
1027 1591 1114 1646 cum
1141 1577 1218 1646 tota
1242 1570 1452 1665 eloquentia
1480 1590 1548 1646 sna
1579 1570 1679 1664 qnod
1704 1569 1883 1646 evadata

714 1689 884 1765 manibus
908 1689 1052 1786 nostris,
1073 1697 1174 1766 oerte
1199 1687 1421 1765 lacerabitur
1446 1694 1483 1765 et
1507 1689 1769 1786 submergetur
1790 1688 1883 1762 sicut

714 1814 752 1883 et
775 1808 854 1904 alii3
879 1829 972 1906 ergo
994 1810 1113 1885 bene:
1138 1811 1198 1882 ote
1221 1811 1273 1901 qli
1296 1815 1428 1902 monto,
1452 1811 1513 1884 cde
1538 1811 1590 1901 qli
1619 1812 1695 1884 oute
1714 1809 1883 1902 percit’io

714 1931 835 2003 vodo?
852 1935 889 2005 et
913 1929 965 2004 sic
989 1932 1131 2024 aprodo
1147 1936 1202 2006 est
1215 1918 1253 2022 (⁸)
1275 1934 1349 2004 tota
1367 1948 1441 2003 una
1460 1929 1569 2004 dictio
1590 1935 1626 2005 et
1643 1935 1697 2004 est
1710 1928 1880 2024 verbum,

714 2054 751 2122 et
776 2049 884 2123 debet
908 2049 981 2146 legi
1005 2049 1073 2124 ista
1099 2049 1203 2124 litera
1229 2068 1321 2125 voce
1338 2048 1497 2123 exaltata
1521 2047 1567 2122 ad
1592 2054 1785 2123 terrorem.
1807 2047 1882 2121 dli-

714 2167 777 2262 qui
796 2174 918 2242 tamen
937 2175 1059 2242 textus
1075 2169 1222 2264 habent,
1238 2169 1294 2242 cli
1303 2159 1340 2260 (⁵)
1358 2170 1548 2262 t’uprodn,
1566 2167 1603 2242 in
1619 2167 1778 2242 secunda
1796 2187 1883 2263 per-

714 2306 814 2383 sona,
841 2291 895 2362 est
920 2293 1044 2362 tamen
1068 2288 1197 2364 eadem
1228 2288 1417 2364 sententia.
1449 2289 1492 2362 Ε)
1522 2286 1643 2362 subdit
1676 2286 1883 2382 responsio-

714 2427 801 2482 nem
826 2407 964 2504 Virgilii
988 2407 1052 2502 qui
1077 2429 1117 2484 se
1141 2408 1300 2484 detenuit
1319 2408 1419 2503 iusta
1445 2407 1597 2502 ratione,
1620 2417 1657 2484 et
1680 2406 1882 2502 dicitquod

711 2529 791 2623 jam
805 2547 877 2602 uon
891 2527 1065 2622 potuisset
1081 2527 1251 2604 transisse
1264 2516 1300 2621 (⁶)
1316 2527 1449 2602 illaesus
1466 2547 1532 2622 per
1549 2533 1602 2600 tot
1617 2533 1655 2602 et
1668 2533 1768 2602 tanta
1784 2527 1883 2623 peri·

717 2647 801 2722 cula
825 2647 893 2722 nisi
916 2647 1044 2721 datum
1070 2657 1166 2723 esset
1190 2646 1358 2743 desuper.
1392 2646 1485 2724 Dicit
1513 2667 1628 2744 ergo:
1653 2649 1745 2721 disse
1764 2650 1790 2720 ’l
1812 2650 1883 2721 mio

716 2776 881 2859 mnatro,
899 2767 1160 2864 respondendo,
1185 2789 1210 2841 o
1234 2770 1436 2859 Mulucodn,
1452 2771 1550 2842 credi
1565 2776 1601 2843 ta
1617 2769 1770 2842 certanti
1788 2789 1884 2842 esser

716 2897 838 2962 cauato
854 2891 926 2981 qui,
943 2887 1035 2964 idest
1061 2907 1178 2984 usque
1202 2887 1249 2962 ad
1274 2888 1379 2962 istam
1398 2887 1560 2984 bulgiam
1580 2897 1753 2982 vestram,
1770 2906 1883 2982 quam

715 3007 764 3082 ita
789 3007 939 3082 sollicite
964 3007 1161 3101 custoditis,
1185 3027 1308 3082 securo
1324 2997 1386 3098 oet
1402 3009 1451 3081 do
1467 3010 1542 3080 tutti
1560 3010 1576 3079 i
1592 3010 1701 3081 vostat
1723 3008 1884 3098 sodomi,

714 3126 805 3202 idest
830 3127 1035 3204 immunem
1061 3132 1098 3202 et
1127 3134 1341 3223 exemptum
1371 3129 1420 3202 ab
1452 3127 1622 3202 omnibus
1636 3116 1673 3220 (⁷)
1707 3127 1818 3202 scutis
1847 3133 1885 3202 et

715 3249 939 3343 reperaeulis
968 3267 1051 3342 quae
1084 3247 1217 3322 lecistis
1241 3257 1370 3324 contra
1401 3267 1474 3341 me,
1505 3247 1599 3322 sicut
1624 3247 1740 3342 patuit
1763 3247 1800 3322 in
1826 3247 1884 3322 in-

713 3369 827 3444 troitu
852 3367 1030 3444 civitatis?
1055 3367 1161 3464 quasi
1191 3367 1297 3461 dicat,
1323 3387 1391 3443 nec
1420 3367 1468 3463 vi,
1494 3388 1561 3443 nec
1593 3367 1722 3444 lraude
1745 3367 1884 3463 potuis·

714 3510 793 3564 sem
832 3488 988 3563 transire
1023 3507 1089 3584 per
1126 3495 1180 3563 tot
1214 3495 1337 3584 partes
1373 3487 1618 3563 violentorum
1657 3495 1695 3564 et
1731 3488 1885 3564 iraudu-

715 3608 898 3686 lentorum
925 3607 1003 3682 sine
1027 3607 1236 3703 praeiudicio
1268 3626 1413 3703 magno.
1444 3607 1564 3703 Certe,
1589 3607 1784 3703 Malacodn,
1814 3627 1885 3704 eqo

714 3729 859 3804 ascendi
885 3728 1025 3824 spinam
1051 3727 1228 3822 Gerionis,
1253 3733 1290 3802 et
1314 3727 1390 3802 sedi
1415 3728 1524 3824 juxta
1557 3728 1713 3804 caudam
1743 3728 1823 3804 eius
1847 3735 1886 3804 et

715 3847 807 3923 liber
831 3849 947 3946 evasi3
973 3855 1074 3924 certe
1098 3848 1165 3922 ista
1178 3837 1214 3939 (⁸)
1232 3867 1306 3922 non
1330 3847 1529 3942 potuissem
1556 3847 1635 3924 sine
1657 3849 1776 3945 gratia
1801 3848 1885 3944 llei3

715 3969 814 4046 unde
837 3969 941 4045 dicit:
967 3989 1077 4043 scazo
1101 3971 1198 4042 oolcr
1221 3953 1340 4041 dicim
1365 3989 1384 4040 c
1408 3971 1486 4061 suto
1510 3971 1640 4060 duco,
1673 3968 1776 4064 idest,
1806 3968 1886 4044 sine

715 4088 1031 4184 predestinatione
1047 4089 1111 4165 Dei
1129 4095 1166 4164 et
1182 4087 1455 4164 constellatione
1472 4089 1567 4184 coeli,
1579 4099 1622 4166 ut
1634 4109 1731 4184 sepe
1747 4089 1884 4166 dictum

717 4216 772 4285 est
797 4216 834 4286 et
858 4209 1011 4285 dicetur.
1037 4211 1080 4284 Et
1105 4209 1156 4284 sic
1181 4215 1266 4282 nota
1287 4208 1386 4303 quod
1405 4207 1575 4306 Virgilius
1591 4209 1675 4286 lacit
1695 4209 1884 4286 efficacem

647 4341 651 4350 ’
716 4331 912 4407 rationem:
937 4329 1124 4406 nonenim
1142 4326 1287 4403 videtur
1304 4326 1472 4424 possibile
1489 4348 1556 4403 nec
1572 4329 1770 4405 verisimile
1785 4327 1884 4424 quod

716 4455 826 4524 autor
851 4447 1057 4524 transiverit
1082 4467 1148 4544 per
1174 4453 1228 4522 tot
1251 4467 1389 4544 genera
1410 4453 1671 4544 monstrorum,
1693 4468 1760 4543 per
1772 4439 1810 4542 (⁹)
1832 4454 1887 4526 tot

715 4569 829 4646 millia
852 4567 1133 4663 demoniorum,
1150 4567 1246 4644 inter
1271 4572 1325 4645 tot
1339 4588 1476 4666 genera
1494 4589 1700 4665 penarum,
1718 4589 1785 4666 per
1804 4589 1886 4643 ma·

776 4755 803 4818 (¹)
819 4755 850 4806 R
866 4754 989 4806 romae
1404 4753 1433 4816 (l)
1449 4753 1479 4804 R
1495 4767 1511 4804 e
1528 4758 1583 4816 tta,
1599 4755 1683 4806 ventat
1698 4757 1725 4805 et
1741 4753 1836 4804 audiet.

776 4829 950 4894 &Eme
1404 4830 1554 4892 meme

776 4907 804 4970 (“)
821 4906 851 4958 E.
866 4907 910 4958 cle
925 4909 947 4958 tt
960 4907 1067 4974 nprndn.
1084 4907 1111 4958 ln
1127 4907 1231 4972 propria
1248 4918 1366 4971 pamm.
1407 4905 1436 4970 (⁸)
1451 4907 1486 4970 S..
1503 4907 1535 4958 B.
1550 4921 1565 4959 e
1582 4911 1637 4969 rto,
1654 4907 1764 4959 tunm
1779 4905 1885 4958 utum.

775 4983 1198 5047 wlltomnlbnnrentrlncntta.
1406 4983 1722 5047 otuunnnnrenon.

776 5059 1020 5126 l'lRetnertot.
1602 5061 1607 5070 '
