4606 6840
761 982 900 1039 murus
924 985 1117 1042 vrsnsruus
1141 987 1285 1043 snmus.
1523 979 1594 1048 265

425 1127 574 1222 felicior,
591 1146 704 1221 quam
730 1128 759 1202 si
783 1128 977 1224 puniatur3
1003 1137 1042 1205 et
1066 1131 1153 1225 quia
1172 1132 1220 1206 ad
1235 1131 1414 1227 justitiam
1432 1133 1497 1209 liei
1513 1154 1597 1230 spe·

426 1258 499 1326 ctat
529 1248 627 1343 quud
658 1249 705 1324 ad
737 1250 882 1343 cuipam
909 1258 1086 1344 sequatur
1111 1273 1239 1347 poena;
1265 1248 1461 1348 quand0(¹)
1487 1273 1597 1348 poena

424 1370 602 1461 diiiertur,
620 1367 675 1442 ira
688 1359 725 1460 (²)
745 1369 885 1443 tardata
904 1370 1002 1444 venit
1026 1371 1215 1466 acerbiur;
1241 1373 1323 1448 ideo
1348 1373 1448 1448 dicit:
1466 1377 1516 1448 da
1537 1377 1598 1448 cie

419 1511 493 1584 pur
509 1511 603 1562 esser
620 1492 694 1581 dee,
712 1495 749 1564 et
765 1509 851 1564 ecce
868 1510 1030 1585 causam,
1051 1493 1111 1564 cte
1119 1487 1185 1584 piri
1205 1495 1254 1566 mi
1263 1484 1420 1584 praed
1436 1497 1523 1578 cous?
1530 1491 1595 1588 pid

425 1614 642 1702 m’auempo.
657 1613 797 1682 -Not
824 1609 889 1685 Hic
912 1617 1023 1703 autor
1047 1611 1217 1688 describit
1242 1633 1373 1688 eorum
1399 1634 1591 1712 egressum

424 1731 471 1806 de
503 1730 628 1826 buigia
661 1729 826 1824 septima,
861 1735 898 1804 et
927 1729 1135 1826 ingressum
1165 1733 1202 1806 in
1231 1741 1413 1827 octavam,
1445 1733 1592 1809 dicens:

424 1853 486 1923 noi
517 1851 550 1922 ci
575 1851 745 1942 purtimc,
780 1847 915 1922 seilicet
945 1849 992 1923 de
1026 1849 1085 1924 iiia
1116 1850 1238 1947 buigia
1268 1852 1406 1945 inrum,
1431 1875 1450 1924 e
1473 1855 1501 1928 il
1524 1855 1594 1926 mic

425 1977 591 2060 macro,
621 1969 756 2044 sciiicet
790 1967 960 2066 Virgilius
992 1970 1054 2064 qui
1079 1969 1237 2046 duxerat
1261 1992 1322 2047 me
1346 1955 1519 2047 deorsum
1545 1972 1613 2047 ad·

424 2090 591 2183 fundum,
615 2082 767 2162 rimontd
791 2111 809 2162 e
834 2097 946 2162 trusse
970 2111 1055 2182 mee,
1080 2091 1214 2168 scilicet
1239 2098 1319 2186 post
1343 2113 1395 2186 se,
1419 2115 1461 2166 su
1474 2115 1542 2188 per
1563 2095 1595 2167 le

286 2307 293 2318 1
423 2213 547 2301 scales,
581 2208 682 2303 idest,
713 2229 780 2304 per
810 2211 947 2306 gradus
980 2209 1074 2284 iiiius
1100 2211 1187 2306 ripae
1201 2203 1237 2303 (³)
1265 2212 1404 2306 ardue,
1430 2213 1517 2307 quia
1541 2213 1590 2288 ibi

424 2351 497 2405 non
517 2334 598 2404 erat
613 2328 685 2403 alia
701 2329 808 2403 scala.
827 2329 911 2403 ideo
928 2329 1027 2404 dicit:
1040 2332 1099 2402 cte
1118 2333 1247 2402 u’aveu
1260 2335 1341 2424 sutts'
1356 2331 1471 2422 borni,
1489 2331 1591 2426 idest,

423 2451 660 2543 abiucinatos‚
672 2451 760 2541 psu'u
776 2470 802 2521 a
816 2452 992 2542 sumere,
1011 2449 1114 2545 idest,
1139 2471 1160 2524 a
1186 2445 1372 2546 principie,
1391 2451 1538 2545 quando
1552 2440 1589 2544 (ὗ)

423 2571 543 2667 primu
575 2569 828 2646 descendimus
852 2576 999 2665 propter
1024 2570 1274 2647 difficultatem
1301 2571 1370 2646 riae
1394 2579 1433 2647 et
1457 2573 1591 2646 ubscu-

424 2693 581 2784 ritatem,
614 2690 713 2783 quod
745 2709 818 2763 non
851 2695 906 2764 est
930 2689 1029 2763 aliud
1053 2689 1185 2783 dicere,
1212 2691 1291 2785 nisi,
1316 2711 1383 2766 nos
1421 2711 1591 2766 reascen-

423 2810 544 2885 dimns
558 2801 597 2902 (⁵)
634 2830 782 2882 sursum
819 2829 864 2884 eo
899 2809 1009 2884 modo
1042 2830 1117 2904 qno
1150 2811 1456 2886 descenderamus
1485 2811 1589 2904 inira,

423 2939 459 3008 et
491 2930 691 3006 redivimus
719 2929 766 3003 ad
796 2930 954 3023 primam
984 2929 1082 3004 riam
1114 2937 1250 3005 rectam
1289 2931 1417 3026 pontis.
1456 2931 1500 3006 Et
1532 2930 1591 3005 via

424 3052 526 3127 istius
566 3050 684 3146 pontis
720 3048 839 3124 octavi
877 3060 957 3126 erat
993 3048 1103 3124 etiam
1141 3049 1247 3124 vaide
1283 3049 1453 3145 difficilis,
1491 3047 1590 3144 quod

424 3169 579 3247 ostendit
607 3189 672 3264 per
697 3167 845 3244 evidens
869 3169 1026 3264 signum,
1051 3167 1185 3263 diceus,
1215 3171 1249 3242 lu
1270 3166 1330 3261 pte*
1351 3189 1423 3242 nou
1446 3171 1478 3242 si
1507 3190 1587 3261 spe-

424 3295 485 3364 diu
516 3309 626 3362 senza
659 3291 696 3362 lu
735 3308 854 3380 suune,
889 3287 993 3381 quasi
1026 3287 1144 3362 dicat:
1180 3287 1238 3362 ria
1270 3294 1351 3362 erat
1387 3286 1437 3364 ita
1473 3287 1589 3383 impe-

421 3409 495 3484 dita
532 3415 571 3484 et
606 3408 785 3503 intricata,
810 3409 908 3502 quud
941 3428 1005 3503 pes
1039 3428 1112 3483 non
1146 3415 1289 3504 poterat
1320 3409 1476 3484 transire
1512 3409 1590 3486 sine

421 3529 559 3605 auxilio
583 3549 726 3622 manus,
752 3529 846 3603 sicut
877 3549 973 3622 saepe
1006 3528 1135 3603 accidit
1171 3529 1449 3604 ascendentibus
1483 3550 1590 3605 mnn-

422 3657 497 3725 tem
530 3651 703 3743 arduum,
733 3651 977 3742 prosequendo
1011 3651 1049 3722 la
1084 3652 1242 3741 selvups'u
1276 3653 1347 3741 viu,
1382 3648 1485 3744 idest,
1523 3669 1589 3746 per

419 3777 567 3865 pontem
597 3775 770 3844 octavum
797 3769 860 3863 qui
886 3769 1121 3844 continuatur
1147 3776 1247 3845 recte
1272 3769 1426 3865 septimo
1450 3789 1589 3865 praece·

419 3889 529 3985 denti,
567 3911 651 3984 qnae
690 3888 747 3964 via
786 3897 867 3964 erat
904 3909 992 3964 vere
1022 3889 1206 3984 silvestris,
1241 3896 1279 3965 et
1303 3889 1474 3983 solitaria,
1500 3889 1587 3983 quia

419 4031 624 4104 numquam
661 4008 755 4082 alius
792 4008 909 4083 iverat
945 4028 1011 4103 per
1049 4009 1155 4082 istam
1194 4009 1303 4083 riam.
1334 4009 1425 4082 Nam
1452 4009 1585 4082 Dentes

320 4201 323 4210 Δ
418 4129 559 4223 primus
596 4127 785 4202 fabricavit
809 4127 896 4228 istos
920 4133 1048 4221 pontes
1077 4135 1114 4202 et
1142 4127 1227 4202 istas
1255 4127 1410 4223 bulgias,
1440 4133 1477 4202 et
1506 4148 1587 4201 ma·

418 4250 510 4324 teria
528 4249 595 4323 ista
612 4255 693 4324 erat
710 4247 816 4323 valde
832 4248 951 4340 sortis3
969 4253 1006 4322 et
1022 4247 1138 4344 tangit
1157 4247 1390 4343 asperitatem
1412 4247 1479 4322 viae
1500 4267 1585 4340 que

420 4389 493 4444 nun
519 4376 599 4444 erat
623 4369 742 4463 piane,
768 4387 855 4440 cum
885 4366 989 4441 dicit:
1016 4375 1074 4440 tra
1098 4370 1130 4441 le
1153 4369 1296 4458 scioppe
1324 4374 1426 4440 esra
1455 4369 1469 4439 i
1496 4387 1585 4440 rou-

421 4491 487 4580 ciu',
508 4487 610 4582 idest,
628 4487 723 4561 inter
739 4507 838 4580 sara,
857 4486 1191 4582 dorsumdurum,
1211 4487 1340 4582 pontis.
1362 4488 1407 4562 Et
1423 4486 1482 4562 bic
1498 4493 1584 4562 nota

338 4645 345 4658 ·
421 4607 520 4704 quod
545 4608 698 4684 materia
733 4629 846 4702 quam
871 4616 980 4682 autor
1011 4616 1117 4705 parat
1141 4629 1239 4684 nuuc
1265 4609 1482 4705 describere,
1508 4630 1582 4684 non

418 4737 474 4805 est
505 4729 626 4804 miuus
654 4730 797 4804 occulta
829 4751 942 4823 qnam
975 4730 1129 4806 materia
1166 4729 1386 4825 precedens,
1412 4731 1500 4824 quia
1525 4732 1584 4807 via

992 4868 1186 4876 -·—————--
1448 4869 1582 4876 ‹n—-n

480 4942 507 5004 (¹)
523 4942 548 4991 S.
564 4945 591 4992 et
606 4941 718 5005 quando.
1035 4938 1064 5003 θ)
1081 4944 1135 5000 itu,
1152 4941 1190 4991 irs
1209 4939 1256 4990 liei
1272 4939 1380 4992 tsrdsts.

480 5017 507 5079 ι’)
524 5017 555 5068 lu
572 5017 634 5079 ripa
650 5017 710 5068 sita
725 5021 752 5066 st
768 5016 865 5066 arduus.
1035 5015 1063 5077 (⁸)
1079 5015 1109 5066 B.
1126 5015 1229 5079 qnmdo
1245 5019 1351 5077 pontem
1367 5015 1553 5068 descendimus.

480 5095 509 5156 (Ἰ
524 5094 550 5144 S.
566 5093 727 5146 assedimus
742 5105 846 5144 sursum
861 5105 894 5144 eo
909 5092 989 5144 modo
1003 5105 1056 5157 qno
1071 5091 1249 5144 descendimus
1264 5091 1340 5143 intra.
