4606 6840
660 919 730 986 288
1050 933 1253 992 COHENTMM
1277 936 1428 992 nissum

660 1095 732 1150 uua
757 1076 852 1170 navi,
878 1096 951 1152 non
976 1097 1062 1152 cum
1088 1099 1222 1176 magna
1247 1081 1373 1173 classe,
1397 1099 1416 1151 c
1441 1099 1507 1152 con
1535 1082 1650 1170 quello
1678 1099 1823 1174 conspo-

655 1215 729 1284 prto
748 1199 910 1288 piccioim
935 1196 999 1272 sed
1030 1197 1146 1272 electa
1171 1205 1209 1272 et
1240 1199 1321 1293 fida,
1347 1202 1397 1272 do
1421 1202 1458 1272 lu
1485 1202 1569 1291 qual
1591 1220 1664 1272 non
1685 1203 1740 1293 sui
1762 1201 1825 1272 de-

655 1325 759 1410 serto,
786 1316 886 1410 idest,
906 1337 1109 1412 numquam
1137 1319 1188 1392 iui
1212 1319 1408 1394 derelictus
1429 1341 1548 1414 usque
1571 1319 1619 1394 ad
1645 1325 1824 1413 mortem;

657 1443 694 1510 et
719 1437 923 1511 manifestat
948 1437 1017 1512 iter
1042 1458 1152 1512 suum
1178 1459 1244 1532 per
1270 1439 1375 1514 Mtora
1408 1439 1530 1514 maris.
1561 1438 1615 1513 dd
1645 1439 1744 1534 quod
1770 1447 1825 1514 est

606 1595 608 1600 ·
657 1557 870 1650 notandum,
895 1555 994 1649 quod
1020 1561 1094 1631 tota
1119 1577 1218 1651 aqua
1248 1558 1360 1632 maris
1390 1558 1643 1634 Mediterranei
1669 1553 1820 1652 quodd)

656 1677 770 1752 currit
795 1697 861 1772 per
887 1684 1024 1752 terram
1050 1678 1160 1752 intrat
1185 1678 1301 1773 ipsam
1327 1684 1466 1752 terram
1492 1678 1587 1752 inter
1613 1679 1820 1774 Hispaniam

656 1803 693 1870 et
718 1795 887 1892 Africam,
914 1806 951 1873 et
975 1798 1090 1871 multa
1117 1799 1232 1893 spatia
1262 1805 1446 1873 terrarum
1478 1800 1661 1892 percurrit
1690 1798 1825 1873 iaciens

656 1915 798 1991 diversa
817 1917 977 2012 brachia,
991 1924 1033 1991 ut
1051 1918 1191 2014 plenius
1207 1918 1350 1996 dicetur
1368 1918 1527 1994 Paradisi
1545 1919 1703 2014 capituto
1721 1919 1823 1992 VMH.

655 2036 745 2110 Dicit
771 2057 884 2133 ergo:
911 2041 993 2110 t'oo
1017 2041 1076 2112 tito
1100 2059 1118 2110 e
1144 2041 1272 2112 talto
1297 2040 1369 2111 ordi
1389 2041 1441 2131 fic
1473 2041 1509 2112 lo
1536 2043 1694 2132 Spopnu,
1720 2059 1766 2112 ex
1785 2029 1822 2131 (²)

654 2177 728 2250 qua
752 2163 856 2252 parte
881 2165 936 2234 est
961 2157 1071 2251 ltalia,
1098 2157 1211 2232 GaHia
1237 2165 1274 2233 et
1299 2158 1336 2231 iu
1366 2163 1533 2233 extremo
1564 2157 1742 2252 Hispania,
1771 2161 1823 2250 fin

653 2280 711 2350 nel
733 2281 913 2369 Morocco,
939 2278 1026 2371 quia
1052 2298 1097 2352 er
1124 2279 1194 2352 alia
1224 2285 1328 2374 parte
1359 2278 1522 2374 opposita
1547 2284 1603 2352 est
1627 2278 1759 2374 Africa,
1786 2277 1821 2352 in

653 2396 758 2470 cuius
775 2395 847 2470 fine
865 2403 920 2471 est
937 2397 1153 2472 Mauritania
1170 2398 1247 2472 sive
1263 2399 1461 2491 Maroccus,
1477 2419 1495 2470 c
1512 2399 1631 2471 t’isolu
1646 2400 1683 2471 di
1700 2401 1820 2490 Sardi,

654 2517 759 2610 quasi
783 2517 899 2591 dicat:
926 2517 996 2590 vidi
1022 2517 1225 2592 Sardiniam
1252 2537 1336 2612 quae
1360 2524 1415 2592 est
1431 2508 1467 2610 (³)
1495 2517 1589 2593 inter
1619 2523 1820 2611 utrumque

654 2635 749 2730 litus,
781 2642 819 2710 et
837 2624 873 2727 (⁴)
908 2635 1063 2710 Siciliam
1097 2657 1181 2730 quae
1217 2644 1272 2710 est
1303 2637 1417 2712 divisa
1450 2637 1498 2710 ab
1530 2636 1631 2711 ltalia
1664 2647 1822 2734 angusto

648 2755 759 2848 mari.
786 2755 837 2828 lbi
862 2756 959 2830 enim
986 2757 1053 2829 suit
1078 2757 1211 2852 Uiyxes
1236 2756 1272 2829 in
1298 2777 1433 2852 magno
1455 2756 1617 2850 periculo
1643 2756 1680 2829 in
1704 2758 1819 2853 pharo

654 2875 888 2970 messanensi,
914 2883 952 2951 et
975 2876 1129 2972 perdidit
1152 2876 1275 2950 navim
1296 2896 1416 2970 suam,
1434 2883 1476 2948 ut
1498 2876 1621 2951 scribit
1637 2877 1820 2950 Homerus

653 2995 689 3068 in
714 2994 885 3091 Odyssea,
910 3001 947 3070 et
971 2995 1061 3070 alias
1086 2995 1220 3071 multas
1250 2995 1386 3070 insulas
1418 2995 1515 3090 vidit,
1543 2996 1640 3070 unde
1667 2995 1775 3069 dicit:
1802 3017 1821 3068 e

653 3119 790 3206 tottre,
816 3116 918 3210 idest,
945 3127 982 3193 ct
1006 3115 1077 3191 vidi
1102 3116 1191 3190 alias
1217 3115 1363 3208 insulas,
1389 3115 1449 3188 cte
1474 3119 1553 3208 quet
1576 3136 1676 3188 mare
1700 3116 1819 3206 dopna

650 3239 926 3310 trucem-10.
946 3235 1010 3310 Hic
1026 3236 1158 3331 Ulyres
1184 3235 1322 3310 accedit
1347 3235 1392 3309 ad
1416 3235 1641 3310 narrandum
1660 3240 1816 3310 mortem

652 3377 771 3450 suam,
796 3362 834 3431 et
858 3356 1014 3431 ostendit
1038 3356 1224 3450 quomodo
1249 3361 1494 3451 pervenerant
1515 3355 1561 3428 ad
1586 3354 1696 3430 finem
1723 3354 1819 3430 occi-

642 3478 778 3552 dentis.
805 3477 907 3550 Unde
931 3476 1032 3550 dicit:
1053 3477 1088 3548 io
1109 3479 1359 3571 eicompopni
1377 3497 1522 3548 matam
1543 3479 1690 3550 vcccdie
1710 3477 1818 3564 turdi,

651 3602 828 3671 steterant
852 3595 949 3670 enim
973 3614 1039 3688 per
1061 3593 1184 3688 viginti
1209 3613 1334 3686 annos,
1352 3593 1479 3668 decem
1498 3593 1534 3666 in
1560 3594 1655 3667 betto
1676 3593 1818 3666 troiano

652 3723 689 3791 et
713 3715 840 3789 decem
875 3713 911 3787 in
945 3711 1249 3808 peregrinatione,
1281 3715 1423 3804 quoodo
1454 3716 1623 3786 anamma
1655 3715 1818 3803 aquatio

649 3840 726 3930 soce
749 3839 881 3926 stratio,
907 3830 997 3906 idest
1010 3821 1060 3924 (⁵),
1087 3830 1123 3904 in
1148 3830 1291 3905 continu
1323 3831 1501 3926 Hispaniae
1526 3838 1563 3906 et
1587 3830 1728 3925 diricae,
1755 3831 1815 3904 ubi

651 3961 708 4030 est
730 3958 928 4050 angustum
954 3951 1089 4025 ostium
1116 3951 1239 4044 maris,
1265 3971 1331 4046 per
1356 3951 1454 4045 quod
1472 3952 1581 4026 intrat
1607 3958 1681 4026 tota
1707 3973 1816 4046 aqua,

652 4079 693 4146 ut
718 4073 856 4146 dictum
882 4077 955 4146 est:
982 4069 1031 4144 ibi
1055 4070 1153 4145 enim
1180 4077 1235 4145 est
1260 4089 1365 4144 mons
1395 4069 1497 4146 Abila
1529 4071 1565 4145 in
1590 4072 1816 4166 Mauritania,

650 4191 861 4269 celsitudine
885 4191 1027 4265 levatus
1053 4191 1090 4265 in
1116 4191 1258 4286 sydera,
1275 4191 1460 4286 oppositus
1476 4192 1591 4266 monti
1615 4193 1735 4288 Calpe,
1752 4193 1815 4286 qui

651 4319 705 4388 est
732 4313 768 4386 in
793 4311 975 4406 Hispania,
1007 4330 1100 4405 quos
1130 4311 1259 4384 ambos
1289 4310 1437 4403 quidam
1479 4311 1651 4386 dixerunt
1666 4302 1701 4402 (⁶)
1736 4332 1816 4386 esse

650 4432 840 4506 columnas
868 4431 1044 4524 Herculis,
1070 4431 1163 4505 sicut
1195 4430 1416 4524 Pomponius
1447 4431 1561 4504 Melia.
1592 4430 1676 4504 Ideo
1707 4430 1814 4507 dicit:

650 4554 738 4624 dove
763 4554 887 4624 Ercute
910 4541 1012 4642 nond
1037 4553 1062 4622 t·
1085 4552 1139 4622 soi
1162 4552 1340 4640 riquardi,
1366 4548 1468 4641 idest,
1499 4549 1618 4644 posuit
1642 4571 1727 4624 suas
1753 4571 1816 4624 co-

712 4802 737 4862 (¹)
756 4807 809 4856 tto.
829 4817 887 4866 que
904 4805 994 4854 currit.

713 4877 740 4938 (Ἰ
757 4882 811 4936 tto.
828 4880 854 4928 tn
869 4893 920 4944 qur
937 4887 1009 4944 parts
1025 4885 1065 4931 est
1079 4881 1160 4940 ltalia,
1177 4881 1275 4942 (inlitis,
1293 4881 1361 4931 etin
1377 4885 1495 4931 extremo
1510 4877 1639 4943 Hispania.

712 4957 738 5014 (ἢ
756 4959 800 5007 tit
816 4970 830 5008 s
847 4957 878 5008 Ε.
894 4962 933 5008 cst
949 4959 1031 5010 insula
1047 4961 1122 5009 inter.
1317 4957 1344 5019 (⁸)
1362 4961 1416 5019 Mt,
1433 4963 1458 5007 et
1475 4958 1552 5007 ettam
1569 4955 1691 5008 ciciliam.

712 5034 739 5097 (¹)
755 5033 786 5084 H.
802 5033 866 5085 idest
882 5035 958 5096 riam,
975 5036 1116 5088 confinibus
1131 5035 1267 5100 Hispaniis.
1321 5035 1350 5100 (³)
1365 5036 1395 5086 H.
1412 5037 1536 5086 dixerant.
