4526 6836
725 923 862 980 munus
887 923 1043 980 DECIMUS
1067 923 1196 980 NONUS.
1496 913 1539 978 41

372 1069 502 1167 ginari,
528 1069 629 1166 quod
653 1068 722 1144 iste
748 1068 938 1164 requirens
955 1088 1055 1162 eum,
1073 1073 1168 1144 esset
1189 1067 1283 1144 alius
1308 1067 1376 1142 nisi
1401 1067 1544 1143 Bonisa-

372 1192 461 1266 eius.
488 1191 532 1265 Et
557 1195 682 1266 tamen
706 1210 853 1265 summe
883 1189 1087 1266 mirabatur
1118 1188 1269 1264 deeius
1299 1188 1461 1266 adventu
1488 1190 1544 1263 in·

374 1310 600 1408 tempestivo,
634 1311 722 1406 quia
755 1311 972 1406 expectabat
1002 1331 1090 1386 eum
1126 1315 1209 1407 post
1242 1311 1383 1405 aliquot
1415 1329 1558 1422 ennead

372 1433 477 1508 Nunc
501 1431 549 1506 ad
573 1431 729 1526 literam,
754 1430 838 1506 dicit
863 1436 989 1506 auwr:
1017 1435 1063 1504 lit
1085 1434 1129 1522 ei,
1155 1431 1290 1506 scilicet
1315 1450 1410 1527 papa
1433 1430 1543 1506 Nico-

371 1554 463 1648 laus,
488 1544 607 1645 paud,
634 1557 731 1627 totus
757 1551 991 1646 stupefactus,
1015 1561 1142 1648 petens
1167 1572 1254 1626 cum
1279 1550 1541 1626 admiratione:

371 1676 466 1748 se'trt
489 1661 552 1764 oid
575 1663 659 1746 corti
682 1673 777 1762 n'tto,
802 1674 1012 1766 Bortisooio?
1029 1672 1134 1766 quasi
1153 1671 1268 1748 dicat:
1286 1689 1326 1746 es
1352 1663 1445 1764 tud)
1463 1677 1540 1746 tarn

372 1793 444 1870 cito
468 1793 526 1871 hio
550 1795 739 1890 praesensl
763 1791 807 1866 Et
833 1792 963 1887 repetit
987 1791 1054 1886 bis,
1074 1793 1168 1869 sicut
1193 1791 1330 1868 iaciunt
1355 1791 1541 1867 admiran-

372 1919 437 1988 tes.
456 1912 501 1986 Et
515 1912 631 2010 tangit
649 1931 801 1987 causam
813 1912 924 2007 justa
940 1911 1199 2007 admirationis,
1219 1912 1364 1988 dicens:
1386 1917 1421 1988 lo
1436 1915 1540 1987 corl-

372 2041 418 2125 to,
444 2033 535 2108 idest
554 2033 734 2129 scriptura
759 2032 970 2129 prophetiae,
988 2053 1103 2127 quam
1129 2031 1212 2128 vidi,
1235 2036 1284 2106 mi
1307 2027 1422 2126 moti,
1448 2033 1540 2109 idest

372 2155 523 2229 mentita
552 2153 630 2250 fuit,
660 2159 697 2228 et
725 2152 816 2228 dixit
847 2153 936 2230 milri
963 2153 1107 2248 misum,
1133 2153 1164 2228 si
1190 2173 1321 2228 verum
1347 2155 1538 2250 estquod

248 2335 253 2341 .
371 2280 413 2349 lu
437 2275 486 2350 sis
515 2274 732 2368 Bonifatius,
756 2275 795 2348 di
813 2276 978 2368 porrecto·
1002 2276 1097 2347 anni.
1129 2273 1174 2348 Et
1203 2275 1422 2370 benedicit,
1453 2255 1562 2370 quia*x

371 2395 576 2470 Bonifacius
614 2401 784 2470 mortuus
821 2400 876 2470 est
909 2394 946 2468 in
979 2393 1160 2490 nedoni,
1194 2401 1232 2471 et
1270 2403 1380 2472 autor
1413 2396 1542 2473 habuit

373 2516 468 2592 hanc
492 2515 668 2591 visionem
694 2514 732 2589 in
756 2513 896 2609 linem
923 2533 1012 2610 ergo
1037 2513 1243 2590 Boniiadus
1268 2521 1347 2590 erat
1373 2516 1540 2592 victurus

373 2635 494 2710 adhuc
517 2635 661 2710 duobus
685 2635 789 2710 annis
814 2641 851 2710 et
876 2635 1063 2710 mensibus
1086 2655 1231 2712 novom.
1258 2636 1343 2711 ideo
1366 2637 1462 2712 bene
1486 2637 1541 2712 di·
1608 2627 1610 2632 ’

374 2755 434 2850 cit,
458 2757 497 2830 di
515 2757 678 2848 percocti
702 2758 806 2830 murt:
831 2755 944 2830 etsie
968 2756 1183 2850 nota,quod
1208 2757 1413 2832 Bonilacius
1438 2758 1540 2834 rive-

373 2874 437 2950 bat
473 2875 617 2972 adlruc;
649 2881 687 2950 et
723 2881 833 2952 autor
869 2895 1092 2972 cognoscens
1125 2877 1244 2972 ipsum
1281 2876 1539 2973 simoniacum,

374 2996 452 3070 vult
476 2995 670 3071 ostendere
694 2995 796 3070 illum
823 2995 962 3069 iturum
977 2987 1015 3088 (²)
1041 2995 1089 3069 ad
1113 2995 1307 3071 internum.
1334 2995 1418 3072 ldeo
1443 2997 1538 3072 bene

372 3115 473 3214 fingit
489 3115 603 3191 alium
621 3115 862 3192 simoniacum
879 3115 1107 3210 damnatum,
1121 3115 1185 3211 qui
1204 3117 1420 3212 expectabat
1435 3136 1537 3212 eum,

370 3237 568 3336 predicere
592 3236 660 3312 sihi
683 3237 762 3313 hoc.
784 3238 862 3311 lmo
877 3243 999 3332 autor,
1016 3235 1164 3331 quando
1184 3236 1251 3311 ista
1268 3237 1420 3333 scripsit,
1438 3237 1540 3312 vide-

372 3365 429 3435 rat
452 3379 605 3456 pravam
638 3357 751 3434 vitam
782 3356 966 3452 Boniiacii,
996 3356 1138 3432 eteius
1167 3367 1326 3434 mortem
1360 3357 1537 3452 rabidam,

372 3479 453 3558 ideo
469 3479 565 3554 bene
575 3476 763 3574 judicabat
780 3497 868 3553 eum
886 3476 1113 3552 damnatum.
1131 3476 1202 3554 Sed
1219 3476 1365 3554 ridetur
1381 3479 1539 3574 prophe-

371 3607 452 3674 tare
476 3598 523 3674 de
548 3617 606 3692 eo,
631 3595 718 3691 quia
742 3596 853 3672 habet
869 3601 1076 3692 respectum
1100 3596 1148 3672 ad
1172 3602 1317 3692 tempus
1334 3617 1412 3674 suae
1429 3596 1539 3672 visio-

371 3719 437 3813 nis,
463 3738 538 3793 non
561 3716 608 3792 ad
641 3722 785 3813 tempus
816 3716 910 3792 iacti.
937 3717 1029 3792 Nota
1062 3715 1173 3791 etiam
1204 3715 1303 3811 quod
1335 3717 1539 3794 Bonilacius

371 3860 446 3916 non
470 3838 537 3913 luit
561 3838 701 3934 primus
726 3859 819 3934 papa
844 3837 1053 3914 immediate
1069 3843 1151 3933 post
1166 3837 1369 3934 Nicolaum,
1386 3839 1450 3916 sed
1471 3839 1540 3914 fuit

371 3959 512 4054 primus
547 3957 777 4032 simoniacus.
808 3958 900 4033 Nam
929 3957 1005 4032 duo
1033 3956 1183 4032 luerunt
1214 3957 1420 4034 intermedii
1453 3958 1541 4034 boni

369 4077 565 4176 pontificae,
595 4078 729 4154 scilicet
760 4097 853 4174 papa
884 4077 1059 4152 Martinus
1087 4076 1134 4151 de
1166 4078 1282 4152 Turso
1312 4079 1419 4152 bonae
1449 4099 1540 4154 con-

369 4199 541 4295 scientie,
556 4199 640 4276 licet
656 4199 763 4274 mala
779 4200 896 4296 gulae3
914 4203 951 4274 et
968 4196 1195 4291 Goelestinus,
1213 4198 1270 4272 vir
1287 4204 1422 4276 sancta
1439 4198 1535 4294 vitoe,

368 4320 414 4397 de
439 4341 514 4416 quo
538 4320 676 4396 dictum
702 4325 757 4396 est
781 4320 826 4394 ΠΙ
851 4318 1009 4415 capitulo
1034 4317 1144 4392 huius
1169 4316 1302 4392 Inierni
1330 4323 1369 4392 et
1396 4317 1555 4424 dicetur-⁴

368 4440 488 4516 statim
514 4440 582 4515 hic.
597 4444 711 4516 -Se'
724 4447 760 4514 to
783 4433 814 4514 ri
838 4447 936 4514 tosto
963 4438 1028 4514 llic
1057 4437 1174 4514 dictus
1206 4437 1376 4514 Nicolaus
1401 4438 1552 4535 impro³

367 4568 472 4658 perat
495 4559 679 4660 Bonilacio
704 4559 779 4636 duo
805 4560 919 4636 mala:
946 4559 1065 4655 primo
1090 4559 1177 4653 quia
1203 4579 1374 4654 sponsam
1406 4559 1539 4635 Christi

369 4680 620 4758 fraudulenter
640 4681 836 4778 assumpsit
851 4681 898 4756 de
913 4672 949 4774 (³)
970 4701 1082 4756 manu
1100 4680 1257 4755 Pastoris
1274 4680 1463 4778 simplicis:
1480 4703 1539 4758 se-

369 4801 490 4877 cundo
515 4801 602 4896 quia
616 4789 653 4894 (δ)
678 4821 763 4878 eam
788 4821 894 4877 more
915 4801 1122 4877 meretricio
1141 4801 1321 4896 tractavit,
1338 4801 1537 4878 simoniace

431 4989 458 5051 (⁸)
474 4987 505 5038 li.
522 4991 551 5038 tn
563 4987 619 5053 Jam
634 4993 688 5040 tam
703 4989 763 5041 cito.
983 4987 1057 5052 l'lss·
1074 4986 1150 5038 illum
1166 4989 1253 5040 rivum
1268 4987 1309 5038 ad.

432 5063 460 5128 ι’)
476 5069 531 5128 llo.
547 5065 580 5116 do
595 5065 722 5118 manlius.
895 5089 903 5100 ⁴
985 5065 1013 5127 (⁸)
1028 5065 1059 5118 R
1076 5065 1136 5130 quir
1152 5065 1230 5118 ollam
1245 5077 1315 5116 erm.
