4526 6836
707 893 754 974 88
1101 905 1302 962 counnrurr
1329 905 1480 962 rnrnnru

706 1053 823 1148 ipsum
842 1052 878 1124 in
895 1051 1035 1126 socium
1056 1052 1190 1148 auguri
1208 1053 1370 1128 marimo
1385 1071 1607 1148 graecorum.
1626 1051 1719 1126 Nam
1737 1051 1873 1126 llome-

705 1191 770 1245 rus
794 1171 913 1266 primo
945 1169 1084 1267 llyados
1109 1171 1317 1265 dicitquod
1342 1171 1466 1246 Galeas
1491 1178 1573 1276 erat
1597 1192 1720 1268 augur
1745 1171 1870 1246 avium

705 1292 876 1386 optimus,
908 1291 970 1385 qui
1000 1290 1135 1365 sciebat
1163 1291 1286 1365 omnia
1312 1291 1516 1385 presentia,
1543 1291 1726 1386 praeterita
1752 1297 1790 1364 et
1814 1291 1873 1364 lu-

708 1423 801 1506 tura,
837 1411 899 1505 qui
932 1411 1075 1485 dicebat
1103 1430 1190 1484 vera
1223 1410 1351 1506 graecis
1377 1431 1443 1505 per
1467 1410 1727 1486 divinationem
1758 1431 1872 1504 qnam

707 1532 774 1606 sibi
797 1531 947 1606 dederat
972 1531 1113 1626 Apollo;
1140 1529 1185 1604 de
1211 1530 1279 1606 isto
1304 1530 1475 1604 Culcante
1499 1529 1641 1604 dicetur
1665 1529 1787 1604 adlruc
1804 1551 1874 1604 ca·

709 1653 821 1747 pitulo
847 1651 959 1744 XXX,
984 1651 1047 1724 ubi
1073 1651 1114 1724 tit
1138 1651 1275 1724 mentio
1299 1650 1345 1724 de
1371 1651 1527 1725 Sinone:
1545 1656 1583 1724 et
1603 1649 1788 1745 specificat
1807 1671 1876 1725 au·
1903 1633 1904 1636 Ὺ

706 1793 838 1869 gurem
872 1771 1104 1866 principalem
1137 1791 1202 1865 per
1234 1770 1423 1866 proprium
1457 1790 1604 1864 nomen,
1630 1769 1776 1845 dicens:
1804 1776 1876 1843 Eu-

707 1895 812 1985 tiptlo
835 1891 915 1964 eote
938 1911 1061 1983 uome;
1086 1896 1124 1964 et
1149 1891 1219 1964 hoc
1235 1891 1429 1965 confirmat
1449 1910 1514 1985 per
1532 1889 1751 1985 scripturam
1769 1910 1876 1964 suam

708 2013 853 2086 dicens:
879 2033 898 2082 e
923 2013 945 2083 t
954 2013 1028 2084 auu
1052 2013 1124 2082 mio
1141 2013 1314 2102 oooedtc,
1340 2009 1427 2104 quia
1444 2015 1499 2084 est
1516 2010 1630 2104 stylus
1647 2011 1754 2104 altus,
1772 2017 1810 2084 et
1830 2009 1876 2084 de

710 2134 822 2210 rebus
847 2132 927 2206 altis
952 2136 1122 2226 tractans,
1148 2134 1181 2204 el
1204 2138 1322 2222 contu,
1352 2130 1444 2205 idest
1469 2130 1609 2224 poetice
1634 2129 1814 2222 describit,
1840 2132 1877 2202 tn

709 2257 811 2328 meon
839 2255 929 2340 loco,
960 2250 1094 2326 scilicet
1119 2250 1227 2324 tertio
1253 2250 1420 2342 Eneidos,
1445 2256 1484 2324 et
1512 2249 1620 2323 dicit:
1652 2254 1725 2322 Bon
1760 2252 1793 2321 lo
1821 2251 1878 2322 sui

709 2381 744 2446 tu
768 2374 828 2444 cue
852 2374 888 2444 tu
911 2372 967 2443 sot
992 2377 1077 2443 tutto
1101 2377 1246 2462 quantu,
1273 2370 1378 2463 quasi
1402 2369 1512 2444 dicat:
1531 2369 1614 2462 quis
1628 2368 1694 2442 scit
1710 2369 1780 2442 hoc
1797 2389 1877 2443 me·

709 2493 778 2567 lius
804 2498 851 2584 te,
876 2489 939 2584 qui
959 2490 1118 2585 perlecte
1135 2489 1303 2585 intelligis
1324 2510 1416 2585 opus
1434 2488 1572 2584 Virgilii
1588 2509 1634 2562 en
1653 2486 1752 2562 omni
1771 2494 1876 2582 parte

709 2613 854 2686 suit-
870 2613 962 2698 Quat.
989 2609 1054 2684 llic
1086 2608 1256 2706 Virgilius
1290 2609 1454 2684 nominat
1486 2609 1599 2684 alium
1634 2599 1900 2684 divinatorem

709 2733 861 2808 latinum
901 2730 1131 2804 modernum.
1164 2729 1229 2804 llic
1260 2729 1327 2803 luit
1358 2729 1508 2804 Michael
1533 2728 1688 2822 Scottus,
1715 2728 1878 2802 ramosus

709 2853 916 2948 astrologus
948 2850 1109 2926 roderici
1143 2850 1184 2944 ll,
1215 2850 1261 2925 de
1294 2870 1370 2944 qno
1399 2851 1478 2945 jam
1513 2850 1619 2924 toties
1649 2848 1787 2924 dictum
1822 2855 1878 2923 est

646 3016 651 3028 ·
710 2980 748 3047 et
783 2972 949 3064 dicetur3
987 2970 1046 3044 cni
1081 2969 1293 3065 imperatori
1327 2969 1402 3064 ipse
1432 2968 1582 3043 Michael
1619 2967 1703 3043 tecit
1739 2967 1873 3042 librum

710 3093 880 3189 pulcrum
908 3091 1023 3183 valde,
1057 3111 1169 3184 quem
1196 3089 1279 3182 vidi,
1305 3088 1341 3162 in
1367 3109 1442 3182 quo
1467 3095 1594 3183 aperte
1618 3087 1761 3162 curavit
1786 3087 1876 3162 dare

710 3214 775 3288 sibi
801 3212 965 3290 notitiam
993 3212 1195 3287 multorum
1222 3209 1457 3302 naturalium,
1483 3216 1520 3282 et
1545 3208 1639 3284 inter
1665 3207 1736 3282 alia
1762 3209 1877 3282 multa

709 3334 794 3409 dicit
829 3333 877 3408 de
910 3332 985 3406 istis
1021 3331 1197 3428 auguriis.
1225 3331 1268 3404 llt
1305 3335 1402 3422 nota,
1429 3329 1529 3422 quod
1553 3329 1702 3404 Michael
1734 3327 1879 3404 Scottus

709 3451 903 3528 admiscuit
928 3451 1210 3547 nigromantiam
1235 3449 1458 3545 astrologiae,
1476 3447 1558 3522 ideo
1574 3448 1734 3523 creditus
1752 3456 1807 3524 est
1823 3448 1879 3523 di-

710 3592 796 3647 cere
822 3571 936 3645 multa
964 3591 1062 3646 vera.
1089 3570 1258 3644 Praerlixit
1283 3569 1380 3644 enim
1407 3569 1577 3663 quaedam
1602 3568 1649 3643 de
1673 3569 1878 3643 civitatibus

711 3691 930 3786 quibusdam
955 3690 1075 3784 ltaliae,
1102 3710 1262 3783 quarum
1287 3690 1410 3783 aliqua
1428 3689 1615 3766 verificata
1632 3689 1812 3784 videmus,
1829 3689 1878 3763 si-

710 3817 774 3887 cut
798 3810 845 3886 de
869 3813 1015 3885 Mantua
1041 3809 1221 3904 praedicta,
1247 3809 1294 3885 de
1318 3829 1393 3902 qua
1418 3808 1529 3882 dixit:
1555 3814 1716 3900 Manum,
1734 3831 1787 3883 um
1806 3810 1878 3901 titt,

711 3938 807 4006 tuoto
832 3933 955 4004 dolore
975 3933 1105 4022 plural
1130 3930 1221 4004 Male
1246 3935 1370 4004 tamen
1396 3921 1607 4024 praevidit(')
1634 3934 1793 4003 mortem
1811 3928 1878 4002 do-

711 4052 798 4125 mini
825 4051 882 4124 sui
907 4050 1080 4143 Foderici,
1105 4050 1167 4123 cui
1192 4049 1421 4145 praedixerat,
1448 4049 1548 4143 quod
1572 4056 1652 4124 erat
1675 4049 1878 4124 moriturus

711 4172 748 4246 in
773 4170 975 4263 Florentia,
1002 4169 1065 4244 sed
1094 4175 1263 4244 mortuus
1288 4177 1344 4244 est
1369 4169 1405 4242 in
1431 4169 1649 4244 Florentiola
1675 4168 1712 4241 in
1737 4167 1877 4264 Apulia,

712 4299 750 4366 et
773 4291 824 4366 sic
846 4291 1012 4366 diabolus
1028 4290 1132 4383 quasi
1149 4309 1295 4384 semper
1313 4289 1402 4366 lallit
1417 4290 1487 4363 sub
1507 4289 1707 4382 aequivoco.
1725 4289 1877 4364 lliclrael

711 4418 836 4487 tamam
851 4409 983 4484 dicitur
1000 4409 1207 4504 praevidisse
1225 4417 1381 4484 mortem
1399 4429 1518 4503 suam,
1535 4430 1649 4503 quam
1667 4409 1784 4484 vitare
1804 4429 1877 4484 non
1930 4487 1932 4495 ,

713 4529 847 4625 potuit3
867 4527 1083 4622 praeviderat
1104 4527 1202 4602 enim
1227 4547 1268 4602 se
1292 4528 1515 4602 moritorum
1536 4547 1583 4602 en
1601 4528 1675 4603 ictu
1695 4527 1798 4623 parri
1824 4530 1879 4603 la·-

712 4649 786 4746 pilli
802 4651 890 4724 certi
912 4648 1080 4744 ponderis
1096 4647 1218 4724 casuri
1236 4647 1272 4721 in
1289 4655 1399 4743 caput
1416 4671 1546 4724 suum:
1566 4650 1647 4724 ideo
1667 4649 1879 4744 providerat

714 4770 791 4863 sibi,
809 4770 907 4863 quod
924 4789 1069 4865 sempor
1085 4769 1252 4864 portabat
1276 4769 1430 4844 celatam
1458 4768 1617 4846 terream
1634 4771 1704 4844 sub
1721 4777 1877 4865 caputeo

778 5033 806 5100 (¹)
823 5033 853 5086 B.
870 5033 995 5098 prodixit.
