4606 6840
726 942 867 1002 murus
891 943 1084 1046 UlUUSlUUS
1107 943 1273 1012 QUINTUS.
1503 935 1573 1000 ult

412 1087 597 1188 quomodo
621 1087 771 1183 quidam
796 1087 856 1162 lur
880 1107 1076 1189 percussus
1095 1093 1149 1164 est
1168 1089 1369 1185 aquodam
1394 1095 1573 1186 serpente.

411 1207 466 1283 Ad
489 1207 721 1283 indicandum
742 1214 868 1284 autem
886 1207 1048 1282 subitum
1072 1213 1110 1281 at
1134 1207 1373 1304 improvisum
1399 1207 1574 1287 insultum

410 1327 514 1404 istius
538 1326 726 1424 serpentis,
751 1325 936 1422 praemittit
969 1326 1280 1426 comparationem
1311 1327 1464 1406 alterius
1492 1347 1576 1404 aer-

411 1447 545 1544 pentis;
576 1453 614 1521 et
642 1445 901 1522 sententialiter
933 1444 1030 1540 dicit,
1063 1444 1162 1540 quod
1199 1466 1296 1520 unus
1328 1467 1466 1544 parvus
1497 1466 1577 1522 ser·

411 1586 501 1663 pens
518 1565 744 1644 velocissime
754 1570 793 1642 et
804 1564 1008 1660 impetuose
1019 1563 1150 1642 invasit
1161 1565 1321 1642 alterum
1337 1567 1498 1641 duorum
1516 1586 1576 1640 so-

411 1687 567 1782 ciorum,
586 1684 650 1784 qui
668 1690 921 1760 remanserant
944 1683 993 1757 ibi
1018 1683 1142 1757 intacti
1156 1677 1192 1776 (¹)
1214 1690 1252 1759 et
1270 1682 1465 1779 immutati,
1482 1685 1576 1760 sicut

411 1824 561 1901 serpens
585 1803 707 1880 brevis
730 1803 848 1878 dictus
877 1822 1068 1878 ramarrus
1098 1809 1265 1897 tempure
1293 1805 1417 1900 magni
1446 1804 1577 1880 caloris

413 1924 639 2002 velocissime
663 1922 816 2000 transilit
829 1913 866 2016 (ἢ
892 1922 991 1998 riam
1012 1922 1050 1996 in
1075 1923 1227 2000 modum
1250 1922 1416 2020 fulguris.
1442 1923 1575 1999 Ordina

413 2046 464 2122 sic
488 2045 650 2120 literam:
675 2064 724 2116 ura
746 2045 960 2136 reportatio,
986 2041 1053 2118 iste
1078 2050 1158 2117 erat
1182 2041 1331 2136 quintus
1352 2043 1484 2138 socius,
1507 2042 1577 2120 sci·

414 2165 497 2240 licet
520 2163 669 2262 quidam
693 2161 873 2239 Guercius
897 2160 944 2238 de
968 2159 1245 2238 Cavaloanlibus
1265 2161 1329 2255 qui
1354 2169 1435 2238 erat
1458 2162 1578 2240 lactus

412 2304 572 2380 serpens,
598 2302 730 2376 ammo,
755 2280 890 2362 seilicet
918 2299 1062 2358 veneno
1078 2279 1281 2377 cupiditatis
1299 2280 1455 2376 iurandi,
1472 2284 1578 2356 lutto

413 2425 432 2476 e
455 2423 542 2480 uero
566 2422 662 2481 corne
683 2421 778 2496 praa
792 2401 842 2478 ,dt
860 2420 961 2494 pepe,
978 2405 1016 2476 et
1040 2404 1096 2476 est
1120 2398 1316 2474 similitudo
1341 2400 1505 2498 propria3
1523 2401 1578 2498 pi·

414 2543 479 2620 per
505 2521 603 2602 enim
629 2527 684 2599 est
709 2520 870 2616 nigrum,
895 2518 1053 2597 calidum
1070 2509 1119 2616 (³),
1137 2525 1175 2595 et
1200 2519 1250 2593 ita
1266 2518 1333 2596 iste
1357 2540 1507 2618 serpens
1524 2527 1579 2598 est

414 2643 518 2744 niger
543 2647 580 2718 et
604 2639 751 2716 calidus.
783 2637 836 2713 Ad
866 2638 965 2736 quod
994 2637 1182 2712 sciendum
1198 2628 1234 2732 (⁴)
1271 2638 1369 2733 quod
1393 2638 1576 2734 quoddam

413 2768 470 2838 est
494 2779 680 2837 venenum
704 2756 874 2851 calidum,
892 2756 1076 2850 quoddam
1098 2756 1281 2853 trigidum,
1299 2763 1336 2833 et
1352 2757 1389 2832 id
1409 2758 1507 2854 quod
1524 2763 1580 2834 est

414 2879 573 2955 calidum
599 2877 703 2973 quasi
727 2874 978 2953 comburendo
1003 2874 1182 2969 interficit,
1208 2883 1246 2951 et
1274 2876 1346 2953 cito
1375 2876 1492 2952 reddit
1524 2877 1579 2952 lo-

415 3019 501 3074 cum
528 3016 673 3072 morsus
697 2994 802 3092 quasi
826 2993 1011 3088 adustum,
1036 2999 1073 3070 et
1103 2994 1185 3072 talis
1214 3002 1295 3074 eret
1326 2994 1393 3068 iste
1418 3015 1580 3091 serpens,

415 3119 514 3215 quia,
531 3126 574 3195 ut
588 3115 726 3196 ridebis
743 3135 790 3190 er
807 3114 886 3192 eius
903 3133 1030 3190 morsu
1051 3113 1260 3208 egredietur
1274 3105 1312 3206 (⁵)
1329 3114 1473 3210 iumus3
1490 3135 1581 3212 ergo

416 3243 588 3312 causatus
613 3235 681 3312 suit
704 3235 753 3311 ab
777 3234 872 3334 igne.
898 3232 1085 3332 Frigidum
1110 3238 1237 3310 autem
1258 3233 1426 3311 interficit
1442 3255 1507 3310 cor
1523 3235 1581 3310 in·

416 3354 632 3452 frigidando:
659 3353 722 3430 sed
747 3373 932 3430 venenum
951 3351 1109 3427 calidum
1127 3352 1231 3428 istim
1247 3353 1424 3450 serpentis
1448 3375 1581 3432 accen-

416 3474 467 3549 dit
491 3494 556 3549 oor
581 3472 684 3548 istius
708 3471 864 3548 hominiis
880 3471 927 3547 ad
944 3470 1154 3568 furandum,
1175 3471 1225 3548 ita
1240 3471 1339 3566 quod
1365 3473 1524 3549 totaliter
1542 3463 1580 3566 (⁰)

415 3593 595 3670 convertit
611 3592 731 3686 ipsum
756 3591 794 3667 in
819 3598 1025 3687 serpentem
1043 3590 1270 3685 pestilentem
1287 3601 1325 3668 et
1341 3610 1583 3688 venenosum,

416 3715 570 3788 amanio
595 3732 697 3789 verro
728 3713 837 3806 depe,
866 3709 969 3805 idest,
999 3730 1128 3789 versus
1157 3711 1401 3808 corpulentias
1426 3719 1463 3788 et
1493 3733 1583 3808 pan-

415 3833 490 3912 cias
514 3833 668 3907 istorum
693 3830 866 3924 duorum,
886 3850 1003 3922 parea
1027 3821 1070 3922 si,
1096 3828 1198 3924 idest,
1221 3829 1272 3905 ita
1296 3829 1488 3906 videbatur
1512 3830 1582 3906 lul-

416 3975 499 4051 gur‚
524 3973 620 4026 corne
643 3953 671 4026 il
692 3964 875 4024 remorre.
910 3949 1113 4023 Ramarrus
1143 3954 1199 4023 est
1229 3969 1380 4044 serpens
1412 3941 1595 4025 commu-³

418 4071 471 4146 nis
495 4071 533 4145 in
561 4070 673 4167 ltalia,
703 4069 767 4172 qui
795 4067 880 4143 alibi
912 4067 1044 4142 dicitur
1082 4088 1221 4162 amaro,
1253 4068 1338 4144 alibi
1374 4089 1517 4163 repono
1531 4057 1582 4161 (⁷),

417 4189 588 4264 Bononia
616 4207 707 4265 vero
731 4186 863 4263 dicitur
888 4189 1025 4282 dataro
1040 4175 1089 4287 (⁸),
1115 4185 1178 4285 qui
1202 4206 1352 4284 serpens
1377 4186 1581 4266 secundum

416 4307 595 4408 quosdam
620 4307 823 4411 appellatur
836 4295 874 4398 (⁹)
905 4305 1032 4400 stellio,
1064 4325 1088 4379 a
1122 4324 1196 4400 quo
1227 4303 1485 4384 denominatur
1510 4303 1583 4380 cri-

417 4448 504 4502 men
521 4425 745 4502 stellionatus
761 4423 798 4498 in
810 4424 898 4522 jure
910 4423 1016 4518 civili,
1030 4423 1121 4499 idest
1137 4423 1488 4518 extraordinarium
1502 4422 1584 4498 ideo

420 4548 516 4621 bene
538 4543 711 4642 competit
731 4541 815 4616 luri.
837 4541 939 4617 Unde
952 4533 1007 4636 (¹⁰)
1027 4543 1111 4618 volo
1131 4549 1169 4620 te
1184 4543 1279 4619 scire
1297 4542 1397 4638 quod
1413 4539 1530 4617 stellio
1548 4547 1586 4616 et

479 4809 508 4880 (¹)
524 4809 555 4860 B.
570 4809 660 4863 innoti
674 4813 702 4859 et
716 4809 813 4868 lnrlell,
829 4809 904 4860 siout
967 4807 994 4872 l')
1010 4809 1042 4864 Ε.
1058 4811 1159 4860 transit.
1276 4809 1304 4872 (¹)
1321 4813 1375 4872 tlt,
1392 4811 1420 4860 et
1434 4808 1556 4862 calldum.

479 4883 506 4947 (⁸)
522 4885 553 4936 E.
570 4885 702 4944 mudum
717 4891 757 4937 est
773 4885 852 4952 quod.
966 4885 993 4953 ς’)
1010 4885 1041 4937 E.
1058 4887 1199 4950 egreditur.
1279 4885 1306 4952 (¹)
1322 4885 1354 4936 lt.
1371 4884 1466 4940 ultter.

471 4961 511 5102 (Q
523 4961 557 5089 ξ.
570 4975 723 5090 maele
738 5043 766 5090 te
781 5037 847 5090 edre
862 5037 932 5101 quod
947 4961 1185 5103 amman
1278 4961 1306 5024 m
1322 4961 1353 5012 E·
1369 4966 1486 5015 'mr‘

548 5145 580 5190 Π.
1424 5144 1450 5188 ld
