4580 6844
692 949 765 1016 318
1086 959 1290 1018 somnust
1312 961 1463 1016 mmm

692 1105 764 1176 orio
788 1105 915 1178 mcdrc
939 1105 988 1178 mi
1010 1099 1079 1194 did,
1096 1102 1202 1198 quasi
1225 1101 1339 1180 dieat:
1365 1103 1483 1180 donec
1508 1103 1583 1180 viri
1607 1103 1646 1179 in
1665 1103 1804 1182 mundo
1825 1105 1863 1182 in

692 1222 812 1320 ligura
828 1215 865 1316 (¹)
884 1221 1065 1318 corporali
1089 1224 1265 1317 humana,
1285 1243 1360 1318 qua
1385 1243 1447 1300 me
1471 1224 1599 1322 genuit
1624 1231 1744 1301 muter
1760 1245 1880 1319 meu3.

692 1349 730 1418 et
755 1342 919 1418 declarat
942 1341 1013 1416 hoc
1036 1340 1183 1416 dicens:
1220 1345 1256 1416 io
1280 1345 1378 1434 scppi
1407 1345 1459 1434 pli
1489 1346 1750 1435 wolmero,
1776 1344 1863 1439 quia

693 1463 746 1536 lui
775 1469 874 1536 totus
905 1461 1194 1556 circumspectus
1224 1468 1262 1538 et
1290 1462 1470 1557 oculatus,
1504 1483 1523 1538 e
1557 1470 1637 1538 oue
1666 1467 1698 1538 lc
1727 1470 1865 1556 oopcrtc

693 1585 747 1655 mc
758 1607 774 1674 ,·
804 1579 904 1655 unde
936 1580 1102 1656 Valerius
1136 1579 1316 1656 Maximus
1347 1581 1443 1678 dicit,
1477 1583 1576 1677 quod
1610 1582 1752 1661 vafritie
1782 1605 1863 1660 ma-

691 1701 747 1798 gis
772 1701 861 1796 petit
884 1699 1031 1775 laudem
1056 1701 1201 1776 occulto
1227 1700 1385 1794 tramite,
1410 1722 1524 1796 quam
1548 1708 1676 1798 aperta
1700 1703 1771 1797 via,
1791 1695 1862 1778 est

691 1823 808 1894 mercor
832 1823 889 1894 tor
913 1827 1004 1911 orte,
1028 1819 1120 1895 idest
1151 1826 1227 1894 tam
1252 1818 1368 1915 perite
1392 1827 1430 1896 et
1454 1827 1576 1917 caute,
1600 1825 1652 1896 ol'
1665 1825 1706 1896 ol
1723 1825 1795 1915 fine
1818 1825 1863 1898 dc

691 1942 728 2014 lo
753 1946 852 2014 terro
875 1942 903 2013 il
925 1959 1035 2014 coorto
1058 1941 1164 2031 uceic,
1184 1939 1286 2036 idest,
1304 1939 1403 2034 quod
1422 1941 1519 2016 lama
1536 1942 1659 2016 sonuit
1677 1961 1797 2036 usque
1811 1942 1860 2018 ad

690 2065 901 2134 extremum
926 2057 1133 2153 occidentis,
1159 2058 1246 2152 quia
1274 2049 1425 2152 samad)
1457 2061 1589 2157 stragis
1618 2061 1757 2158 gallice
1783 2067 1860 2138 tra·

689 2177 827 2252 scandit
851 2178 962 2273 alpes,
979 2183 1017 2252 ot
1039 2177 1150 2253 volvit
1174 2197 1240 2273 per
1265 2185 1380 2256 totam
1397 2178 1563 2274 Galliam,
1588 2180 1652 2255 uhi
1677 2181 1861 2256 lohannes

689 2295 837 2390 detlpia
854 2301 936 2371 erat
951 2295 1125 2390 famosus,
1142 2303 1179 2371 et
1196 2297 1252 2370 sui
1270 2296 1410 2373 strenui
1426 2297 1632 2373 bellatores.
1645 2299 1689 2372 lit
1702 2305 1860 2395 ostenso,

690 2439 775 2513 quae
799 2423 969 2512 poterant
994 2435 1146 2492 movere
1169 2415 1394 2492 Bonifatium
1412 2417 1459 2492 ad
1476 2417 1739 2514 requirendum
1760 2439 1861 2512 eum,

690 2536 955 2629 ostenditque
985 2535 1168 2612 debebant
1201 2555 1378 2634 revocare
1393 2527 1430 2629 θ)
1466 2557 1565 2632 eum,
1598 2537 1684 2632 quia
1714 2537 1862 2612 dimisso

692 2654 818 2730 habitu
845 2654 991 2730 militari
1017 2653 1187 2730 induerat
1212 2655 1377 2730 habitum
1396 2656 1581 2752 religionis
1605 2661 1643 2732 et
1667 2655 1766 2752 pacis
1781 2675 1864 2732 ma-

550 2787 553 2792 ’
691 2773 790 2848 rime
815 2774 1053 2848 contrarium.
1079 2773 1182 2850 Unde
1212 2775 1326 2871 tangit
1358 2795 1464 2849 snam
1497 2775 1773 2852 conversionem
1805 2775 1861 2850 di-

689 2913 788 2988 cens,
814 2893 913 2987 quod
938 2881 1075 2970 lecerat
1099 2915 1205 2968 more
1228 2895 1334 2990 periti
1359 2901 1491 2986 naute.
1510 2894 1612 2969 Unde
1631 2894 1717 2971 dicit
1742 2895 1858 2970 clare:

688 3009 743 3088 oid
767 3016 827 3087 clrc
845 3016 933 3107 prio
956 3018 1006 3088 mi
1030 3017 1192 3108 piocpca,
1217 3011 1352 3090 scilieet
1383 3015 1421 3089 in
1452 3020 1561 3090 etate
1593 3014 1788 3109 preterita,
1821 3023 1861 3091 ct

687 3133 762 3207 vita
787 3150 901 3227 quam
926 3133 1107 3208 duxeram
1121 3123 1159 3226 (⁴)
1185 3133 1224 3208 in
1246 3134 1383 3228 seculo,
1399 3135 1494 3208 ullor
1513 3132 1737 3224 m'r'norodlrc,
1754 3132 1856 3226 idest,

687 3253 868 3348 displicuit
892 3253 994 3346 mihi,
1019 3255 1161 3348 quoodo
1185 3257 1235 3328 mi
1257 3256 1332 3328 vidi
1353 3255 1473 3344 prodo
1496 3255 1534 3326 io
1559 3255 1672 3345 pucdo
1692 3259 1798 3346 porte
1820 3254 1860 3326 di

687 3375 759 3446 mio
793 3380 893 3464 otoo,
922 3373 1058 3448 scilicet
1089 3373 1126 3446 in
1156 3380 1361 3466 senectute,
1394 3375 1483 3446 doce
1517 3374 1658 3446 οἰαεσιηι
1688 3373 1859 3446 dooredbc

687 3493 846 3566 oolnrlc
876 3494 948 3566 vele
978 3511 998 3563 e
1029 3495 1225 3582 rocooplior
1253 3494 1284 3565 le
1312 3496 1421 3581 curu,
1446 3489 1549 3583 idest,
1580 3489 1695 3564 lunen.
1727 3492 1772 3564 Et
1799 3491 1859 3566 hic

688 3614 787 3704 nota,
812 3609 911 3703 quod
943 3610 1158 3705 metaphora
1189 3616 1246 3684 est
1281 3608 1505 3704 pulcerrima
1535 3613 1574 3682 et
1598 3608 1856 3704 pmpriissima.

687 3729 788 3804 Sicut
813 3729 911 3806 eninr
936 3730 1060 3824 homo,
1086 3729 1150 3822 qui
1181 3727 1243 3803 diu
1274 3727 1469 3824 navigavit,
1495 3728 1604 3802 debet
1635 3727 1701 3802 sihi
1734 3727 1859 3822 provi·

686 3850 776 3924 dere
800 3849 847 3924 de
870 3855 992 3944 portu,
1018 3849 1056 3922 in
1081 3869 1156 3943 quo
1181 3857 1306 3944 postea
1336 3847 1524 3943 quiescat3
1556 3847 1606 3922 ita
1636 3848 1760 3942 homo,
1794 3847 1858 3941 qui

686 3969 748 4046 diu
774 3969 953 4045 laboravit
977 3967 1016 4044 in
1039 3967 1108 4045 isto
1133 3968 1227 4044 mari
1252 3959 1461 4062 lortuitoffl,
1479 3973 1521 4042 ut
1542 3967 1711 4063 acquirat
1728 3975 1858 4062 poten·

687 4091 789 4185 tiam,
815 4089 971 4186 gloriam
997 4094 1035 4163 et
1059 4089 1250 4184 honorem,
1280 4087 1389 4166 debet
1417 4087 1603 4164 declinare
1625 4087 1751 4162 velum
1777 4087 1858 4182 glo-

686 4211 752 4286 riae
776 4209 983 4304 mundante,
1009 4213 1047 4284 et
1071 4209 1243 4306 colligere
1273 4208 1389 4304 lunes,
1415 4208 1507 4286 idest
1535 4207 1694 4300 fraudes,
1721 4205 1857 4299 quibus

687 4329 883 4427 navigavit,
905 4327 996 4402 idest
1020 4326 1133 4402 vitam
1158 4347 1265 4402 suam
1281 4327 1386 4402 duxit
1411 4327 1448 4401 in
1474 4327 1613 4402 mundo
1636 4325 1705 4401 isto
1725 4343 1855 4399 amaro

686 4455 724 4525 et
746 4447 960 4543 procelloso,
985 4452 1023 4521 et
1047 4445 1240 4541 pmvidere
1270 4445 1338 4520 sihi
1362 4446 1409 4522 de
1441 4451 1552 4542 portu
1583 4444 1709 4520 salutis
1744 4448 1855 4518 eter-

688 4585 757 4660 nae,
778 4565 951 4660 jactando
974 4565 1155 4640 anchoras
1184 4584 1261 4638 sue
1286 4565 1362 4660 spei
1393 4565 1431 4638 in
1458 4565 1590 4659 Deum,
1616 4567 1654 4638 et
1678 4555 1854 4658 spernere

686 4684 881 4780 mundum,
914 4684 1039 4760 dicens
1077 4703 1164 4759 cum
1198 4683 1383 4779 sapiente:
1417 4687 1558 4757 Veniloc
1595 4687 1787 4758 vantome
1823 4689 1857 4757 ct

747 4905 777 5046 ll
792 4903 1023 5034 illidio
1037 4981 1138 5047 ..lt-
1153 4979 1293 5032 m
1309 4979 1380 5044 u.
1395 4983 1424 5034 t
1437 4979 1542 5033 u„

747 5058 982 5122 clunem.
1169 5057 1196 5122 υ)
1213 5057 1376 5109 suumne
1562 5056 1590 5118 υ)
1606 5053 1798 5106 nortonam.
