4550 6844
699 965 839 1022 caurus
863 965 1079 1022 calomanus
1103 963 1245 1020 namus.
1488 952 1559 1020 tot

386 1110 477 1185 dum
502 1109 549 1186 de
572 1108 780 1206 gigantibus
803 1110 997 1208 gentilium
1022 1109 1100 1184 sire
1121 1121 1365 1206 paganorum.
1384 1107 1487 1184 Unde
1505 1108 1561 1184 di-

387 1229 457 1304 cit:
483 1234 518 1303 et
538 1230 578 1302 ol
600 1235 681 1302 trur
703 1231 740 1304 α’
753 1249 801 1304 tro
825 1230 990 1321 calesco,
1016 1227 1119 1324 idest,
1145 1237 1184 1306 et
1210 1233 1292 1324 post
1316 1223 1460 1323 jactum
1487 1229 1559 1324 teli,

387 1349 437 1424 ita
462 1347 561 1442 quod
585 1347 839 1425 discernebant
864 1349 984 1445 ipsum
1010 1348 1098 1424 satis
1122 1369 1146 1424 a
1170 1349 1281 1444 longe
1305 1351 1455 1442 propter
1480 1348 1560 1424 cius

386 1466 690 1563 magnitudinem,
707 1475 904 1544 conommo
920 1469 1062 1559 lethu,
1079 1466 1214 1542 scihcet
1230 1466 1446 1561 Ephialtem,
1464 1471 1562 1544 caeci

382 1585 446 1683 pii
468 1591 548 1680 sero
572 1610 592 1661 e
615 1591 772 1681 mappic,
797 1589 900 1683 idest,
926 1588 1146 1664 ferociorem
1171 1593 1210 1664 et
1234 1587 1427 1681 maiorem,
1445 1608 1560 1682 quam
1602 1607 1606 1616 ·

387 1710 464 1805 ipse
488 1709 690 1786 Nembrclh
718 1728 832 1804 quem
862 1709 1130 1786 dimiseramus.
1156 1707 1360 1784 Nembroth
1389 1701 1487 1784 enim
1514 1707 1560 1782 ti·

388 1851 493 1907 mens
508 1829 687 1904 diluvium
713 1829 868 1904 tentarit
891 1831 1015 1906 iacere
1039 1836 1182 1904 turrem
1205 1827 1317 1902 altam
1338 1827 1385 1903 ad
1402 1825 1561 1922 coelum3

388 1949 451 2024 sed
477 1948 657 2044 Ephialten
681 1968 767 2024 cum
793 1948 870 2022 suis
883 1940 922 2040 (⁴)
946 1947 1166 2043 sequacibus
1195 1946 1428 2042 presumpsit
1456 1946 1562 2022 inru-

388 2073 477 2148 dcre
502 2069 639 2144 ooelum
667 2069 907 2144 accumulans
932 2075 1096 2144 montem
1123 2088 1236 2164 supra
1266 2073 1442 2162 montem,
1468 2065 1562 2141 sicut

387 2193 487 2266 clare
517 2188 642 2266 scribit
654 2178 693 2280 (¹)
724 2186 874 2262 Ovidius
901 2186 1001 2262 circa
1032 2186 1250 2283 principium
1287 2186 1449 2282 maioris,
1479 2185 1562 2262 licet

388 2307 561 2384 habuerit
584 2308 653 2380 hoc
677 2305 726 2380 ab
750 2305 829 2380 aliis
854 2305 970 2400 poetis
993 2306 1134 2402 grecis.
1161 2305 1265 2382 Unde
1292 2306 1376 2382 rolo
1407 2311 1444 2381 te
1468 2304 1563 2380 scine

388 2428 488 2524 quod
513 2427 697 2500 llomerus
721 2425 770 2498 Xl
794 2424 964 2520 Odysseae
993 2424 1096 2522 lingit
1126 2425 1226 2521 quod
1254 2427 1389 2522 Ulyxes
1414 2424 1562 2520 quarmo

388 2548 454 2622 ivit
476 2545 524 2620 ad
548 2543 734 2618 internum
764 2541 853 2618 vidit
884 2543 980 2620 inter
1011 2543 1101 2620 aiios
1133 2545 1311 2622 notabiles
1342 2567 1461 2620 unum
1494 2565 1563 2641 par

389 2683 611 2762 magnorum
638 2663 810 2754 fratrum,
829 2663 966 2740 scilicet
982 2683 1102 2738 unum
1119 2663 1269 2740 nomine
1289 2666 1409 2740 Othon
1434 2684 1562 2758 aequa·

389 2785 462 2860 lem
475 2782 553 2878 diis,
567 2788 604 2858 et
620 2781 735 2858 alium
752 2782 953 2877 Ephialtem
970 2782 1186 2879 gloriosum,
1200 2803 1295 2878 quos
1306 2784 1386 2880 jam
1408 2803 1562 2882 magnos

389 2910 496 2998 terra¹
515 2901 678 2995 nutrivit,
704 2899 844 2978 donans
868 2901 921 2978 eis
946 2901 1071 2978 ritem.
1097 2902 1142 2976 lli
1165 2902 1204 2976 in
1228 2902 1455 2999 longitudine
1477 2902 1562 2978 iacti

389 3029 476 3100 sunt
500 3042 636 3098 norem
662 3042 879 3116 cannarum,
897 3021 962 3116 qui
987 3022 1114 3098 minati
1139 3023 1291 3098 luerunt
1314 3023 1382 3098 diis
1407 3023 1560 3098 immor-

390 3144 540 3238 talibus3
565 3161 652 3218 nam
677 3142 936 3238 disposuerunt
960 3163 1099 3238 ponere
1115 3143 1244 3218 Ossam
1265 3149 1429 3218 montem
1451 3162 1562 3239 super

389 3264 599 3358 Olympum,
625 3267 662 3337 et
686 3261 931 3358 perfecissent,
958 3262 989 3336 si
1013 3261 1060 3338 ad
1085 3263 1202 3338 aetatis
1232 3283 1447 3340 memorem
1478 3283 1564 3360 pen·

390 3383 600 3460 venissent:
630 3382 695 3458 sed
723 3381 853 3458 ambos
886 3389 1087 3476 antequam
1120 3383 1316 3460 induerent
1351 3383 1564 3482 lanuginem

389 3502 570 3580 destruxit
594 3502 693 3578 loris
717 3502 813 3577 illius
838 3501 983 3599 Apollo:
1009 3510 1048 3579 et
1072 3503 1125 3578 sic
1148 3509 1236 3579 nota
1261 3504 1362 3598 qnod
1377 3503 1563 3578 llomems

390 3628 498 3700 vocat
524 3643 641 3696 unum
667 3622 823 3698 istorum
845 3623 1026 3716 equalem
1053 3621 1133 3716 diis,
1152 3621 1239 3716 quia
1262 3622 1344 3696 talis
1369 3627 1564 3718 reputatur

389 3763 412 3818 a
438 3742 575 3837 multis,
600 3751 637 3820 ct
661 3763 684 3817 a
709 3761 750 3818 se
778 3741 857 3838 ipso
881 3741 1007 3816 simihe
1036 3740 1121 3836 diis3
1146 3741 1305 3816 alterum
1337 3760 1428 3818 vcro
1457 3751 1566 3819 vocat

390 3861 605 3957 gloriosum,
618 3861 706 3955 quia
718 3861 877 3956 superba
894 3851 930 3952 (³)
950 3865 1006 3934 est
1024 3859 1142 3956 gloria
1160 3859 1289 3936 talium
1310 3861 1507 3954 maiorum,
1526 3868 1564 3938 et

390 3985 492 4054 terra
515 3978 670 4056 nutrivit
693 3999 770 4073 eos,
795 3979 882 4074 quia
909 3997 983 4052 non
1006 3984 1208 4072 pascuntur
1234 3977 1301 4052 nisi
1325 3977 1501 4072 terrenis3
1527 3985 1565 4054 et

391 4095 669 4174 accumulantes
693 4103 857 4172 montem
883 4116 995 4192 supra
1029 4101 1206 4190 montem,
1231 4095 1324 4170 idest
1351 4097 1465 4171 altam
1497 4115 1566 4193 po·

393 4215 544 4292 tentiam
570 4237 682 4314 super
703 4217 831 4309 aliam,
856 4215 1044 4292 minantur
1069 4221 1195 4291 contra
1221 4216 1369 4310 coelum,
1392 4216 1487 4292 sicut
1513 4215 1566 4292 le-

392 4336 497 4434 gitur¹
517 4335 564 4413 de
588 4337 713 4412 multis
738 4335 888 4436 negibm
912 4334 1139 4432 assyriorum
1165 4335 1203 4410 in
1232 4355 1337 4412 sacra
1367 4336 1565 4432 Scriptura.

392 4457 472 4532 lmc
484 4456 601 4532 Julius
618 4457 741 4534 Gaesar
755 4445 792 4550 (⁶)
810 4455 901 4532 dixit
918 4455 956 4532 in
972 4455 1094 4532 Africa
1112 4456 1289 4552 hostibus,
1307 4457 1407 4552 quod
1423 4456 1567 4532 romani

392 4577 576 4653 hebebant
602 4577 762 4676 legiones
786 4597 875 4653 cum
901 4575 1035 4670 quihus
1055 4581 1202 4672 possent
1224 4575 1396 4674 frangere
1416 4575 1566 4652 coelum.

391 4695 477 4772 ldeo
501 4697 596 4774 bene
616 4696 842 4795 Augustinus
866 4695 987 4791 primo
1011 4694 1058 4770 dc
1083 4693 1238 4772 OEvitata
1254 4695 1320 4771 lici
1345 4696 1443 4772 circa
1465 4694 1567 4790 prin-

392 4813 527 4909 cipium
546 4815 775 4912 indignanter
786 4816 882 4910 dicit,
896 4817 1051 4910 loquens
1063 4814 1110 4890 de
1122 4815 1294 4910 superbia
1308 4835 1563 4910 romanorum,

454 5005 481 5063 (¹)
500 5003 530 5054 B.
547 5005 600 5054 enit
615 5007 784 5068 complicibus
799 5009 827 5056 et
842 5005 994 5069 raqmoihm
1009 5003 1126 5054 tamarit

456 5083 482 5142 (Β)
501 5084 555 5141 llo,
571 5079 699 5132 describit
825 5081 852 5143 (¹)
867 5081 900 5132 ll.
916 5079 1042 5144 snperbia.
1168 5080 1194 5142 ξ’)
1212 5080 1242 5131 Β.
1258 5079 1355 5132 &lna
