4566 6844
721 965 791 1031 556
1115 973 1318 1028 contumuit
1343 971 1492 1026 mudum

718 1139 803 1215 quas
829 1119 866 1193 in
891 1119 1015 1213 aliquo
1039 1117 1231 1213 participat
1255 1138 1341 1191 cum
1367 1136 1476 1192 mure
1501 1135 1567 1210 per
1594 1114 1747 1208 lurtum,
1764 1114 1801 1188 in
1819 1114 1887 1189 ali-

720 1260 794 1335 quo
819 1259 906 1313 cum
924 1258 1017 1313 cane
1033 1257 1099 1332 per
1116 1237 1392 1332 crudelitatem3
1410 1235 1605 1311 nechabet
1627 1239 1776 1328 statum,
1793 1234 1887 1309 sieut

720 1365 854 1434 caetera
880 1357 1063 1452 animalia,
1081 1365 1119 1432 et
1138 1364 1246 1432 rorat
1271 1357 1354 1432 vilia
1379 1355 1550 1430 animalia
1577 1374 1660 1448 quae
1685 1360 1890 1430 nascuntur

720 1480 767 1554 de
792 1478 1037 1573 corruptione,
1064 1483 1101 1552 et
1131 1476 1241 1551 babet
1272 1495 1417 1573 ungues
1445 1480 1574 1549 acutos
1605 1473 1822 1570 rapacitatis,
1853 1481 1890 1549 et

722 1599 853 1695 pellem
871 1597 1043 1692 pilosam;
1060 1603 1097 1671 et
1117 1595 1278 1671 breviter
1299 1595 1524 1691 comparatio
1545 1600 1600 1670 est
1620 1595 1767 1690 optima.
1789 1594 1889 1670 Sicut

723 1720 820 1794 enim
848 1716 1052 1813 vespertilio
1085 1716 1247 1811 proditor
1276 1716 1449 1812 spoliatus
1480 1716 1614 1811 plumis
1648 1715 1722 1790 suis
1755 1717 1890 1790 missus

723 1845 778 1914 est
811 1839 847 1912 in
878 1839 1067 1914 tenebram
1102 1845 1320 1914 nocturnam
1353 1837 1401 1911 ab
1431 1837 1555 1931 aquila
1583 1836 1691 1932 juxta
1725 1837 1888 1912 fabulam

723 1958 857 2053 AEsopi,
876 1958 973 2032 unde
998 1977 1071 2032 non
1096 1957 1207 2033 audet
1232 1976 1411 2052 apparere
1435 1957 1472 2031 in
1497 1956 1600 2051 iuce;
1618 1957 1667 2031 ita
1692 1964 1793 2034 recte
1813 1959 1889 2054 ipse

657 2131 660 2136 ,
721 2078 878 2172 Lucifer,
905 2078 967 2171 qui
1003 2077 1157 2173 prodidit
1190 2075 1388 2150 Dominum
1419 2078 1535 2152 Deum
1571 2097 1693 2171 suum,
1719 2083 1757 2152 et
1787 2078 1889 2153 velut

723 2197 911 2294 transfuga
936 2197 1098 2272 deseruit
1122 2198 1271 2291 coelum,
1297 2195 1461 2291 privatus
1491 2196 1607 2293 gloria
1636 2203 1674 2271 et
1704 2197 1789 2272 luce
1821 2219 1889 2272 sua

723 2316 917 2392 damnatus
943 2323 998 2392 est
1023 2316 1069 2392 ad
1094 2316 1284 2391 tenebram
1311 2323 1489 2390 eternam
1515 2315 1656 2410 inferni,
1674 2322 1711 2391 et
1731 2335 1805 2390 non
1822 2337 1888 2390 vo·

721 2440 771 2512 lat
800 2438 866 2510 nisi
901 2442 1018 2531 nocte,
1044 2436 1130 2529 quia
1161 2436 1197 2509 in
1232 2436 1376 2510 occulto
1408 2441 1541 2529 tentat3
1567 2441 1604 2510 et
1637 2435 1730 2510 sicut
1759 2455 1889 2510 omnes

724 2579 811 2633 aves
836 2557 962 2632 odiunt
988 2564 1025 2632 et
1049 2562 1323 2652 persequuntur
1348 2556 1652 2652 vespertilionem,
1679 2557 1730 2631 ita
1760 2577 1890 2632 omnes

723 2678 844 2776 angeli
869 2678 954 2751 boni
980 2678 1099 2773 ipsum
1115 2671 1151 2770 (¹)
1183 2677 1371 2752 inimicum
1401 2677 1502 2751 lueis.
1533 2677 1577 2750 Et
1605 2677 1721 2774 tangit
1750 2677 1891 2752 exerci-

727 2799 819 2872 tium
838 2803 876 2872 et
893 2797 1055 2872 officium
1072 2797 1218 2871 illarum
1238 2797 1380 2872 alarum
1399 2797 1537 2872 diceus:
1552 2801 1691 2890 epuellc
1702 2799 1821 2871 buoso
1833 2800 1891 2869 ol-

723 2941 831 3011 zaoa,
848 2919 950 3012 idest,
968 2919 1132 3016 erigebat
1153 2918 1229 2992 alas
1246 2923 1374 2992 contra
1395 2918 1530 2991 coelum
1541 2909 1592 3012 (¹),
1610 2923 1738 2992 eontra
1757 2918 1889 3011 Deum,

722 3033 752 3112 ci
777 3041 836 3112 cic
860 3045 914 3111 tre
939 3041 1029 3111 venti
1052 3041 1084 3110 si
1104 3042 1250 3130 portion
1274 3041 1323 3112 da
1351 3041 1427 3132 ello,
1454 3038 1539 3132 quia
1565 3039 1701 3112 scilicet
1732 3039 1889 3114 babebat

725 3159 794 3233 tria
819 3159 921 3253 paria
945 3159 1102 3252 alarum,
1129 3165 1166 3234 et
1191 3159 1275 3232 binc
1303 3157 1523 3253 procedebat
1547 3177 1660 3234 causa
1683 3158 1794 3234 totius
1812 3160 1891 3257 gla-

723 3277 801 3352 ciei.
822 3277 924 3353 Unde
941 3277 1043 3352 dicit:
1062 3279 1182 3370 polodi
1201 3281 1314 3351 Cocito
1339 3285 1422 3353 totto
1437 3282 1660 3370 suppetam.
1679 3279 1771 3354 Nam
1797 3279 1890 3354 sicut

723 3405 856 3473 ventus
872 3397 1014 3493 spirans
1038 3395 1086 3470 ab
1112 3397 1291 3492 Aquilone
1307 3398 1478 3495 iuglaciat
1493 3419 1621 3494 aquas,
1637 3399 1688 3474 ita
1704 3399 1891 3496 inspiratio

723 3520 818 3594 illius
843 3519 906 3612 qui
931 3517 1039 3592 dixit:
1060 3539 1195 3610 ponam
1219 3522 1333 3592 sedem
1357 3539 1470 3592 nwam
1495 3521 1540 3592 ab
1566 3523 1746 3612 Apadlone,
1770 3519 1889 3617 ingla·
1929 3553 1933 3560 ·

721 3639 794 3714 ciat
818 3636 930 3712 corda
947 3637 1100 3711 istorum
1118 3636 1357 3731 proditorum.
1384 3640 1428 3712 lit
1454 3640 1568 3737 tangit
1590 3639 1770 3717 tristitiam
1798 3640 1890 3735 eius,

721 3759 863 3834 dicens:
889 3779 956 3831 con
975 3761 1025 3831 act
1048 3760 1145 3832 occdi
1154 3760 1346 3851 pinapeoa,
1365 3779 1471 3833 snam
1495 3759 1681 3835 miseriam
1699 3766 1889 3853 eternam,

723 3901 741 3953 e
760 3900 829 3971 per
853 3883 906 3951 tre
931 3879 1034 3950 meriti
1055 3879 1224 3969 poccinoa
1248 3881 1288 3952 al
1306 3886 1399 3973 petto
1422 3883 1639 3972 sanquinem
1659 3881 1765 3971 bnoa,
1782 3879 1891 3955 emit-

724 4000 824 4074 tebat
853 3997 951 4073 euim
982 3997 1115 4071 bavam
1142 3998 1178 4072 in
1206 3999 1356 4073 modum
1389 4000 1467 4094 apri
1493 4020 1538 4074 ex
1570 4001 1625 4075 ira
1657 4005 1694 4076 et
1722 4000 1806 4075 odio
1835 4001 1891 4074 la-

723 4139 852 4195 cerans
881 4117 1079 4194 crudeliter
1105 4129 1179 4196 tres
1208 4119 1379 4214 spiritus;
1409 4127 1448 4194 et
1479 4121 1530 4194 sic
1561 4121 1710 4219 sanguis
1743 4121 1890 4196 illorum

725 4259 877 4313 manans
902 4238 1056 4313 iaciebat
1088 4238 1220 4313 bavam
1254 4239 1641 4337 sanguineam—Da
1666 4243 1759 4333 opat
1786 4241 1892 4317 Nunc

723 4365 992 4454 consequenter
1028 4364 1138 4433 autor
1181 4357 1352 4434 describit
1387 4379 1532 4456 poenam
1576 4359 1687 4434 trium
1729 4360 1892 4456 prodito-

724 4501 807 4554 rum
840 4479 1092 4573 antiquorum,
1125 4479 1188 4572 qui
1225 4480 1430 4574 puniuntur
1458 4481 1506 4555 ab
1531 4479 1600 4555 isto
1624 4480 1786 4576 principe
1818 4481 1894 4556 doe·

725 4599 946 4693 moniorum,
972 4619 1132 4693 quorum
1160 4620 1257 4674 unus
1280 4601 1435 4695 prodidit
1459 4607 1641 4676 aeternum
1672 4601 1892 4698 Principem,

723 4720 782 4796 alii
808 4719 883 4794 duo
908 4719 1106 4815 principem
1133 4707 1346 4816 terrenum3
1364 4727 1402 4795 et
1418 4720 1537 4816 primo
1558 4721 1727 4818 proponit
1744 4742 1891 4818 poenam

724 4841 879 4914 istorum
911 4840 947 4912 iu
973 4839 1148 4936 generali,
1174 4839 1315 4916 dicens:
1342 4839 1402 4915 ille
1437 4841 1593 4934 Lucifer,
1624 4845 1807 4935 dirumpeo
1839 4847 1895 4916 cot

787 5030 813 5092 τ’)
830 5031 860 5080 E.
877 5043 893 5082 e
910 5035 964 5090 tlt,
981 5029 1131 5082 Luciferum
1147 5031 1290 5082 inimicum.

787 5104 816 5168 ζ’)
832 5104 863 5157 B.
879 5106 984 5165 culum
1000 5107 1050 5158 boe
1065 5111 1113 5168 est,
1130 5112 1220 5158 coum
1237 5106 1330 5158 mum.
