4534 6842
718 939 786 1006 110
1112 948 1315 1010 millill'l'llll
1339 949 1492 1008 lili'mlltl

717 1094 788 1170 cll:
810 1099 932 1188 porcia
951 1088 1062 1188 parre
1086 1099 1124 1170 dt
1148 1087 1185 1170 ra
1208 1100 1272 1172 del
1293 1099 1417 1171 ee'del
1437 1103 1564 1191 ponte3
1589 1097 1680 1172 idest
1711 1095 1883 1194 Virgilius

716 1215 780 1289 ivit
803 1234 923 1311 usque
946 1217 992 1291 ad
1018 1215 1128 1292 linem
1154 1217 1273 1311 pontis
1298 1217 1426 1311 quinti,
1446 1216 1482 1292 in
1504 1237 1580 1310 quo
1601 1235 1763 1311 eramus,
1781 1240 1800 1291 e
1817 1221 1884 1292 mi-

713 1342 785 1409 sler
809 1339 835 1409 t·
855 1339 897 1429 sa
921 1338 956 1410 ‹l’
969 1355 1056 1410 aver
1079 1339 1198 1408 sicera
1220 1341 1351 1431 fronte,
1376 1335 1477 1431 idest,
1498 1356 1578 1412 esse
1595 1336 1774 1412 audacem
1788 1331 1825 1430 (¹)
1845 1344 1883 1412 el

714 1454 946 1550 intrepidum,
971 1453 1058 1550 quia
1083 1455 1234 1527 mederer
1246 1456 1519 1548 fortuaajural,
1538 1455 1632 1530 sicut
1651 1447 1785 1548 dieitl’)
1805 1455 1882 1552 ipse

715 1571 897 1671 Virgilius,
913 1579 951 1648 et
967 1572 1169 1670 vulgariter
1185 1571 1337 1648 dieitur:
1355 1573 1418 1669 qui
1443 1575 1553 1648 habet
1569 1574 1726 1652 frontem
1744 1595 1785 1649 se
1801 1595 1883 1648 ma-

715 1693 811 1787 ritat,
836 1695 968 1766 cem'ei
989 1697 1110 1783 prame
1125 1713 1167 1766 ru
1187 1695 1224 1766 la
1239 1697 1323 1786 ripa
1343 1701 1445 1785 reste,
1464 1715 1548 1788 quae
1564 1700 1620 1769 est
1644 1694 1724 1768 linis
1744 1694 1881 1790 quinae

713 1813 849 1910 bulgiae
873 1819 910 1887 et
933 1811 1150 1907 principium
1177 1818 1300 1887 sexte.
1326 1813 1371 1886 El
1399 1812 1554 1888 ostendit
1583 1813 1787 1908 perieulum
1818 1833 1881 1886 su-

714 1931 789 2006 bito
813 1949 1019 2028 emergens,
1044 1937 1193 2026 prepter
1224 1931 1322 2025 quod
1353 1933 1515 2026 oportuit
1546 1933 1685 2008 habere
1708 1951 1878 2008 securam

714 2050 884 2146 ironiam,
909 2071 975 2146 per
1000 2051 1164 2146 pulcram
1182 2051 1492 2146 eomparationem
1511 2057 1549 2126 et
1563 2053 1720 2146 elaram3
1738 2056 1776 2126 et
1795 2051 1880 2126 dicit

713 2170 885 2264 breviter,
903 2170 1000 2266 qued
1021 2169 1070 2244 illi
1095 2169 1280 2244 demones
1305 2170 1495 2246 irruerunt
1514 2171 1550 2245 in
1571 2169 1763 2267 Virgilium
1788 2170 1881 2244 luri-

713 2290 837 2366 hunde
860 2291 954 2366 sicut
978 2309 1087 2366 cauea
1112 2290 1248 2364 iaciunt
1273 2295 1400 2365 contra
1420 2309 1620 2386 pauperem
1643 2290 1789 2384 quando
1816 2289 1881 2364 lir-

713 2415 790 2484 mal
814 2429 855 2484 se
884 2409 931 2485 ad
960 2409 1094 2483 osium
1110 2398 1147 2501 (³)
1178 2415 1217 2482 et
1244 2408 1333 2504 petit
1364 2429 1496 2504 panem
1526 2427 1656 2486 amore
1684 2409 1759 2484 llei.
1787 2409 1880 2483 llicit

713 2547 827 2625 ergo:
854 2531 944 2621 quei,
968 2528 1103 2604 scilicet
1131 2528 1493 2621 lesmorrensem
1521 2533 1560 2603 di
1586 2535 1675 2604 soro
1703 2534 1743 2604 al
1763 2533 1881 2624 porrii-

713 2650 811 2738 cello,
828 2646 929 2741 idest,
942 2646 988 2722 de
1003 2647 1075 2721 sub
1085 2653 1196 2742 ponte
1212 2647 1350 2742 quinte,
1366 2645 1428 2722 ubi
1441 2647 1585 2722 stabant
1597 2648 1717 2745 primo
1733 2649 1880 2744 quando

714 2773 933 2862 reeeperunl
956 2767 1059 2842 illum
1084 2765 1132 2842 de
1156 2767 1254 2842 Luea
1279 2773 1355 2840 lam
1381 2767 1548 2864 benigne,
1565 2789 1632 2841 aaa
1656 2773 1735 2865 quel
1753 2773 1879 2863 liuore

713 2909 733 2962 e
756 2907 823 2961 ron
847 2889 961 2981 puella
986 2893 1161 2980 tempesta,
1187 2886 1288 2981 idest,
1305 2905 1392 2962 aum
1410 2885 1471 2961 illo
1487 2887 1649 2962 elamore
1668 2893 1707 2962 et
1726 2907 1880 2964 rumore

714 3006 918 3102 impetuoso
942 3014 980 3082 et
1004 3007 1155 3101 furioso,
1180 3008 1240 3079 cle
1261 3009 1277 3079 i
1298 3007 1380 3079 caui
1409 3025 1533 3078 meone
1561 3009 1599 3080 in
1623 3009 1728 3080 dorso
1752 3009 1792 3080 al
1808 3029 1879 3100 po-

714 3131 855 3219 verello,
879 3147 966 3202 cum
982 3116 1018 3220 (⁸)
1046 3129 1180 3202 latratu
1207 3143 1353 3222 magno,
1378 3126 1439 3199 cle
1461 3127 1576 3200 eliade
1599 3128 1638 3200 di
1660 3125 1783 3219 actuo,
1808 3125 1879 3202 sei-

712 3247 797 3323 lieel
821 3246 1091 3341 eleemosinam,
1116 3267 1180 3320 ove
1203 3248 1397 3339 s‘arrerm,
1415 3244 1508 3319 sicut
1532 3245 1717 3341 precipue
1741 3246 1788 3321 ad
1811 3246 1879 3322 de-

715 3389 818 3442 mum
831 3367 965 3463 divitis3
979 3367 1065 3462 quia
1077 3365 1323 3442 communiter
1336 3385 1476 3461 pauper
1489 3363 1611 3440 firmat
1627 3387 1668 3441 se
1683 3365 1730 3441 ad
1742 3366 1877 3440 ostium

712 3487 841 3582 divitie,
858 3495 896 3563 et
912 3488 948 3561 iu
970 3486 1080 3562 domo
1104 3484 1223 3560 divitis
1246 3485 1494 3560 communiter
1519 3491 1605 3560 sunt
1629 3485 1733 3559 multi
1756 3505 1876 3561 canes.

712 3608 756 3681 Et
781 3614 867 3684 nota
892 3605 1048 3702 qualiter
1072 3606 1140 3680 isla
1165 3605 1305 3679 subtilis
1321 3606 1546 3700 comparatio
1563 3606 1647 3682 iacit
1663 3604 1879 3682 mirabiliter

712 3727 758 3802 ad
784 3725 1019 3822 propositum.
1045 3722 1222 3800 Baratarli
1246 3724 1345 3798 euim
1371 3725 1503 3800 merito
1528 3731 1790 3820 comparantur
1816 3745 1879 3800 ea-

705 3845 833 3940 ·nilrus,
859 3844 945 3940 quia
970 3862 1076 3920 more
1100 3863 1234 3918 canum
1265 3841 1431 3918 saucibus
1461 3845 1595 3940 apertis
1619 3844 1811 3922 intendunt
1831 3843 1877 3918 ad

713 3964 965 4040 devorandum
991 3971 1029 4039 et
1059 3961 1295 4038 lacerandum
1324 3981 1538 4058 pauperem,
1569 3971 1607 4038 et
1638 3963 1799 4038 sentiunt
1832 3964 1878 4038 ad

715 4105 858 4180 nasum,
883 4085 976 4160 sieut
999 4103 1120 4178 canes,
1146 4083 1209 4178 qui
1235 4083 1473 4177 presentium
1497 4105 1519 4158 a
1544 4084 1654 4180 longe
1676 4081 1878 4178 hominem,

712 4206 776 4301 qui
802 4205 899 4281 radit
923 4204 970 4279 ad
993 4205 1149 4297 auriam,
1166 4209 1203 4280 et
1219 4203 1429 4277 irascuntur
1448 4209 1575 4278 eontra
1600 4223 1800 4298 pauperem
1821 4202 1879 4276 in·

712 4335 904 4402 nocentem
930 4323 993 4418 qui
1018 4323 1106 4418 petit
1129 4321 1266 4415 aliquid
1278 4321 1378 4416 juste
1394 4341 1523 4398 amore
1539 4322 1615 4418 llei,
1632 4328 1671 4398 et
1687 4321 1775 4396 nihil
1792 4341 1879 4417 por-

713 4453 777 4538 tat,
801 4444 972 4536 direntes,
999 4446 1194 4537 paupertas
1224 4446 1289 4516 tua
1315 4447 1436 4516 tecum
1463 4442 1508 4516 sil
1533 4441 1569 4516 in
1594 4441 1813 4537 perditioue;
1839 4447 1878 4516 et

712 4564 806 4637 sicut
837 4581 947 4638 cauea
982 4561 1014 4636 si
1048 4559 1220 4636 vidissent
1251 4558 1371 4655 primo
1405 4579 1605 4656 pauperem
1639 4565 1794 4636 stantem
1830 4560 1876 4636 ad

712 4682 847 4758 ostium
875 4688 1073 4776 autequam
1102 4685 1254 4778 peteret,
1282 4699 1355 4754 non
1380 4687 1495 4755 ruunt
1520 4681 1557 4755 in
1586 4701 1685 4778 eum,
1718 4681 1777 4758 vel
1807 4680 1878 4756 sal-
1986 4687 1994 4696 '

713 4809 786 4878 tem
813 4801 935 4876 minus
959 4801 1174 4896 impetrare,
1194 4801 1243 4875 ita
1268 4798 1324 4874 isti
1350 4801 1498 4894 quando
1522 4800 1646 4875 rident
1669 4819 1787 4874 uuum
1808 4819 1877 4875 no-

774 4989 801 5052 v)
817 4988 847 5040 Ε.
864 4988 997 5049 mamm,
1014 5001 1066 5040 noa
1080 4985 1222 5051 impleam
1238 4987 1308 5050 quia.
1436 4983 1466 5049 (¹)
1482 4986 1513 5038 R.
1530 4986 1602 5038 dlrlt.

773 5065 801 5130 (¹)
817 5065 848 5116 lt.
864 5077 892 5116 re
906 5066 939 5117 ul
954 5066 1063 5119 rimulae
1078 5066 1175 5118 aruum
1191 5067 1287 5128 patene.
1437 5062 1465 5126 (ἢ
1481 5067 1536 5126 lla,
1550 5063 1625 5128 liert,
1642 5073 1703 5116 rum
1719 5064 1823 5116 mnu.
