4550 6844
776 995 916 1054 caurus
940 997 1134 1054 uronsmus
1158 997 1288 1053 uenus.
1541 987 1614 1054 111111

431 1139 561 1231 plociol
583 1119 725 1232 ueram}
744 1147 782 1215 et
800 1146 897 1217 tacta
914 1141 1159 1235 dissolutione,
1180 1141 1297 1238 tangit
1313 1140 1615 1218 reformationem

437 1255 540 1332 istius
560 1258 719 1354 generis,
735 1259 883 1336 diceus:
901 1262 997 1354 epol
1012 1264 1044 1335 le
1060 1262 1155 1352 perti
1169 1263 1315 1352 manle,
1336 1260 1485 1357 scilicet,
1506 1261 1616 1357 primi

436 1377 566 1453 incolae
594 1378 747 1454 civitatis
777 1378 914 1476 Eginae,
945 1383 978 1454 e·
1004 1383 1162 1456 ratores
1190 1383 1230 1456 dl
1259 1403 1351 1455 mmo
1374 1383 1613 1476 discretione.

436 1498 481 1572 Et
507 1505 548 1574 ut
572 1498 697 1574 videas
722 1505 904 1594 quantum
929 1499 1156 1596 comparatio
1181 1499 1227 1575 sit
1243 1501 1390 1597 pmpria
1410 1508 1465 1577 est
1485 1508 1616 1577 nomn·

439 1617 542 1713 dum,
560 1618 660 1712 quod
678 1619 831 1696 formica
857 1620 994 1696 vermis
1019 1641 1157 1716 parvus
1182 1619 1293 1696 habet
1316 1621 1387 1696 hoc
1412 1621 1614 1716 proprium,

436 1738 538 1832 quod
561 1731 598 1831 (⁴)
631 1739 670 1814 in
700 1740 832 1816 maiori
865 1747 974 1817 oetate
1005 1740 1136 1817 crescit
1166 1739 1202 1814 in
1238 1740 1369 1816 maiori
1399 1742 1547 1837 virtute,
1577 1750 1616 1818 et

439 1858 611 1955 providus
625 1851 662 1952 (²)
689 1860 821 1954 quaerit
851 1861 919 1936 sihi
950 1881 1064 1955 escas,
1095 1880 1169 1934 non
1204 1858 1339 1935 faemos
1368 1867 1410 1935 nt
1434 1861 1524 1958 apis,
1551 1861 1615 1937 sed

439 1999 669 2077 congregans
694 1987 732 2056 et
757 1981 957 2058 recondens
981 2000 1098 2078 grana
1122 1979 1218 2055 sicca
1250 1979 1397 2076 colligit,
1428 1988 1465 2056 et
1490 1980 1520 2056 si
1546 1981 1617 2056 sint

442 2100 584 2176 maiora
609 2103 706 2175 ultra
731 2100 828 2176 vires
857 2119 988 2178 earum
1019 2099 1188 2176 scindunt
1218 2099 1279 2174 illa
1303 2091 1359 2195 (³);
1386 2100 1464 2176 vias
1488 2109 1615 2176 antem

441 2220 607 2296 ordinate
645 2222 860 2316 observant,
900 2241 947 2296 ne
989 2227 1167 2296 exeuntes
1205 2219 1403 2315 impediant
1441 2219 1618 2296 intrantes

441 2338 641 2435 obviand03
665 2361 784 2437 grana
801 2341 952 2416 humida
968 2342 1106 2416 siccant
1126 2361 1172 2416 ue
1187 2347 1418 2436 putrescant,
1437 2343 1619 2437 pronosti-

441 2466 572 2534 cantur
596 2471 738 2554 ventos,
768 2460 855 2554 quia
887 2467 974 2535 ante
1004 2467 1150 2555 tempus
1183 2461 1411 2554 tempestatis
1436 2462 1619 2537 reducunt

441 2599 482 2654 se
505 2579 553 2654 ad
577 2579 717 2676 domos,
743 2588 782 2656 et
806 2580 983 2655 dicuntur
1000 2580 1099 2656 terre
1119 2586 1286 2655 mortuas
1302 2580 1350 2657 ad
1371 2583 1618 2677 sepulturam,
1679 2663 1681 2668 ,

441 2705 479 2774 et
503 2699 598 2794 dicit,
623 2703 774 2808 secondo
798 2703 860 2774 olle
884 2703 1015 2794 ipoeti
1038 2703 1157 2774 lnam
1177 2703 1504 2797 persarumque
1537 2701 1620 2776 licet

442 2819 581 2916 lingant
610 2841 684 2895 non
718 2820 969 2915 mentiuntur3
1001 2825 1111 2916 poeta
1144 2820 1242 2896 enim
1269 2829 1449 2916 quantum
1482 2827 1537 2896 est
1572 2841 1620 2896 ex

442 2939 563 3014 officio
592 2959 660 3014 sno
693 2939 778 3016 dicit
813 2934 959 3034 verum,
991 2961 1077 3014 nam
1113 2940 1345 3015 mendacium
1379 2947 1434 3015 est
1468 2941 1556 3016 falsa
1578 2927 1617 3044 (⁴)

443 3056 544 3133 vocis
569 3058 781 3156 significatio
811 3079 899 3134 cum
932 3059 1132 3134 intentione
1163 3059 1325 3134 fallendi:
1357 3065 1466 3154 poeta
1490 3066 1618 3134 antem

443 3198 518 3252 non
543 3176 694 3252 intendit
718 3177 855 3273 tallere,
881 3177 945 3254 sed
970 3177 1090 3274 potius
1108 3179 1301 3256 instruere.
1320 3179 1400 3253 Non
1422 3199 1513 3276 ergo
1538 3184 1620 3254 erat

445 3295 563 3374 maior
587 3296 731 3372 tristitia
748 3297 874 3374 ridere
893 3297 1070 3394 populum
1090 3297 1277 3372 infirmum
1296 3298 1333 3372 in
1353 3299 1479 3396 Egina,
1496 3301 1620 3372 cll’cra

444 3438 470 3491 a
494 3420 599 3491 ceder
624 3420 649 3491 li
670 3421 785 3511 spiret
808 3421 983 3510 lonpttiru,
1008 3418 1145 3494 scilicet
1168 3417 1400 3514 ialsatorum,
1423 3440 1489 3512 per
1506 3421 1621 3512 puella
1691 3467 1694 3474 ,

444 3539 705 3630 muraenae,
740 3537 843 3634 idest,
880 3538 1044 3635 bulgiam
1082 3537 1274 3633 decimam,
1306 3557 1391 3633 qnae
1426 3545 1481 3614 est
1516 3537 1621 3612 valde

444 3659 612 3753 obscura,
639 3664 681 3731 ut
701 3659 781 3753 jam
806 3658 957 3753 dictum,
973 3680 1039 3752 per
1057 3661 1194 3732 diocrm
1210 3659 1317 3751 mole,
1338 3659 1440 3754 idest,
1458 3659 1620 3734 diversas

445 3779 593 3874 species.
611 3779 656 3852 Et
672 3778 730 3853 hic
749 3785 836 3853 nota
853 3779 953 3873 quud
969 3779 1173 3874 pestilentia
1194 3778 1296 3853 istius
1310 3779 1413 3854 vallis
1429 3786 1484 3854 est
1503 3779 1620 3852 maior

446 3888 558 3993 qua'm
584 3898 786 3992 pestilentia
811 3899 947 3996 Eginae,
975 3899 1061 3994 quia
1087 3899 1198 3994 pestis
1218 3899 1343 3996 Eginae
1359 3899 1621 3994 corrumpebat

445 4019 566 4092 solum
591 4037 747 4112 corpora
773 4019 1033 4111 morientium,
1064 4019 1133 4092 ista
1163 4038 1255 4093 vero
1287 4018 1429 4092 animas
1463 4037 1621 4114 operan-

447 4139 538 4213 tium
560 4129 608 4231 (5).
636 4137 738 4214 Unde
761 4148 872 4215 autor
897 4160 963 4236 per
994 4140 1101 4214 istam
1132 4139 1411 4234 corruptionem
1445 4157 1621 4234 corpora-

446 4259 533 4353 lem,
547 4279 660 4354 quam
679 4260 737 4335 hic
750 4261 863 4356 lingit,
880 4260 943 4337 dat
959 4260 1110 4357 intelligi
1122 4259 1360 4355 spiritualem.
1376 4257 1481 4334 Unde
1498 4257 1621 4334 anima

446 4379 631 4474 peccatrix
655 4378 742 4456 lacit
765 4400 915 4456 carnem
937 4379 1225 4476 corruptibilem,
1243 4399 1317 4453 non
1334 4399 1422 4454 caro
1439 4378 1623 4473 corrupti-

446 4497 526 4572 bilis
562 4497 648 4574 tacit
684 4498 846 4575 animam
884 4501 1139 4596 peccatricem,
1165 4507 1207 4574 ut
1239 4500 1291 4574 ait
1326 4499 1552 4596 Augustinus
1585 4499 1623 4572 in

448 4616 540 4692 libro
565 4617 782 4694 decivitate
803 4620 886 4715 Dei,
911 4631 949 4698 et
973 4621 1157 4717 specificat
1180 4621 1344 4696 diversas
1360 4641 1488 4717 poenas
1513 4620 1622 4695 talsa-

447 4741 584 4831 torum,
609 4736 756 4813 dicens:
783 4743 880 4832 qual,
897 4740 999 4836 idest,
1017 4741 1159 4837 aliquis,
1176 4744 1300 4833 praeca
1316 4763 1427 4835 sopra
1443 4743 1468 4814 'l
1491 4748 1620 4831 vende,
1715 4801 1723 4814 .
1761 4731 1769 4742 ’

509 4965 538 5025 l¹l
553 4966 580 5017 S·
596 4967 665 5030 111111.
1000 4970 1027 5031 (¹)
1043 4971 1075 5022 E.
1092 4969 1206 5034 provida.

509 5041 537 5104 (³)
553 5042 584 5093 lt.
600 5043 644 5093 llla
661 5057 709 5108 per
723 5045 852 5108 medium
868 5046 922 5098 rias
937 5051 1027 5098 autem
1044 5047 1175 5098 ordinatas
1191 5052 1295 5098 serrant
1310 5059 1351 5098 ne.

510 5116 537 5180 (⁸)
553 5119 584 5168 E.
602 5119 672 5170 false
688 5124 766 5174 roris.
999 5123 1027 5186 (⁸)
1042 5122 1068 5172 S.
1084 5122 1249 5185 operantium
1265 5123 1412 5174 salsitatem.
