4550 6844
667 965 743 1035 398
1064 977 1270 1036 ΕΟΙΕΝΤΠΙ
1293 980 1447 1036 mmm

664 1121 875 1200 dccccxli
900 1121 1065 1197 initalia
1089 1122 1201 1218 pestis
1226 1141 1385 1220 magua3
1410 1129 1447 1200 et
1471 1122 1589 1221 pridie
1618 1121 1691 1198 alia
1720 1122 1839 1198 tertia

665 1243 903 1318 decantem
929 1240 1039 1338 pestis
1071 1241 1196 1339 liginae
1227 1242 1329 1318 rcnit
1343 1236 1380 1336 (¹)
1406 1263 1452 1320 ex
1473 1227 1577 1318 ‘mala
1606 1241 1845 1338 corruptione

666 1360 780 1456 aeris3
807 1360 889 1436 ideo
917 1361 1014 1436 hene
1037 1353 1253 1458 dnmturffl,
1279 1362 1379 1457 qnod
1403 1361 1515 1438 luerit
1538 1367 1689 1438 causata
1713 1381 1759 1436 ox
1786 1360 1842 1437 ira

666 1481 831 1575 lunonis,
866 1481 952 1575 quia
986 1481 1082 1557 luno
1113 1480 1247 1558 dicitur
1286 1482 1362 1560 Dea
1396 1482 1493 1562 aeris
1522 1504 1547 1558 a
1578 1483 1715 1578 poetis;
1743 1481 1843 1577 quod

667 1609 795 1678 autem
823 1621 891 1676 rex
916 1601 1099 1697 optaverit
1122 1600 1190 1678 sibi
1215 1609 1388 1697 mortem,
1404 1603 1491 1678 sutis
1507 1602 1652 1680 ridetur
1669 1601 1844 1680 credibile

665 1719 744 1796 uisa
769 1727 869 1795 tanta
900 1719 1097 1797 amissione
1129 1740 1298 1817 suorum,
1328 1722 1392 1798 sed
1422 1722 1523 1818 quod
1553 1722 1733 1798 invenerit
1760 1739 1844 1797 ma·

665 1861 778 1938 gnam
792 1831 829 1933 (³)
858 1841 1131 1916 multitudinem
1149 1840 1391 1918 formicarum
1407 1843 1479 1918 sub
1496 1861 1640 1938 quercu
1653 1832 1691 1936 (⁸)
1717 1841 1841 1919 leren-

664 1960 759 2034 tium
779 1952 815 2055 (⁶)
843 1961 981 2058 fruges,
1006 1961 1118 2037 credo
1143 1982 1214 2060 ego
1239 1961 1338 2057 quod
1363 1962 1498 2060 figurat
1523 1962 1622 2058 quod
1647 1983 1728 2058 rex,
1756 1981 1841 2058 spo—

666 2079 752 2156 liata
777 2081 925 2157 civitate
949 2081 1101 2176 ciuilius,
1127 2081 1334 2178 collegitur
1352 2081 1451 2179 agris
1468 2101 1584 2158 novos
1605 2082 1842 2177 habitatores,

666 2219 828 2294 qnorum
854 2199 1016 2275 officinm
1042 2205 1079 2276 et
1104 2200 1321 2276 exercitium
1354 2208 1435 2277 erat
1464 2201 1561 2277 circa
1586 2201 1712 2300 trugas
1737 2202 1842 2278 eolli-

665 2317 815 2416 gandas,
833 2326 870 2396 et
883 2318 1023 2395 victum
1040 2318 1280 2415 quaerendum
1307 2320 1378 2396 sub
1403 2340 1557 2416 quercu,
1583 2321 1690 2396 errius
1715 2321 1839 2398 lrnctu

666 2439 753 2514 olim
781 2438 953 2514 vixerunt
978 2440 1155 2515 imminue
1181 2439 1267 2516 Ideo
1291 2440 1387 2518 hene
1415 2439 1529 2538 tingit,
1564 2441 1661 2536 quud
1691 2462 1738 2517 ex
1762 2440 1840 2518 ior-

667 2558 771 2632 micis
796 2557 1037 2633 reformatum
1063 2565 1119 2634 oet
1143 2579 1263 2656 genus
1292 2559 1494 2656 perditum3
1524 2561 1612 2655 quia
1643 2560 1700 2636 isti
1733 2569 1841 2638 erant

666 2678 770 2774 parvi
795 2697 963 2774 corpore,
988 2677 1101 2754 tortos
1131 2679 1281 2774 viribus,
1307 2681 1485 2777 patientes
1513 2681 1695 2776 laborum,
1726 2682 1841 2778 parci,

632 2893 638 2904 ι
665 2798 788 2894 sobrii,
815 2798 955 2894 solliciti
978 2799 1026 2874 ad
1049 2799 1329 2897 acquirendum,
1361 2807 1509 2878 tenaces
1538 2801 1586 2878 ad
1616 2822 1840 2878 conseruan-

664 2919 754 2994 dum
771 2909 822 3012 (⁶),
848 2919 942 2994 sicut
966 2925 1052 2994 sunt
1075 2919 1249 3015 formicas,
1270 2922 1399 3014 quales
1414 2921 1503 2996 olim
1522 2919 1673 2997 luemnt
1698 2920 1837 2996 rustici.

664 3039 766 3113 Unde
792 3037 960 3135 Virgilius
984 3037 1193 3114 describens
1218 3041 1312 3116 hanc
1337 3040 1451 3116 vitam
1469 3040 1704 3135 rusticanam,
1721 3059 1835 3135 qnam

663 3163 771 3232 vocat
794 3157 954 3252 beatam,
971 3155 1079 3234 dicit:
1105 3163 1210 3234 Harae
1230 3163 1313 3234 otim
1330 3163 1437 3234 uttam
1454 3167 1583 3235 veteres
1606 3163 1742 3234 coluere
1767 3165 1837 3234 So-

662 3277 753 3351 lum':
776 3284 814 3352 et
837 3277 977 3373 antiqui
995 3278 1150 3354 Romani
1168 3279 1233 3373 qui
1264 3279 1474 3356 habuerunt
1503 3285 1629 3355 ortum
1658 3301 1682 3355 a
1713 3287 1840 3376 pasto·

663 3397 765 3472 ribus
791 3398 943 3474 luerunt
966 3399 1068 3474 tales
1093 3399 1154 3472 Isti
1179 3419 1270 3496 ergo
1299 3399 1549 3496 deposuerunt
1578 3400 1736 3496 numam
1761 3400 1837 3476 lor-

663 3536 763 3592 mam
789 3523 828 3592 et
852 3519 1014 3593 colorem
1036 3518 1197 3615 nigrum,
1216 3539 1328 3613 quem
1351 3526 1612 3596 oouuaxaraut
1636 3525 1773 3596 stantes
1788 3521 1835 3596 ad

662 3637 791 3731 solem,
829 3645 867 3713 et
904 3638 1102 3715 induemnt
1145 3659 1279 3714 noram
1324 3641 1495 3736 liguram,
1531 3639 1666 3714 scilicet
1702 3641 1835 3714 trumu-

662 3775 762 3851 uam,
780 3756 867 3851 quia
883 3755 966 3832 iacti
983 3764 1071 3832 sunt
1086 3757 1210 3833 civitas
1235 3777 1281 3834 ex
1303 3759 1457 3834 msticis
1475 3761 1581 3834 Nunc
1604 3758 1651 3833 ad
1671 3758 1834 3853 literam3

661 3875 748 3950 dicit
772 3883 905 3952 autor:
941 3897 1014 3952 noo
1037 3881 1144 3952 credo
1174 3881 1236 3952 cltc
1262 3881 1427 3971 mouetur
1458 3881 1607 3954 tristiziu
1627 3882 1735 3972 susac,
1760 3878 1837 3954 imo

664 4017 754 4072 vere
777 3997 900 4073 minor
925 3997 1005 4093 luit
1031 3997 1117 4093 quia
1143 3999 1331 4095 cormptio
1356 4019 1441 4094 quoe
1464 3999 1533 4075 tuit
1562 3999 1598 4073 in
1628 3997 1743 4095 Egina
1767 3997 1836 4072 luit

661 4139 685 4193 a
710 4124 855 4213 natura,
882 4118 940 4194 hic
956 4109 994 4211 (⁷)
1019 4137 1111 4194 vero
1134 4141 1158 4195 a
1184 4120 1322 4195 malitia
1346 4120 1491 4214 mentis,
1510 4141 1535 4194 a
1551 4121 1675 4194 nederc
1689 4122 1718 4192 tt
1728 4120 1838 4212 popul

662 4245 745 4312 utto
777 4241 927 4333 informo
954 4241 993 4312 ia
1021 4241 1160 4332 Boiam
1185 4240 1232 4314 de
1266 4239 1334 4314 ista
1363 4240 1510 4316 civitate
1544 4239 1630 4316 iacit
1660 4240 1851 4332 nequem*

662 4365 736 4434 tem
755 4348 793 4451 (⁸)
818 4359 1044 4434 mentionem
1069 4358 1171 4434 'litus
1194 4359 1329 4450 Livius,
1355 4362 1497 4452 quaudo
1518 4363 1678 4453 tutocr
1700 4351 1731 4434 si
1751 4361 1834 4450 paca

661 4481 700 4552 dt
723 4481 879 4570 molitio,
905 4477 1009 4572 idest,
1034 4479 1131 4553 mala
1148 4478 1351 4574 pestilentia
1368 4479 1588 4576 contagiosa,
1606 4481 1666 4552 cle
1688 4479 1740 4569 oli
1753 4479 1833 4551 oui-

662 4601 749 4672 mnli
771 4619 945 4672 coscuroa
970 4601 1056 4690 tutti,
1081 4598 1227 4693 scilicet,
1252 4598 1394 4676 maiora
1419 4605 1457 4674 et
1481 4598 1637 4693 minora,
1657 4601 1766 4692 miluo
1795 4602 1835 4672 ot

725 4867 751 4929 ι’)
767 4869 798 4919 Ε.
815 4869 941 4933 provenit.
1088 4870 1114 4933 (¹)
1133 4875 1178 4922 llo
1194 4885 1209 4923 a
1225 4871 1251 4923 S.
1268 4871 1348 4938 lingit.
1474 4871 1501 4933 ζ’)
1516 4869 1542 4922 S.
1560 4873 1666 4921 uotam

725 4945 753 5007 (⁵)
768 4945 799 4995 E.
814 4957 914 5010 quercu
931 4959 990 5012 que
1006 4945 1095 5012 noges
1111 4947 1204 5007 terant,
1222 4948 1301 4998 credo
1317 4961 1366 5012 ego
1382 4948 1496 5014 llmrrare
1511 4945 1581 5012 quod
1598 4957 1653 4996 rex.

725 5022 753 5083 (¹)
770 5025 825 5081 llo,
840 5023 1024 5086 querentium.
1085 5021 1113 5082 β)
1130 5027 1185 5082 llo,
1202 5025 1366 5075 servandum.

725 5099 752 5164 (¹)
768 5099 799 5149 E.
814 5099 872 5151 lanc
886 5113 959 5152 uero.
1084 5099 1111 5164 (¹)
1127 5101 1158 5152 B.
1174 5100 1334 5165 stennenter.
