4550 6844
660 925 733 992 ddd
1001 947 1016 988 f
1058 933 1263 992 commum
1288 937 1440 992 liiFEthi

660 1102 746 1155 aum
771 1101 838 1177 pcr
862 1080 1175 1176 comparationem
1196 1083 1335 1158 claram
1367 1090 1404 1159 et
1432 1081 1617 1180 propriam
1656 1087 1836 1177 squama*

661 1221 746 1278 rum
771 1200 889 1296 piscis,
914 1199 1061 1276 dicens:
1087 1223 1107 1274 e
1131 1204 1291 1294 tucciae
1315 1209 1464 1277 boccan
1486 1195 1517 1276 si
1541 1205 1578 1276 to
1594 1202 1737 1276 scubbio
1759 1197 1835 1294 pst,

659 1320 763 1413 idest,
798 1320 961 1395 maculas
994 1320 1140 1415 scabiei,
1171 1343 1265 1416 quas
1296 1342 1409 1418 supra
1442 1321 1588 1397 vocavit
1620 1319 1835 1414 schiancias,

659 1461 757 1514 come
780 1441 926 1532 cultello,
956 1441 1084 1535 supple
1114 1442 1234 1536 trabit,
1266 1445 1298 1516 le
1329 1445 1459 1534 scopite
1487 1445 1525 1516 di
1554 1445 1741 1516 scordooa.
1772 1441 1836 1516 Est

659 1559 758 1634 enim
777 1563 956 1634 socrdovc
974 1561 1123 1656 quidam
1140 1561 1247 1658 piscis
1264 1563 1421 1638 vallinus
1438 1563 1557 1657 albus,
1574 1562 1730 1660 amplus,
1748 1562 1836 1636 bre-

659 1680 724 1775 vis,
751 1680 890 1756 babens
920 1702 1074 1777 magnas
1102 1703 1276 1776 squamas
1311 1689 1349 1758 ot
1383 1683 1505 1779 spinas
1535 1683 1680 1778 spissas
1710 1689 1748 1756 et
1779 1690 1835 1758 est

658 1800 764 1897 piscis
788 1821 900 1875 sanus
924 1800 1020 1874 inter
1040 1801 1203 1895 vallinus,
1223 1804 1298 1876 od
1311 1805 1405 1876 cibo
1416 1823 1520 1896 pesce
1538 1805 1599 1876 cde
1623 1801 1750 1876 t'cbbic
1771 1795 1834 1894 pid

657 1924 794 2013 tarpio,
819 1921 914 1996 sicut
938 1920 1033 1996 torre
1058 1929 1114 1996 est
1142 1921 1235 1996 alius
1267 1922 1373 2015 piscis
1401 1922 1557 1998 vallinus
1587 1923 1705 1998 maior
1736 1939 1832 2017 prae·

657 2041 766 2136 dicto,
800 2041 864 2136 qui
897 2047 1052 2115 vocatur
1084 2045 1211 2134 rapina
1245 2041 1344 2137 apud
1377 2041 1570 2136 quosdam,
1599 2041 1698 2138 apud
1740 2038 1831 2114 aiios

657 2168 813 2237 vocatur
835 2183 977 2256 scarpo.
991 2202 1041 2216 -
1058 2165 1089 2236 0
1107 2170 1152 2236 tu.
1171 2164 1276 2237 Nune
1293 2169 1403 2237 autor
1419 2169 1566 2237 ostensa
1585 2182 1695 2258 poena
1710 2161 1833 2236 Alebi-

536 2375 538 2380 .
658 2281 850 2357 mistarum
882 2283 962 2355 vult
992 2281 1226 2357 manifestare
1254 2282 1319 2377 qui
1347 2292 1435 2359 sunt
1453 2277 1490 2376 (¹)
1523 2283 1581 2357 isti
1606 2283 1680 2358 duo
1711 2280 1832 2356 bichi-

658 2403 775 2477 mistae
812 2403 862 2476 ita
901 2401 1069 2476 certatim
1107 2422 1148 2476 se
1185 2401 1407 2498 scalpentes;
1446 2406 1484 2476 et
1515 2402 1635 2497 primo
1671 2398 1832 2476 ostendit

656 2522 845 2617 quomodo
877 2521 1049 2619 Virgilius
1082 2521 1264 2597 allocutus
1294 2521 1406 2598 tuerit
1434 2522 1594 2599 aiterum
1625 2523 1772 2596 illorum
1791 2510 1829 2612 (²)

658 2641 893 2736 exordiendo,
916 2641 1058 2716 dicens:
1085 2643 1118 2715 et
1140 2645 1232 2716 duca
1251 2645 1322 2717 mio
1341 2636 1523 2734 comturr'd,
1540 2641 1643 2737 idest,
1662 2639 1832 2736 Virgilius

656 2762 805 2857 incoepit
829 2754 963 2856 ditare,
995 2783 1020 2834 o
1048 2765 1132 2836 tun
1164 2765 1203 2836 dt
1235 2767 1340 2838 toro:
1376 2765 1472 2836 Ota
1502 2764 1562 2846 ebe
1587 2764 1612 2835 ti
1635 2761 1830 2852 docmate,
1948 2803 1951 2809 -

657 2882 761 2977 idest,
799 2881 931 2978 spolias
959 2887 996 2957 te
1029 2881 1159 2978 magiis
1173 2873 1225 2978 (³),
1264 2881 1356 2958 idest
1387 2882 1552 2977 maculis,
1582 2902 1649 2954 coo
1683 2883 1714 2954 ie
1744 2882 1833 2970 dito,

657 3002 760 3097 idest,
785 3023 873 3077 cum
899 3002 1086 3099 unguibus
1109 3002 1321 3100 digitorum,
1347 3025 1366 3076 e
1393 3006 1455 3078 cde
1481 2997 1537 3098 soi
1565 3005 1708 3076 talvolta
1732 3009 1832 3076 terro·

656 3125 725 3214 plia
748 3125 783 3196 d’
796 3143 882 3213 esse,
908 3122 1010 3216 idest,
1036 3122 1192 3218 deipsis
1218 3122 1416 3220 unguibus,
1438 3123 1571 3218 quibus
1596 3122 1712 3197 uteris
1735 3127 1833 3196 um-

657 3261 771 3336 quam
797 3241 974 3317 teuaculis
1000 3243 1233 3317 mordacibus
1249 3250 1286 3319 et
1312 3244 1513 3338 tenacibus,
1539 3243 1644 3338 quasi
1668 3242 1781 3318 dicat:
1808 3261 1832 3316 o

657 3369 698 3436 tu
724 3362 787 3456 qui
813 3363 958 3438 laboras
983 3362 1033 3437 ita
1059 3364 1224 3438 valenter
1240 3363 1408 3438 ducendo
1424 3363 1600 3438 continuo
1625 3381 1778 3454 manus3
1796 3366 1833 3434 et

657 3482 746 3578 petit
770 3481 916 3557 dicens:
943 3485 1064 3557 dimma'
1087 3486 1231 3557 solean
1258 3487 1367 3558 lcdco
1396 3481 1434 3558 de
1462 3489 1522 3556 tra
1551 3489 1703 3573 costoro,
1728 3480 1831 3574 idest,

657 3602 688 3677 si
712 3601 854 3695 aliquis.
876 3600 1019 3676 italicus
1051 3609 1106 3676 est
1130 3602 1226 3677 inter
1250 3601 1338 3677 istos
1367 3623 1407 3677 se
1436 3603 1650 3698 scalpentes,
1679 3602 1740 3674 cde
1766 3618 1833 3672 son

657 3724 873 3815 quincentro,
899 3726 936 3795 et
959 3719 1106 3799 adiurat
1130 3741 1230 3816 eum,
1255 3721 1402 3797 dicens:
1428 3743 1466 3795 se
1499 3721 1660 3813 nunqua
1691 3722 1717 3793 c·
1744 3718 1835 3792 busti

656 3844 900 3919 cominente
916 3861 942 3912 a
953 3847 1079 3914 cotesto
1096 3843 1243 3934 lavoro;
1256 3840 1470 3916 delectabile
1482 3840 1580 3915 enim
1594 3838 1740 3916 videtur
1752 3856 1833 3912 sca·

657 3959 760 4037 bioso
785 3959 968 4055 scalperc3
993 3959 1076 4035 ideo
1097 3966 1198 4057 optat
1222 3960 1290 4035 sibi
1315 3961 1603 4036 instrumentum
1625 3957 1834 4034 indeficiens

524 4129 527 4134 -
657 4102 733 4176 quo
762 4079 873 4176 possit
904 4101 1051 4176 semper
1083 4080 1268 4176 delectari,
1293 4081 1400 4176 quasi
1430 4080 1548 4156 dicat:
1581 4079 1612 4154 si
1644 4080 1744 4154 Deus
1772 4076 1834 4152 det

656 4221 803 4297 semper
829 4201 893 4276 tibi
917 4202 964 4277 ad
999 4201 1254 4277 laborandum.
1284 4202 1362 4277 Hoc
1391 4201 1490 4277 enim
1520 4217 1668 4275 summo
1697 4197 1832 4294 appetit

656 4321 877 4416 Alabimista,
911 4323 1009 4397 unde
1038 4329 1158 4398 totum
1187 4343 1238 4396 aes
1272 4321 1401 4396 muudi
1426 4325 1674 4415 consumaret,
1701 4325 1741 4394 ut
1771 4339 1832 4394 sa-

655 4443 840 4518 tissacerct
865 4443 921 4516 isti
946 4443 1120 4539 appetitui
1146 4443 1288 4518 canino.
1315 4443 1359 4517 Et
1388 4442 1510 4518 subdit
1539 4449 1650 4518 autor
1679 4458 1832 4534 respon·

656 4563 797 4638 sionem
824 4562 919 4636 illius
934 4551 970 4654 (⁸)
997 4562 1145 4658 spiritus
1168 4563 1396 4660 interrogati,
1419 4563 1561 4639 dicens:
1583 4565 1679 4652 tou,
1696 4559 1832 4636 scilicet

657 4682 718 4756 iile
743 4682 1002 4778 interrogatus,
1031 4685 1171 4777 rispose
1195 4685 1425 4776 piuaqendo:
1454 4685 1515 4757 ποι·
1542 4684 1602 4756 cte
1627 4688 1663 4754 tu
1693 4681 1772 4754 cedi
1802 4670 1833 4752 si

656 4803 868 4899 prosequi,
894 4800 998 4896 idest,
1024 4803 1073 4877 ita
1098 4803 1315 4899 excoriatos,
1335 4807 1426 4878 num
1451 4803 1546 4876 αηιὸι·
1570 4803 1631 4875 dui
1655 4802 1770 4892 iacnt·
1795 4806 1834 4874 et

720 4973 749 5037 Γ)
764 4975 789 5024 S.
804 4974 855 5024 sint
871 4973 922 5025 isti.
932 4974 1002 5026 -E.
1019 4977 1069 5026 sint
1084 4975 1201 5039 prsdtcu
1218 4976 1279 5028 duc.
1406 4975 1434 5038 (¹)
1450 4977 1481 5028 Β.
1498 4978 1618 5029 istorum.

721 5049 747 5111 ε’)
763 5051 794 5101 E·
811 5050 924 5116 sanutu-
1407 5055 1434 5116 (⁸)
1450 5053 1477 5106 s,
1491 5053 1573 5105 uuus
