4606 6840
701 962 840 1018 esurus
863 963 1052 1018 uonsnrus
1076 963 1241 1030 noturus.
1490 952 1563 1032 233

391 1115 551 1203 manento
575 1109 634 1181 cte
659 1110 681 1180 t
694 1107 821 1180 cbbcn
847 1110 968 1182 viduo
988 1107 1032 1182 Et
1057 1107 1114 1182 bic
1136 1115 1221 1182 nota
1239 1109 1338 1202 quod
1365 1109 1468 1184 multi
1492 1110 1562 1184 mi-

392 1237 522 1304 rantur
551 1236 588 1303 et
619 1226 818 1302 trniiantur
849 1228 895 1302 de
924 1229 992 1302 isto
1024 1229 1132 1324 iacto,
1164 1229 1343 1306 dicentes:
1376 1232 1563 1325 quomodo

392 1350 567 1424 Hercules
593 1355 669 1422 tam
696 1347 953 1444 magnanimus
978 1355 1015 1423 et
1036 1349 1251 1445 magnificus
1268 1349 1315 1424 de
1333 1358 1407 1426 tam
1427 1371 1561 1448 magua

392 1468 545 1546 victoria
570 1469 752 1544 referebat
777 1477 853 1545 tam
880 1489 1031 1564 parvam
1049 1469 1235 1564 praedami
1252 1469 1359 1544 Certe
1376 1470 1413 1542 in
1434 1470 1562 1565 Hispa-

393 1590 453 1665 nia
479 1595 610 1666 natura
636 1589 780 1666 ridetur
805 1609 884 1664 esse
909 1589 1015 1664 valde
1035 1589 1137 1664 sortis
1161 1590 1198 1662 in
1223 1591 1394 1664 omnibus
1418 1590 1562 1664 anima-

393 1712 499 1805 libus,
525 1711 623 1786 uude
648 1710 696 1784 ibi
720 1717 807 1784 sunt
830 1710 1041 1805 pulcerrimi
1067 1711 1165 1805 equi,
1192 1711 1293 1804 muli,
1310 1711 1423 1786 boves
1444 1717 1481 1785 et
1498 1731 1562 1786 ca·

393 1851 468 1906 nes.
495 1831 669 1906 Hercules
695 1849 785 1928 ergo
797 1824 832 1921 (¹)
851 1830 1020 1924 portabat
1037 1831 1149 1904 boves
1173 1829 1408 1905 electissimos
1432 1851 1560 1906 secum

393 1952 441 2026 ab
466 1951 652 2026 occidente
677 1951 714 2024 in
738 1951 930 2044 orientem,
956 1950 1065 2024 credo
1097 1971 1166 2046 ego
1197 1971 1264 2044 pro
1294 1957 1470 2044 semente,
1502 1953 1559 2026 vei

394 2071 480 2166 quia
505 2071 557 2146 sic
582 2071 820 2146 mandaverat
844 2070 911 2144 sibi
936 2070 1124 2144 Euristeus
1146 2091 1211 2144 rer
1232 2070 1462 2164 Thebarum5
1480 2071 1562 2146 ideo

394 2197 502 2266 autor
526 2190 633 2265 dicit:
660 2193 717 2262 dct
738 2193 877 2282 prande
901 2197 1072 2282 arnwnto,
1091 2190 1190 2284 quod
1210 2190 1278 2263 fuit
1294 2211 1407 2266 causa
1433 2193 1562 2265 mortis

395 2310 489 2404 caci,
516 2310 613 2384 unde
638 2309 742 2384 dicit:
769 2314 858 2386 obde
883 2331 1001 2384 cessar
1022 2314 1052 2384 te
1076 2331 1136 2382 accc
1160 2331 1264 2402 opcrc
1285 2311 1387 2402 bieco,
1413 2311 1503 2386 idest
1514 2303 1563 2404 (²),

395 2449 512 2523 socca,
539 2430 648 2523 fatua,
675 2431 762 2525 qnia
779 2429 880 2505 trans
898 2451 963 2504 sua
982 2430 1069 2504 nibil
1095 2431 1209 2505 valuit
1235 2436 1363 2504 eontra
1388 2430 1563 2506 virtutem

394 2551 570 2644 Herculis,
597 2550 672 2644 qui,
700 2557 740 2624 ut
765 2550 887 2626 scribit
909 2550 1090 2647 Virgilius,
1108 2550 1232 2626 audita
1249 2571 1341 2626 voce
1360 2550 1462 2624 bovis
1479 2571 1564 2624 mu-

394 2670 524 2766 gientis
542 2670 578 2744 in
595 2678 713 2765 antro,
739 2670 871 2744 ardens
897 2670 963 2764 ira,
980 2676 1128 2764 accepta
1149 2671 1264 2764 clava,
1283 2671 1418 2745 volavit
1433 2671 1471 2743 in
1488 2671 1566 2766 api·-

395 2813 476 2868 cem
503 2792 653 2886 montis;
680 2798 717 2866 et
742 2792 858 2866 Cacus
884 2792 952 2866 ista
976 2791 1191 2886 primariae
1216 2791 1315 2864 visus
1341 2797 1396 2864 est
1421 2791 1564 2885 timere,

395 2922 432 2990 et
445 2915 554 2988 timor
567 2913 699 2987 addidit
716 2912 792 2988 alas
809 2912 971 3006 pedibus,
990 2918 1027 2986 et
1044 2912 1228 3008 ingressus
1246 2931 1456 3005 cavernam,
1475 2931 1561 2984 cum

393 3035 568 3110 Hercules
592 3039 750 3110 tentaret
774 3033 995 3127 irrumpere,
1014 3032 1203 3106 emittebat
1219 3032 1342 3128 ignem
1361 3038 1397 3106 et
1416 3031 1560 3104 tomum

395 3161 584 3249 tamquam
609 3173 655 3228 er
681 3172 749 3227 ore
772 3152 913 3227 inierni.
941 3151 1011 3226 Sed
1035 3151 1211 3226 Hercules
1236 3150 1370 3224 ardore
1395 3151 1459 3226 irae
1482 3171 1560 3224 suae

393 3273 639 3368 comprimens
663 3272 828 3347 incendia
853 3272 932 3347 eius
953 3271 1041 3366 jecit
1065 3291 1105 3346 se
1123 3271 1159 3344 in
1177 3270 1336 3346 mediam
1357 3271 1562 3368 caliginem,

394 3401 431 3468 et
455 3391 647 3487 amplexus
672 3392 790 3487 ipsum
817 3392 853 3464 in
884 3391 960 3486 ipso
990 3390 1117 3465 surore
1148 3392 1284 3466 Cacum
1316 3411 1410 3466 vane
1436 3391 1565 3465 iuren-

394 3521 469 3590 tem
508 3512 713 3608 suffocavit3
756 3512 861 3586 cuius
891 3532 1023 3608 corpus
1062 3518 1269 3586 extractum
1307 3511 1354 3586 de
1391 3513 1565 3608 spelunca

395 3635 472 3728 tuit,
499 3655 566 3710 nec
592 3635 688 3708 oculi
714 3633 905 3708 hominum
931 3633 1157 3710 satiabantur
1184 3634 1307 3708 videre
1336 3635 1462 3709 ocutos
1487 3640 1564 3708 ter-

396 3755 516 3830 ribiles
541 3760 578 3828 et
603 3753 757 3848 pilosum
784 3760 912 3848 pectus
942 3755 1032 3848 eius,
1064 3773 1131 3828 nec
1160 3753 1334 3828 Hercules
1365 3753 1567 3828 satiabatur

396 3874 562 3949 vindicta.
587 3874 672 3948 ldeo
696 3872 804 3947 dicit:
830 3881 918 3947 sotto
943 3877 980 3946 ta
1005 3895 1134 3947 mazzo
1158 3876 1192 3946 d'
1206 3877 1343 3964 Ercutc,
1376 3876 1436 3946 cbc
1466 3878 1565 3966 sorte

395 3997 506 4085 pticrtc
522 3987 580 4066 dte*
593 3999 701 4086 emto,
716 3993 851 4067 sciticet
868 3993 961 4067 ictus
977 4001 1014 4068 et
1031 3994 1294 4088 percussiones,
1308 4014 1326 4064 c
1345 4013 1417 4066 raon
1433 3985 1518 4066 scoti
1535 3996 1566 4066 tc

394 4116 499 4204 dicte,
524 4132 611 4187 curn
636 4120 732 4188 esset
751 4114 830 4208 jam
856 4113 1046 4188 extinctus.
1068 4115 1111 4186 Et
1135 4113 1170 4186 in
1197 4115 1266 4188 boc
1292 4119 1394 4188 notat
1421 4133 1564 4188 morem

395 4233 489 4327 irati,
515 4232 621 4306 cuius
646 4232 701 4306 ira
726 4253 823 4328 saepe
847 4232 936 4308 vivit
961 4240 1109 4307 mortuo
1133 4233 1356 4325 adversario,
1383 4232 1446 4326 qui
1469 4233 1565 4305 iniu-

395 4353 488 4428 riam
514 4352 660 4428 iecerat.
688 4354 732 4426 Et
757 4353 814 4427 bic
833 4353 960 4428 ultimo
982 4359 1079 4447 nota,
1097 4353 1195 4446 quod
1210 4343 1260 4446 (³),
1278 4352 1307 4426 si
1325 4372 1456 4426 verum
1475 4353 1566 4426 scri·-

395 4475 445 4550 bit
470 4473 670 4548 tiodericus
694 4473 986 4568 archiepiscopus
1012 4475 1193 4549 toletanus
1226 4472 1263 4545 in
1295 4493 1360 4546 sua
1394 4472 1567 4546 chronica

394 4593 573 4691 degentis
598 4592 787 4687 Hispaniae,
815 4593 880 4668 iste
898 4593 1015 4668 Cacus
1040 4593 1108 4667 init
1133 4594 1316 4688 hispanus,
1335 4611 1447 4686 quem
1473 4593 1566 4666 Her-

395 4717 494 4790 cuies
520 4714 658 4810 expulit
681 4713 765 4788 inde
790 4734 837 4790 er
863 4715 1035 4789 altissimo
1060 4721 1197 4807 monte,
1223 4713 1287 4808 qui
1308 4713 1450 4810 fugiens
1467 4714 1567 4788 venit

395 4837 432 4910 in
457 4835 608 4928 ltaliam,
633 4840 671 4909 et
696 4834 747 4908 sic
772 4856 845 4909 non
871 4835 986 4930 potuit
1010 4835 1169 4911 evadere
1193 4835 1335 4908 claram
1361 4833 1537 4908 Herculis.

456 5029 485 5092 (¹)
501 5029 532 5080 li.
550 5039 612 5078 vcro
628 5027 738 5078 dueebnt
753 5027 840 5078 bores.
1010 5027 1037 5088 ι’)
1053 5027 1084 5076 Ε.
1101 5027 1166 5076 idest
1182 5025 1235 5075 sine
1252 5024 1329 5084 sama,
1346 5014 1406 5088 quin
1422 5025 1503 5075 bans

457 5105 485 5168 (¹)
502 5104 533 5156 li.
550 5103 629 5170 qnod,
645 5103 713 5154 siout
728 5103 826 5154 scribit.
