4606 6840
411 1352 576 1420 CANTUS
593 1351 827 1420 VIGESIMUS
851 1351 1048 1435 QUINTUS,
1064 1353 1120 1419 obi
1134 1358 1291 1421 tractatur
1306 1353 1344 1420 de
1358 1353 1474 1422 oedem
1491 1354 1582 1438 furo·

487 1465 581 1532 abac
602 1466 638 1531 in
660 1466 768 1532 eadem
789 1465 906 1550 baffia,
929 1471 960 1531 ct
981 1465 1020 1532 de
1046 1465 1136 1532 modo
1157 1485 1262 1548 paeooe
1284 1486 1390 1533 eorum
1411 1467 1468 1533 sub
1492 1467 1583 1533 titulo

489 1575 667 1660 aliquorum
689 1577 802 1644 mnium
824 1576 1073 1656 limodiam,
1096 1597 1174 1662 qnos
1195 1578 1338 1645 nominat
1358 1579 1553 1646 nominatbn.

484 1855 595 2022 Ab
612 1955 683 2045 fine
699 1954 742 2025 dc
759 1955 790 2024 lc
805 1971 865 2024 stre
875 1955 1004 2043 parole
1020 1953 1047 2023 tt
1061 1955 1176 2025 tudro.
1195 1953 1391 2047 Postquam
1413 1952 1449 2025 in
1471 1970 1582 2045 supe-

412 2071 498 2144 riori
523 2072 682 2168 capitulo
707 2071 875 2168 proxime
891 2071 1109 2166 precedenti
1127 2078 1236 2147 antor
1260 2080 1383 2147 noster
1408 2073 1577 2150 tractavit

410 2196 448 2264 et
471 2191 727 2268 determinavit
752 2193 797 2268 de
822 2193 940 2288 prima
966 2193 1085 2287 specie
1116 2200 1154 2267 et
1181 2194 1452 2288 premiorum,
1479 2213 1579 2267 nunc

410 2320 677 2406 consequenter
711 2314 747 2386 in
780 2313 849 2387 isto
881 2312 1038 2408 capitulo
1071 2313 1168 2387 XXV
1193 2313 1269 2410 agit
1300 2319 1336 2388 et
1370 2318 1502 2389 tractat
1533 2312 1580 2388 de

409 2431 552 2507 duabus
577 2433 656 2508 aliis
680 2434 871 2528 speciebus
896 2440 933 2507 et
957 2432 1074 2527 poenis
1098 2433 1236 2507 burum.
1264 2434 1308 2507 Et
1334 2452 1493 2528 praesens
1518 2453 1580 2507 ca-

407 2553 563 2647 pitutum
589 2561 706 2650 potest
731 2555 893 2630 breviter
917 2553 1026 2629 dividi
1056 2554 1093 2628 in
1126 2562 1286 2648 quatuor
1317 2563 1439 2650 partes
1464 2575 1578 2652 geue-

410 2675 520 2768 rales;
546 2675 583 2749 in
609 2677 727 2771 prima
753 2696 912 2770 quarum
928 2667 965 2766 (¹)
992 2681 1112 2768 autor,
1138 2675 1176 2747 in
1202 2675 1380 2749 morando
1397 2675 1519 2750 adbuc
1543 2675 1580 2748 in

408 2795 503 2869 dicta
534 2797 701 2891 matoria,
727 2797 896 2872 describit
920 2795 1199 2872 obstinationem
1230 2796 1480 2872 detestabilem
1514 2817 1581 2870 ne·

407 2917 570 3008 quissimi
595 2917 685 2990 suris
709 2917 886 3012 praedicti3
908 2923 944 2990 et
961 2917 1075 2990 atium
1092 2916 1214 2990 iurem
1231 2916 1422 3011 antiquum
1439 2909 1476 3009 (¹)
1496 2937 1580 3012 pes-

406 3035 540 3110 simum
575 3037 737 3113 eiusdem
772 3036 902 3132 speciei
937 3037 1075 3131 primae.
1108 3037 1147 3108 ln
1178 3036 1338 3110 secunda
1368 3042 1500 3110 tractat
1532 3036 1579 3110 de

406 3158 566 3232 secunda
590 3159 710 3253 specie
735 3158 861 3232 iurum
879 3164 915 3231 et
929 3147 967 3248 (³)
985 3177 1116 3230 eorum
1142 3175 1249 3250 poena
1271 3156 1308 3228 in
1326 3156 1485 3250 quodam
1505 3157 1577 3251 spi·

408 3277 480 3349 ritu
507 3277 695 3372 moderno,
722 3278 794 3352 ibi:
821 3270 1339 3367 numerumnunerum
1365 3276 1472 3351 tertia
1499 3284 1575 3352 tra·

405 3385 531 3508 datust)
557 3397 603 3472 de
629 3399 733 3473 tertia
759 3398 879 3493 specie
904 3397 1029 3471 iurum
1056 3397 1092 3470 in
1122 3397 1194 3472 alio
1223 3397 1349 3492 spiritu
1385 3398 1575 3488 moderno,

265 3505 269 3513 “
403 3517 596 3592 ostendens
622 3519 808 3612 quomodo
834 3519 892 3593 itte
917 3539 1113 3614 percussus
1146 3539 1169 3594 a
1200 3525 1369 3614 serpente
1398 3540 1438 3594 sc
1464 3520 1577 3595 babe-

402 3637 463 3710 bat
489 3658 576 3712 cum
603 3659 660 3735 eo,
687 3640 757 3713 ibi:
788 3643 890 3712 donce
905 3643 931 3712 'l
954 3661 1136 3714 romarro.
1162 3641 1202 3714 ln
1228 3647 1360 3733 quarta
1386 3647 1423 3716 et
1448 3641 1577 3716 ultima

401 3756 571 3833 describit
597 3761 954 3835 transformationem
980 3762 1074 3836 illius
1105 3762 1267 3856 percussi
1300 3762 1337 3834 in
1367 3770 1576 3857 serpentem

402 3899 468 3972 per
492 3880 617 3958 omnia
643 3882 811 3956 membra
837 3881 1045 3977 singularia,
1072 3888 1110 3956 et
1139 3902 1161 3956 e
1190 3903 1368 3957 converso
1394 3883 1571 3977 serpentis

402 3999 439 4072 in
464 4001 663 4096 bominem,
689 4001 762 4074 ibi:
788 4005 934 4074 Inst'cme
963 4005 995 4073 si
1023 4005 1210 4094 rtsposero.
1242 4002 1295 4074 dd
1320 4001 1476 4096 primam
1512 4023 1573 4076 re·
1676 3977 1687 4000 ⁸

402 4120 547 4196 deundo
572 4122 664 4217 dico,
691 4123 790 4216 quod
815 4129 925 4198 autor
950 4121 1070 4196 adbuc
1095 4121 1210 4217 tangit
1232 4121 1369 4214 aliquid
1390 4083 1441 4196 'de
1457 4121 1575 4216 prima

404 4242 557 4317 materia
583 4250 804 4337 pertractata
830 4242 1024 4317 ostendens
1044 4240 1313 4336 dispositionem
1340 4240 1434 4314 illius
1459 4239 1573 4315 scele-

403 4362 472 4437 rati
495 4362 588 4436 turis
614 4363 778 4438 moderni
805 4369 843 4437 et
866 4363 1016 4437 atterius
1040 4361 1192 4456 antiqui.
1224 4361 1327 4435 Unde
1357 4359 1574 4435 continuans

402 4503 442 4558 se
466 4483 514 4557 ad
540 4484 781 4579 praecedentia
807 4483 903 4576 dicit,
930 4483 1139 4578 quodcum
1166 4483 1226 4557 ille
1255 4482 1315 4556 sur
1347 4487 1575 4557 renarrasset

403 4603 468 4677 sibi
494 4606 640 4700 culpam
667 4625 786 4700 suam,
812 4626 961 4679 causam
981 4623 1059 4678 suae
1076 4603 1328 4698 damnationis,
1347 4610 1383 4678 et
1401 4623 1574 4699 praenun-

402 4723 525 4798 tiasset
550 4725 800 4820 expulsionem
827 4725 939 4820 partis
962 4725 1075 4819 Albae,
1102 4745 1186 4817 quae
1212 4731 1292 4799 erat
1317 4723 1480 4819 paritura
1507 4724 1573 4798 sibi

401 4841 578 4940 dolorem,
604 4845 734 4922 ultimo
760 4845 939 4920 convertit
964 4845 1057 4919 iram
1084 4866 1190 4919 suam
1221 4850 1348 4918 contra
1375 4843 1510 4939 Denm3
1537 4850 1574 4918 et

463 5031 491 5092 (¹)
507 5029 537 5081 Ε.
555 5045 669 5096 quarum
685 5033 856 5084 immorando.
1075 5028 1103 5092 (¹)
1120 5031 1146 5082 S.
1163 5030 1378 5094 antiquissimum.

462 5105 490 5168 ε’)
506 5105 538 5156 Ε.
555 5113 581 5158 ct
600 5109 632 5159 dc
648 5123 742 5160 eorum
758 5123 841 5173 poenn.
1075 5105 1102 5168 (⁸)
1120 5107 1150 5157 R.
1166 5112 1262 5158 narrat.

532 5215 561 5260 11.
1410 5215 1438 5259 lb
