4526 6836
711 935 851 990 caurus
875 935 1032 991 neamus
1056 933 1226 990 ocravus.
1505 923 1551 990 2⁷

379 1103 452 1158 non
476 1080 601 1156 audivi
626 1079 742 1158 alium
772 1079 928 1155 similem
958 1079 1100 1156 ceteris
1128 1079 1289 1175 paribus,
1318 1079 1551 1156 considerato

378 1201 475 1297 quod
510 1202 607 1277 istud
624 1195 662 1295 (¹)
695 1201 803 1278 debet
835 1221 915 1277 esse
948 1201 1112 1277 officium
1132 1201 1396 1298 joculatorum,
1422 1222 1551 1278 servo-

380 1322 477 1418 ru'm,
496 1323 751 1417 meretricum,
768 1329 805 1397 et
827 1343 902 1398 non
919 1321 1089 1398 convenit
1113 1320 1178 1394 uni
1202 1320 1313 1396 nobili
1335 1322 1448 1397 mihti.
1467 1323 1551 1398 Ideo

379 1443 461 1520 vide
487 1442 587 1538 quod
611 1449 720 1518 autor
745 1443 782 1516 in
807 1442 908 1518 omni
928 1461 1067 1539 genere
1082 1445 1250 1535 conatur,
1267 1448 1310 1514 ut
1334 1441 1548 1537 plurimum,

378 1562 499 1638 iacere
517 1562 740 1638 mentionem
759 1562 806 1638 de
821 1562 945 1656 aliquo
962 1561 1042 1637 viro
1060 1559 1225 1665 notabili,
1243 1559 1324 1635 ideo
1342 1560 1445 1637 dicit:
1462 1554 1553 1655 perd

378 1687 585 1776 tadoooldo,
611 1684 702 1759 idest
726 1683 835 1759 oculo
860 1689 960 1777 noto,
975 1677 1040 1776 piri
1063 1685 1123 1756 che
1147 1684 1198 1774 pti
1221 1684 1306 1756 atet
1330 1685 1424 1776 tadi5
1442 1688 1479 1758 et
1498 1681 1551 1758 sio

378 1811 480 1900 potes
505 1804 631 1880 videre
656 1803 804 1898 quando
828 1803 897 1878 luit
926 1804 1037 1877 homo
1067 1801 1146 1895 iste,
1180 1800 1266 1896 quia
1295 1800 1430 1878 scilicet
1454 1807 1551 1878 tem·
1693 1873 1701 1882 .

376 1943 467 2020 pore
484 1923 634 1998 autoris.
653 1923 697 1996 Et
713 1923 813 2020 pouit
827 1921 1099 2019 responsionem
1114 1921 1209 1996 illius
1221 1921 1424 1998 confitentis
1442 1929 1549 1999 suam

377 2044 522 2138 culpam
537 2033 575 2136 (¹)
601 2063 752 2118 causam
778 2063 856 2118 suae
880 2042 1132 2119 damnationis.
1164 2041 1266 2116 Unde
1291 2041 1398 2119 dicit:
1424 2049 1458 2116 et
1480 2046 1551 2135 elli,

270 2173 274 2180 ’
377 2165 513 2240 scilicet
537 2163 685 2240 Alesios
711 2163 905 2260 respondit,
932 2165 1038 2255 altor,
1064 2163 1156 2238 idest
1181 2169 1280 2256 tuuc,
1298 2165 1489 2238 badermori
1514 2166 1550 2238 la

377 2305 499 2376 zucco,
518 2283 608 2361 idest
632 2283 839 2379 percutiens
865 2283 933 2358 sibi
952 2289 1062 2380 caput
1086 2303 1173 2357 cum
1200 2303 1314 2357 manu
1339 2283 1548 2380 insignum

378 2404 529 2498 doloris3
556 2425 630 2479 non
655 2411 780 2479 umen
805 2403 932 2478 debuit
956 2403 1023 2478 sibi
1047 2404 1171 2479 lacere
1191 2423 1368 2499 magnum
1395 2404 1548 2498 malum,
1596 2435 1600 2443 ·

380 2524 467 2620 quia
483 2545 616 2599 manus
641 2533 722 2603 erat
746 2530 821 2600 tota
847 2523 965 2598 mollis
990 2529 1027 2598 et
1051 2522 1195 2620 pinguis
1219 2524 1281 2599 tali
1306 2523 1496 2599 unctione:
1520 2528 1551 2598 le

381 2647 534 2738 lorurphc
558 2647 640 2720 oad’
652 2648 701 2736 io,
726 2643 818 2720 idest
842 2665 865 2718 a
891 2643 1024 2738 quibus
1048 2663 1130 2740 ego,
1149 2663 1221 2716 raon
1241 2645 1316 2718 eddi
1338 2647 1412 2717 mai
1428 2647 1464 2718 la
1481 2647 1550 2718 lirr-

378 2787 451 2857 pau
481 2773 610 2858 smccu,
641 2765 733 2842 idest
766 2771 944 2858 saturam,
975 2763 1117 2859 setiam,
1143 2763 1308 2860 stullam3
1340 2777 1427 2840 ecce
1458 2784 1549 2862 ergo

379 2906 529 2961 causam
543 2875 582 2978 (³)
608 2885 694 2980 quia
719 2889 829 2959 autor
853 2884 1004 2958 damnat
1028 2904 1116 2958 eum
1141 2884 1211 2978 hic,
1233 2883 1321 2978 quia
1340 2905 1545 2979 numquam

378 3006 437 3082 illa
462 3007 587 3104 lingua
612 3005 700 3080 vidit
731 3025 772 3080 se
800 3007 914 3080 semel
939 3003 1069 3079 sutiam
1084 2993 1121 3096 (⁸)
1146 3003 1365 3100 adulatione,
1392 3005 1442 3080 ita
1467 3012 1548 3080 erat

379 3132 576 3222 corruptus
590 3132 664 3200 tam
679 3125 739 3201 vili
755 3124 1254 3216 delectatione-appresso.
1273 3124 1339 3199 Hic
1355 3131 1465 3200 autor
1480 3125 1546 3200 de-

378 3247 512 3343 scripto
537 3265 613 3321 uno
639 3235 834 3337 notabihd)
859 3244 1051 3320 adulatore
1076 3229 1267 3338 moderno,
1289 3266 1388 3320 nunc
1411 3245 1548 3322 descri-

377 3366 429 3442 bit
458 3387 573 3441 unam
607 3364 802 3442 mulierem
834 3364 1024 3458 antiquam
1058 3365 1258 3440 maximam
1293 3365 1545 3442 adulatricem.

377 3488 432 3563 hd
456 3487 562 3564 cuius
587 3485 806 3562 evidentiam
828 3492 882 3560 est
897 3484 1098 3580 sciendum,
1120 3485 1219 3580 quod
1239 3486 1345 3562 Thais
1366 3487 1433 3563 luit
1457 3487 1544 3563 olim

377 3605 639 3684 formosissima
658 3611 696 3680 et
712 3604 953 3680 famosissima
969 3596 1005 3698 (⁶)
1026 3606 1202 3682 meretrix
1219 3605 1256 3681 iu
1273 3606 1419 3683 civitate
1435 3608 1546 3684 Athe-

376 3749 522 3822 narum,
549 3746 634 3822 quae
659 3725 716 3800 sui
741 3726 985 3822 pulcritudine
1011 3733 1048 3801 et
1072 3726 1289 3804 adulatione
1311 3727 1421 3804 etiam
1448 3728 1546 3804 viros

377 3847 695 3926 excellentissimos
719 3846 899 3923 alliciebat
919 3847 965 3922 ad
988 3847 1045 3921 sui
1061 3868 1240 3923 amorem.
1259 3849 1363 3924 Unde
1380 3850 1546 3926 Valerius

376 3971 500 4048 scribit
523 3968 620 4065 quod
646 3968 910 4044 Demosthenes
935 3967 999 4062 qui
1024 3968 1092 4046 luit
1117 3975 1240 4044 tantus
1270 3970 1307 4045 in
1337 3969 1546 4065 eloquentia

375 4090 473 4187 apud
496 4109 647 4188 graecos,
665 4093 826 4182 quantus
848 4087 976 4164 Cicero
1000 4088 1098 4183 apud
1122 4089 1264 4182 latinos,
1281 4090 1395 4165 semel
1421 4111 1545 4166 acces·

280 4301 284 4308 ⁴
375 4211 420 4288 sit
436 4211 482 4286 ad
498 4229 687 4286 cameram
704 4207 794 4304 eiuS,
812 4214 850 4282 et
866 4207 1018 4282 audiens
1038 4207 1141 4302 quod·
1154 4207 1215 4284 illa
1232 4209 1378 4304 petebat
1394 4216 1544 4286 centum

374 4333 508 4408 talenta
520 4330 559 4405 in
571 4328 741 4425 pretium
758 4327 923 4421 libidinis,
938 4327 1048 4402 dixit:
1063 4328 1148 4404 nolo
1167 4349 1294 4404 emere
1310 4329 1398 4405 tanti
1411 4317 1446 4423 (⁷)
1462 4351 1544 4426 poe-

372 4452 499 4527 nitero
518 4449 662 4525 Sciebat
686 4449 785 4524 enim
806 4449 1080 4544 Demosthenes,
1098 4449 1198 4544 quod
1214 4470 1261 4525 ex
1277 4457 1364 4526 actu
1384 4471 1544 4528 venereo
1592 4489 1598 4508 ·

372 4591 517 4668 semper
532 4568 700 4663 sequitur
725 4567 936 4662 poenitentia
961 4576 999 4644 et
1022 4570 1262 4666 displicentia;
1289 4571 1370 4648 ideo
1395 4573 1543 4650 nolebat

434 4763 461 4825 (¹)
478 4767 531 4822 lle,
548 4761 617 4814 istud
633 4775 685 4813 non
701 4767 768 4812 esset
783 4761 906 4813 effictum.

435 4835 463 4902 (¹)
478 4837 510 4888 B.
527 4836 639 4900 culpus,
655 4849 760 4901 sueque
776 4837 946 4892 dmnatlonis
962 4851 1076 4892 munt.

435 4915 461 4978 (¹)
478 4915 509 4964 E.
525 4928 542 4966 ο
558 4918 612 4974 tle,
628 4927 733 4965 ausam
748 4929 829 4980 quare
846 4921 930 4968 antor.
1104 4917 1131 4981 (·)
1149 4918 1180 4968 Ε.
1196 4919 1322 4969 utinum.

434 4991 462 5053 (¹)
478 4990 510 5041 lt.
525 4989 613 5042 nohlb.
1106 4993 1134 5057 (⁸)
1150 4993 1182 5046 R.
1197 4993 1306 5046 laum.

435 5065 463 5131 (¹)
480 5069 534 5126 llo,
551 5071 652 5120 lutum
669 5069 833 5130 mutin·
1455 5083 1456 5088 ¹
