4606 6840
773 935 912 994 cunnus
937 937 1129 994 vrersmus
1153 937 1296 992 snxrus.
1535 927 1605 994 279

438 1088 561 1184 ignem
594 1084 817 1160 bifurcatum
842 1105 909 1180 per
933 1085 1258 1180 comparationem,
1284 1083 1429 1160 dicans:
1455 1087 1514 1159 elle
1535 1107 1609 1178 pur

436 1227 581 1299 cornere
608 1208 707 1280 dallo
732 1209 832 1298 poa,
866 1206 967 1299 idest,
1001 1206 1047 1280 dc
1084 1226 1174 1302 rogo
1206 1205 1374 1299 funeral,
1405 1206 1483 1282 sive
1507 1213 1610 1282 strue

437 1329 634 1424 lignorum,
654 1329 753 1418 douc,
774 1327 874 1420 idest,
901 1326 938 1400 in
964 1348 1038 1420 qua
1063 1327 1152 1421 pire,
1180 1329 1369 1420 Eteoclella
1386 1329 1487 1419 mdo,
1505 1327 1608 1422 idest,

437 1447 625 1543 impositus
637 1446 869 1542 cremandus
886 1451 943 1520 col
954 1450 1108 1541 fratello,
1126 1446 1272 1539 scilicet,
1291 1447 1471 1542 Polynice.
1491 1447 1534 1520 Et
1552 1447 1610 1522 hic

438 1576 536 1662 nota,
562 1568 661 1661 quod
674 1561 710 1659 (¹)
732 1566 958 1661 comparatio
978 1567 1072 1642 bene
1089 1573 1206 1661 potest
1223 1566 1395 1661 applicari
1412 1567 1609 1662 proposito,

439 1691 526 1786 quia
551 1690 644 1764 sicut
668 1688 742 1763 duo
769 1707 876 1783 reges
899 1689 1012 1784 graeci
1037 1688 1200 1764 Eteocles
1226 1695 1263 1762 et
1288 1688 1487 1783 Polynicen
1514 1711 1610 1782 quo-

440 1831 525 1886 rum
559 1811 651 1884 alter
685 1809 753 1884 luit
785 1806 897 1902 sortis,
930 1809 1024 1884 alter
1052 1808 1317 1902 fraudulentus,
1344 1809 1497 1884 cremati
1522 1815 1609 1884 sunt

440 1931 636 2026 moigne,
670 1929 732 2022 qui
766 1928 901 2002 divisus
935 1935 989 2004 est
1022 1927 1059 2002 in
1088 1929 1181 2006 duos
1210 1929 1351 2024 epiccs;
1377 1929 1427 2003 ita
1453 1929 1510 2004 isti
1534 1929 1609 2004 duo

442 2073 547 2148 reges
577 2048 700 2145 graeci,
726 2048 918 2124 Diomedes
950 2055 987 2124 ct
1019 2049 1162 2144 Ulyxcs,
1189 2069 1352 2143 quorum
1378 2050 1517 2144 primus
1543 2049 1611 2124 luit

440 2170 667 2264 fortissimus,
688 2169 869 2246 secundus
884 2161 921 2261 (²)
943 2169 1302 2263 nomanatissimus,
1321 2171 1379 2244 hic
1396 2179 1611 2246 cremantur

440 2293 571 2370 endem
602 2293 697 2387 igne,
723 2290 789 2384 qui
814 2289 978 2366 similiter
1002 2289 1137 2365 divisus
1163 2295 1217 2364 est
1243 2289 1396 2364 induas
1421 2291 1610 2385 flammas3

439 2414 504 2490 scd
528 2412 644 2508 vprimi
678 2413 830 2485 luerunt
853 2410 956 2484 divisi
990 2416 1028 2484 ct
1057 2408 1240 2484 discordes
1264 2409 1412 2503 animo;
1439 2410 1495 2484 isti
1521 2431 1612 2486 vero

440 2534 639 2610 concordes
663 2538 701 2606 ct
728 2531 817 2606 uuiti
831 2521 869 2623 (³)
896 2531 1031 2606 animo.
1044 2533 1307 2624 -llisposcmi
1333 2531 1398 2606 llic
1419 2538 1528 2608 autor
1545 2553 1612 2628 po-

441 2656 492 2730 nit
517 2673 732 2750 responsum
748 2639 785 2744 (⁴)
811 2659 956 2727 certum
982 2650 1118 2746 Virgilii
1143 2651 1189 2724 ad
1206 2671 1316 2726 suum
1335 2652 1491 2746 speciale
1507 2673 1612 2746 quae·

441 2777 563 2870 silum,
589 2775 653 2868 qui
673 2772 854 2869 specificat
873 2771 971 2865 qued
989 2771 1063 2847 duo
1079 2772 1143 2846 alti
1160 2772 1306 2868 spiritus
1323 2773 1433 2847 simul
1449 2774 1610 2868 puniun-

442 2905 502 2974 tur
516 2890 553 2991 (ὅ)
588 2898 625 2971 in
658 2897 720 2970 illo
753 2895 839 2991 igne
871 2895 956 2989 alto,
983 2893 1081 2968 unde
1109 2894 1217 2970 dicit:
1243 2897 1437 2987 mamerti,
1463 2894 1609 2987 scilicet,

440 3021 501 3095 illc
531 3017 701 3114 Virgilius
733 3015 821 3090 mihi
854 3015 983 3089 Danti:
1021 3017 1127 3088 Ulirse
1155 3035 1174 3088 e
1198 3017 1365 3088 Danaae
1388 3017 1420 3087 ri
1443 3018 1609 3102 martiro,

442 3141 544 3233 idest,
557 3139 667 3212 simul
683 3135 907 3230 cruciantur,
925 3125 961 3208 ld
977 3137 1115 3226 doure,
1133 3135 1233 3228 idest,
1251 3135 1347 3210 intra
1364 3135 1467 3208 illurn
1484 3133 1610 3230 ignom

441 3261 492 3336 sic
517 3259 675 3333 divisum
699 3255 853 3330 induas
881 3261 1014 3351 partes.
1042 3254 1143 3330 Unde
1167 3261 1253 3328 nota
1279 3254 1377 3348 qued
1401 3259 1511 3328 autor
1537 3254 1612 3330 cle-

440 3385 571 3478 ganter
596 3377 698 3474 fingit
723 3377 820 3471 quod
847 3377 904 3451 isti
929 3376 1003 3450 duo
1029 3375 1155 3450 sociati
1181 3375 1290 3448 simul
1312 3376 1479 3451 lecerunt
1496 3377 1612 3450 multa

442 3499 693 3593 memoranda,
720 3519 804 3593 quae
830 3499 922 3573 alter
948 3497 1026 3570 sine
1049 3497 1166 3570 altero
1184 3496 1305 3571 iacere
1326 3515 1399 3570 non
1417 3495 1613 3591 potuissct;

441 3643 528 3698 nam
553 3621 590 3694 in
616 3620 726 3696 rebus
751 3618 885 3694 bellicis
912 3637 1043 3692 manus
1068 3616 1177 3692 debet
1201 3637 1282 3692 essc
1294 3617 1422 3712 juncta
1436 3607 1473 3708 (ὅ)
1493 3617 1613 3692 consi-

440 3741 499 3836 lio,
533 3741 635 3833 idest,
666 3738 841 3815 fortitudo
871 3735 1083 3831 prudentia.
1117 3737 1171 3810 De
1196 3736 1405 3812 fortitudine
1428 3737 1613 3813 Diomedis

442 3863 556 3936 multa
569 3851 605 3952 (⁷)
633 3859 792 3933 notanda
818 3857 942 3932 scribit
957 3857 1140 3930 Homerus
1157 3854 1195 3928 in
1212 3854 1336 3949 lliadc3
1354 3857 1401 3932 de
1416 3858 1610 3951 prudentia
1658 3851 1665 3862 ’

443 3979 563 4076 Ulyxis
589 3979 713 4056 scribit
737 3977 834 4052 idem
863 3977 1046 4050 Homerus
1072 3974 1260 4068 mirabilia,
1287 3974 1362 4048 imo
1388 3975 1610 4053 incredibilia

441 4100 478 4174 in
502 4099 677 4195 odyssea
703 4098 784 4172 ideo
818 4098 913 4173 hene
946 4096 1055 4190 addit,
1090 4095 1189 4190 quod
1224 4094 1318 4170 sicut
1351 4097 1500 4172 suerunt
1525 4100 1613 4174 socii

442 4221 635 4296 unanimes
663 4219 711 4293 ad
742 4240 877 4315 magna
909 4218 1071 4293 facinora
1097 4218 1133 4291 in
1158 4217 1243 4311 vita,
1269 4217 1319 4291 ita
1344 4225 1430 4291 sunt
1454 4218 1541 4293 socii
1565 4219 1612 4293 ad

442 4341 619 4419 luendum
646 4360 773 4435 poenas
787 4329 823 4432 (⁸)
843 4346 924 4434 post
945 4345 1114 4414 mortem.
1137 4337 1238 4413 Unde
1255 4335 1353 4411 dicit:
1372 4331 1477 4410 ecosl
1495 4359 1613 4412 vanno

440 4466 580 4536 insieme
612 4481 636 4534 a
668 4464 704 4534 la
738 4463 908 4552 undena,
940 4459 1042 4554 idest,
1076 4459 1122 4534 ad
1146 4479 1306 4554 poenam,
1332 4479 1417 4552 quae
1442 4467 1497 4534 est
1523 4460 1613 4536 ultio

442 4582 627 4657 malorum
663 4600 761 4655 nuuc
795 4579 841 4653 de
872 4580 1053 4676 prasenti,
1086 4601 1181 4653 conte
1211 4601 1235 4651 a
1261 4582 1367 4672 l’ira,
1392 4579 1494 4672 idest,
1522 4579 1615 4656 sicut

504 4767 533 4831 (¹)
549 4769 574 4819 S.
591 4771 718 4832 quantum
735 4745 902 4830 comparatio.
1115 4765 1143 4828 (¹)
1162 4771 1216 4826 lit,
1233 4767 1300 4816 alter
1316 4780 1387 4818 vero.

504 4847 531 4910 (⁸)
547 4847 578 4896 B.
595 4845 677 4895 unito.
1113 4843 1140 4904 (⁸)
1157 4843 1423 4906 transcensionem
1440 4848 1551 4895 certam.

504 4923 531 4985 t'l
548 4923 578 4972 E·
597 4925 739 4985 ponuntur.
1115 4919 1141 4981 r)
1157 4919 1189 4969 n.
1205 4919 1350 4982 mannen.

502 4997 530 5062 (Ἴ)
545 4997 571 5048 S.
588 4998 670 5049 multa
686 4998 855 5049 memoranda
869 4997 1043 5050 scribit-E.
1059 4996 1143 5048 multa
1159 5008 1221 5047 vera
1237 4995 1334 5046 serlblt.

505 5075 532 5140 θ)
549 5081 594 5128 lte
609 5089 625 5126 c
641 5077 672 5127 B.
689 5087 800 5140 pum.
