4526 6836
733 981 871 1038 CANTUS
897 981 1054 1038 DECIMUS
1077 981 1206 1037 Nouus.
1499 968 1545 1034 Εὖ

379 1147 478 1222 uam,
496 1127 590 1202 sicut
614 1145 742 1202 omues
766 1126 838 1200 alii.
865 1127 910 1201 lit
933 1125 1016 1202 vide
1041 1124 1140 1221 quod
1164 1123 1333 1222 Virgilius
1350 1125 1429 1200 mu
1446 1124 1546 1220 quod

377 1254 487 1323 autor
512 1248 729 1344 respondeat
752 1247 811 1322 bio
837 1247 874 1321 iu
898 1267 944 1324 ea
961 1247 1080 1323 torma
1097 1267 1170 1341 qua
1188 1245 1248 1320 ille
1265 1245 1411 1364 spiritus
1434 1244 1548 1319 inter-

378 1374 574 1465 rogaverat
589 1362 639 1463 (¹)‚
673 1368 759 1462 quia
791 1367 852 1442 ille
886 1387 933 1442 ex
964 1367 1205 1443 admiratione
1237 1366 1458 1472 repetiverat
1491 1363 1547 1438 bis

378 1490 473 1565 idem
491 1489 648 1582 dictum;
666 1494 703 1563 et
719 1488 769 1562 ita
795 1508 894 1562 nuuc
918 1493 1027 1562 autor
1044 1487 1208 1562 similiter
1233 1507 1279 1562 ex
1304 1485 1546 1561 admiratione

380 1609 511 1705 repetit
526 1609 622 1684 idem
639 1608 790 1703 dictum,
814 1608 900 1702 quia
925 1607 1033 1682 nimis
1057 1606 1250 1682 videbatur
1274 1607 1340 1681 sibi
1366 1605 1546 1700 mirabile,

379 1730 479 1824 quod
494 1729 554 1804 ille
569 1728 817 1823 interrogatus
834 1727 917 1822 quis
930 1735 1061 1802 esseta
1081 1728 1208 1822 Dante,
1228 1727 1487 1822 responderet:
1507 1729 1552 1801 es

381 1857 422 1924 tu
433 1850 510 1944 jam
530 1849 599 1944 bic,
617 1869 657 1924 es
673 1854 713 1922 tu
727 1849 805 1944 jam
823 1847 892 1942 hic,
910 1848 1095 1923 &ndacii
1112 1847 1156 1921 Et
1179 1848 1281 1942 ponit
1304 1848 1547 1924 obedientiam

379 1989 497 2062 suam,
522 1968 668 2043 diceus:
694 1974 728 2040 ct
749 1971 784 2042 io
808 1970 938 2059 rirposi
964 1988 1061 2042 conte
1085 1989 1110 2040 a
1133 1988 1187 2042 nte
1209 1972 1250 2062 fit
1273 1971 1434 2063 imposto,
1460 1967 1546 2061 quia

378 2087 451 2163 dixi
477 2087 576 2181 quod
601 2109 674 2162 uon
700 2107 806 2163 eram
833 2087 1050 2182 Bonifatius,
1075 2095 1112 2163 et
1144 2087 1242 2182 quod
1271 2087 1478 2164 bonifacius
1501 2085 1548 2162 dc

379 2208 433 2284 rei
457 2208 613 2284 vcrimte
636 2229 710 2282 nou
734 2215 815 2283 erat
839 2207 959 2283 adbuc
985 2208 1097 2282 satius
1117 2209 1200 2283 aeris
1214 2199 1265 2302 (²),
1285 2207 1349 2284 sed
1373 2207 1547 2284 continuo

379 2329 460 2424 plus
477 2335 518 2403 et
531 2329 613 2424 plus
629 2328 897 2404 accumulabat.
915 2330 958 2402 ut
971 2329 1101 2404 ultimo
1117 2329 1218 2424 ponit
1234 2328 1406 2404 ellectum
1423 2334 1548 2402 osteu-
1637 2355 1640 2362 ’

380 2448 470 2524 dens
494 2446 777 2542 indignationem
804 2453 841 2523 et
866 2447 1139 2543 responsionem
1165 2447 1438 2542 dissuimus:
1459 2468 1548 2540 per-

381 2564 442 2642 cle*
465 2571 500 2640 lo
523 2570 646 2659 spirito
671 2575 764 2642 torsc
788 2571 863 2642 tutti
884 2571 899 2640 t
917 2570 1034 2662 plodi;
1059 2567 1096 2641 in
1121 2569 1266 2665 signum
1292 2568 1357 2642 irae
1382 2575 1420 2643 et
1444 2567 1549 2643 dolo-

381 2687 441 2762 ris.
469 2687 591 2763 Doluit
615 2688 712 2764 onim
739 2687 839 2784 quod
862 2688 941 2785 iste,
955 2709 1029 2764 uon
1052 2694 1149 2764 esset
1168 2688 1384 2783 Bonifatius,
1402 2689 1489 2783 quia
1510 2690 1548 2768 iu

380 2807 540 2884 adventu
566 2805 645 2882 eius
662 2815 742 2882 erat
761 2808 1025 2903 cooperiendus
1044 2808 1092 2882 ab
1108 2828 1165 2902 eo,
1183 2808 1364 2884 utstatim
1384 2807 1547 2904 dicetur3

382 2928 462 3004 ideo
487 2928 595 3004 dicit:
617 2931 681 3020 poi
709 2930 758 3001 mi
790 2931 881 3002 duro
911 2931 1121 3022 sorpirundo
1150 2949 1217 3002 con
1241 2950 1324 3004 ooca
1346 2931 1386 3004 ut
1403 2932 1547 3022 monto:

379 3053 527 3140 mamae
551 3049 611 3121 cle
641 3069 665 3120 a
694 3069 749 3120 ma
778 3050 947 3122 robodi?
978 3047 1082 3142 quasi
1107 3046 1221 3124 dicut:
1248 3068 1364 3142 quara
1388 3048 1480 3142 petis
1506 3057 1548 3123 ut

379 3167 535 3260 loquar?
560 3167 648 3260 quid
672 3186 743 3264 ego
769 3166 887 3243 babeo
904 3166 1026 3242 lacere
1042 3173 1179 3261 tecum
1196 3187 1281 3242 oum
1300 3188 1372 3242 nou
1390 3167 1546 3242 habeam

381 3285 502 3361 lacere
518 3285 586 3360 nisi
611 3306 697 3360 cum
715 3286 945 3362 simoniacis?
962 3286 1091 3362 venisti
1112 3293 1152 3360 tu
1171 3286 1265 3362 sorte
1280 3286 1327 3361 ad
1347 3286 1546 3382 petendum

379 3405 537 3499 primam
563 3411 755 3482 vacantem
770 3409 786 3478 t
800 3397 837 3498 (³)

452 3530 496 3600 Se
525 3528 563 3599 di
592 3546 708 3618 saper.
741 3525 815 3622 lsta*
844 3531 898 3600 est
927 3525 1034 3600 tertia
1063 3546 1148 3621 pars
1177 3527 1371 3622 generalis,
1403 3527 1440 3602 in
1473 3547 1548 3621 qrra

380 3647 497 3722 dictus
521 3645 668 3741 spiritus
692 3644 861 3720 describit
878 3665 919 3720 se
935 3651 974 3720 et
988 3645 1077 3720 alios
1097 3646 1313 3722 simonianos
1337 3646 1549 3742 praecedeu-

380 3774 435 3842 tes
460 3773 498 3842 et
522 3771 717 3860 sequentes
742 3784 841 3840 eum.
868 3765 912 3838 Et
936 3765 1055 3860 primo
1072 3765 1289 3842 continuans
1314 3786 1355 3842 se
1378 3765 1424 3842 ad
1449 3787 1547 3862 prae-

382 3886 545 3962 cedentia
559 3884 752 3980 respondet
767 3884 815 3959 ad
832 3883 868 3958 id
885 3884 984 3979 quod
1002 3889 1113 3960 autor
1129 3905 1242 3981 supra
1258 3885 1367 3961 tacite
1386 3887 1544 3981 petebat,

382 4004 527 4099 wando
552 4004 663 4078 dixit:
689 4025 726 4077 sc
747 4007 843 4097 puoi,
858 4007 910 4098 [α’
923 4011 1052 4097 motto‚·
1073 4004 1220 4078 volebat
1239 4005 1336 4080 euim
1357 4005 1487 4081 audire
1511 4012 1549 4081 et

381 4126 476 4201 scire
498 4123 580 4219 quis
604 4130 722 4219 esset3
749 4131 787 4200 et
811 4122 1016 4220 respondet,
1033 4123 1132 4217 quod
1157 4122 1225 4197 luit
1247 4143 1353 4220 papa,
1375 4126 1425 4200 ita
1448 4124 1548 4218 quod

380 4244 551 4321 describit
574 4266 614 4320 se
638 4266 661 4320 a
686 4265 832 4320 summa
857 4243 1041 4340 dignitate,
1066 4243 1213 4318 diceus:
1240 4245 1349 4338 Soppi
1375 4246 1474 4318 ct’t'o
1495 4247 1550 4338 lati

379 4367 497 4439 oestro
521 4367 579 4438 dcl
592 4385 688 4456 pron
703 4371 835 4457 monto,
854 4363 947 4440 idest
962 4363 1135 4439 mantello
1151 4350 1188 4455 (⁸)
1207 4363 1315 4458 Petri,
1333 4384 1408 4457 quo
1424 4365 1549 4438 nullus

381 4491 436 4561 est
460 4487 579 4582 major
603 4486 680 4561 sive
704 4485 900 4581 imperialis
928 4485 1005 4560 sive
1030 4485 1174 4582 regalis,
1199 4485 1295 4560 inter
1319 4484 1546 4579 christianos,

380 4627 417 4680 sc
439 4613 469 4680 te
493 4610 552 4680 cul
574 4612 711 4679 comato
730 4607 768 4679 di
783 4627 889 4698 super
906 4607 956 4680 cl'
968 4608 1005 4679 to
1020 4608 1089 4695 sio,
1110 4603 1212 4699 idest,
1229 4604 1259 4679 si
1281 4611 1322 4679 tu
1334 4605 1452 4704 'babes
1469 4611 1550 4680 tau-

382 4735 456 4803 tam
481 4725 711 4801 allectionem
736 4725 976 4824 cognoscendi
995 4745 1067 4821 me,
1084 4727 1145 4799 cle
1161 4731 1198 4799 tu
1217 4725 1298 4798 abdi
1310 4717 1399 4818 perd
1415 4729 1452 4800 la
1467 4728 1550 4817 ripa

381 4867 501 4938 emsa,
525 4845 627 4941 idest,
647 4847 678 4922 si
702 4846 751 4923 ob
775 4847 871 4922 bunc
895 4866 1046 4922 causam
1062 4845 1288 4942 assumpsisti
1314 4845 1377 4920 tibi
1402 4855 1547 4923 tantum

443 5035 471 5100 (¹)
485 5036 511 5088 S.
526 5036 710 5102 interrogabat.
833 5035 862 5098 (¹)
878 5039 932 5098 tte,
949 5049 1010 5087 aare.
1141 5035 1167 5099 Ρ)
1185 5039 1239 5096 tto,
1255 5036 1435 5087 mulionem?

443 5111 472 5178 θ)
487 5113 518 5164 lt.
533 5114 659 5166 mutella
674 5113 742 5168 buu
757 5115 828 5168 Patri
844 5113 962 5179 apostolb
978 5125 1031 5178 quo
1045 5116 1135 5165 mlo
1150 5111 1302 5164 polluceat.
