4526 6836
732 948 779 1015 58
1123 955 1327 1014 munandin
1349 961 1502 1014 tumul

729 1107 835 1178 catur
860 1101 1102 1198 Apoealypsis,
1127 1101 1189 1196 qui
1215 1101 1476 1198 interpretatur
1503 1103 1595 1178 liber
1617 1104 1898 1200 revelationum,

730 1223 767 1297 in
779 1242 854 1316 quo
872 1221 989 1296 multa
1004 1220 1129 1296 lutura
1146 1221 1306 1316 predicit
1323 1229 1361 1298 et
1376 1224 1570 1318 prophetat
1585 1223 1656 1298 snb
1671 1220 1900 1318 velaminel¹l

731 1340 919 1416 variarum
944 1339 1174 1436 figurarum3
1199 1341 1281 1416 ideo
1305 1341 1398 1416 liber
1429 1348 1485 1418 est
1513 1341 1667 1418 dillioilis
1696 1342 1900 1440 intelligen-

731 1461 791 1536 uae
805 1452 854 1554 (²),
880 1459 1021 1535 eteius
1046 1458 1204 1556 figurata
1228 1461 1362 1535 locutio
1387 1465 1506 1556 potest
1535 1462 1629 1535 trabi
1654 1461 1702 1536 ad
1726 1461 1900 1557 multipli-

730 1599 812 1656 eem
835 1599 998 1672 sensum,
1014 1579 1109 1653 sieut
1125 1579 1236 1654 etiam
1255 1587 1355 1675 pntet
1371 1580 1409 1655 in
1426 1579 1624 1655 visionibus
1640 1581 1798 1656 Danielis
1813 1603 1901 1676 pro·

730 1699 859 1796 pbetae„
898 1699 1003 1774 blodo
1038 1700 1223 1774 lebannes
1255 1699 1351 1775 inter
1381 1700 1470 1774 alias
1503 1699 1641 1796 ligures
1671 1700 1773 1794 ponit
1805 1701 1900 1776 bane

732 1840 843 1894 unam
858 1811 914 1913 (ῆι
941 1819 1035 1893 llllll
1055 1820 1214 1915 oapimlo
1231 1818 1318 1895 dieit
1337 1820 1437 1913 quod
1455 1840 1552 1893 unus
1574 1819 1730 1915 angelus
1754 1820 1900 1894 locutus

729 1943 784 2016 est
804 1959 943 2034 seeum,
960 1940 1103 2016 means:
1121 1939 1223 2034 Veni,
1240 1939 1428 2034 ostendam
1447 1939 1512 2012 tibi
1526 1938 1798 2014 damnationem
1815 1959 1899 2015 me·

729 2061 870 2136 retrieis
896 2080 1052 2156 magne,
1068 2080 1153 2154 quae
1172 2059 1274 2136 sedet
1290 2077 1400 2154 super
1415 2079 1533 2153 aquas
1549 2059 1695 2151 multas,
1712 2078 1799 2132 eum
1821 2079 1897 2152 qun

729 2179 893 2253 lornioati
914 2186 1000 2252 sunt
1020 2199 1126 2275 reges
1144 2184 1265 2273 terre,
1281 2184 1318 2253 et
1332 2177 1497 2253 inebriati
1512 2185 1598 2251 sunt
1614 2177 1677 2271 qui
1695 2177 1897 2252 inhabitant

727 2305 864 2373 terram
889 2298 936 2374 de
959 2298 1045 2372 vino
1068 2297 1332 2393 prostitutionis
1348 2297 1440 2391 eius,
1456 2303 1495 2372 et
1519 2296 1592 2370 ridi
1617 2295 1812 2372 mulierem
1838 2312 1898 2373 se-

726 2417 873 2492 dentem
888 2436 1000 2511 super
1013 2416 1166 2492 bestiam
1181 2417 1336 2491 rubeam
1353 2405 1391 2508 (⁸)
1404 2415 1600 2490 lubentem
1613 2415 1731 2510 capita
1743 2422 1896 2510 septem,

727 2543 766 2611 et
789 2556 930 2610 cornua
955 2536 1104 2630 decem3
1122 2543 1160 2610 et
1178 2535 1312 2610 mulier
1328 2543 1410 2610 erat
1434 2535 1660 2610 circumdata
1676 2555 1841 2630 purpura
1858 2541 1895 2611 et

727 2657 895 2730 inaurata
919 2675 1013 2729 auro
1037 2662 1076 2730 et
1100 2655 1218 2750 lapide
1246 2655 1415 2749 pretioso
1446 2663 1484 2731 et
1513 2655 1732 2751 margaritis,
1758 2655 1897 2730 babens

727 2773 875 2870 cipbum
907 2793 1063 2848 aureum
1095 2774 1134 2847 in
1162 2795 1278 2848 mann
1305 2795 1374 2849 sua
1404 2773 1554 2868 penum
1586 2774 1894 2868 abhominatione,

726 2901 763 2970 et
787 2894 1017 2970 immunditia
1043 2893 1288 2969 fornicationis
1311 2893 1407 2988 eius;
1433 2901 1471 2969 et
1499 2894 1538 2968 iu
1567 2894 1686 2969 ironia
1710 2895 1791 2969 eius
1816 2903 1896 2970 erat

725 3015 916 3110 seriptum:
930 3015 1092 3110 Babylon
1106 3033 1240 3110 magna
1253 3020 1372 3089 mater
1384 3014 1663 3090 tornicationum
1676 3021 1715 3090 et
1726 3014 1895 3090 abburm

724 3135 914 3210 nationum
941 3141 1061 3210 terre.
1087 3135 1133 3206 Et
1155 3133 1228 3208 ridi
1254 3133 1448 3208 mulierem
1473 3133 1616 3208 ebriam
1644 3133 1693 3209 de
1715 3135 1895 3231 sumina

723 3261 935 3329 sanctorum
970 3257 1008 3328 et
1036 3252 1083 3327 de
1114 3253 1296 3348 sanguine
1321 3259 1528 3348 martyrum
1552 3253 1651 3346 lesu,
1677 3260 1716 3328 et
1739 3254 1894 3330 mimtus

723 3395 805 3448 sum
832 3394 919 3448 cum
944 3373 1114 3450 vidissem
1139 3373 1238 3446 illam
1265 3371 1510 3447 admiratione
1534 3391 1669 3469 magna
1693 3379 1762 3448 ete.
1789 3374 1894 3448 Nune

722 3493 1025 3588 adpropositum:
1038 3491 1145 3565 mnlti
1158 3491 1274 3565 multa
1286 3491 1411 3566 dieunt
1426 3509 1540 3586 snper
1553 3475 1779 3586 expositione
1790 3493 1893 3568 istius

722 3612 852 3709 figure
877 3611 1062 3706 mirabilis,
1080 3617 1117 3686 et
1132 3611 1263 3685 volunt
1286 3611 1385 3704 quod
1404 3612 1591 3706 apostolus
1611 3611 1821 3706 simpliciter
1836 3611 1893 3686 lo-

722 3737 859 3826 quatur
883 3730 930 3806 de
954 3730 1151 3826 Babylonia
1178 3749 1312 3825 magna
1335 3731 1487 3824 audone
1509 3731 1559 3806 de
1578 3751 1653 3824 qna
1675 3731 1809 3806 dieitur
1826 3751 1893 3806 nn·

722 3849 880 3924 su'turus
895 3848 1153 3942 dntiobristns3
1170 3849 1234 3922 sed
1251 3869 1496 3944 quecumque
1509 3850 1555 3924 sit
1566 3850 1723 3926 intentio
1738 3850 1892 3946 aposloli

721 3975 832 4044 autor
861 3975 985 4044 noster
1016 3969 1096 4044 rnlt
1123 3967 1223 4062 quod
1256 3967 1324 4044 ista
1347 3969 1525 4044 meretrix
1543 3989 1678 4066 magna
1705 3981 1744 4047 et
1773 3971 1894 4066 Baby·

723 4089 819 4164 lonia
857 4107 992 4185 magun
1025 4087 1071 4162 sit
1103 4087 1322 4186 gubematio
1360 4089 1600 4183 prelatorum
1633 4089 1797 4164 encledae
1830 4110 1893 4164 ro-

721 4229 851 4304 mann,
881 4207 960 4284 sive
992 4207 1097 4284 ouria
1128 4227 1293 4301 romana,
1324 4207 1385 4282 oui
1417 4207 1589 4282 ridentur
1617 4214 1660 4282 ut
1689 4208 1889 4304 plurimum

718 4347 824 4421 posse
848 4326 1095 4422 propriimime
1117 4325 1387 4420 adoptarique
1405 4328 1521 4422 posita
1545 4334 1632 4402 sunt
1656 4328 1693 4402 in
1718 4328 1889 4424 predicta

718 4447 848 4542 ligura.
881 4446 1004 4520 Primo
1023 4437 1060 4537 (⁵)
1094 4444 1190 4518 enim
1225 4451 1282 4518 est
1312 4445 1490 4521 meretrix
1525 4467 1659 4544 magna
1694 4467 1781 4522 oum
1814 4467 1888 4543 qua

717 4564 911 4640 adulterati
935 4569 1022 4638 sunt
1046 4579 1153 4658 reges
1178 4568 1216 4638 et
1240 4561 1419 4659 principes
1449 4573 1571 4660 terre,
1605 4565 1692 4660 quia
1723 4586 1792 4660 pro
1824 4585 1889 4662 pe·

717 4685 826 4760 onnia
862 4684 1001 4779 praelati
1037 4682 1125 4757 dunt
1158 4682 1214 4757 eis
1243 4703 1377 4780 magna
1405 4685 1526 4759 divina
1555 4694 1593 4762 et
1624 4685 1823 4780 spiritualia
1851 4693 1889 4760 et

782 4914 808 4972 l'l
824 4911 854 4964 E.
872 4912 998 4963 velamine
1013 4909 1157 4960 moturum
1173 4909 1315 4974 figurarum
1332 4917 1359 4962 et
1374 4913 1520 4972 uriarum:
1537 4914 1604 4966 idea.

783 4991 808 5052 (¹)
826 4990 857 5040 E.
873 4987 1027 5054 intelligere.
1224 4985 1252 5050 (⁸)
1269 4987 1299 5037 lt.
1315 4999 1395 5038 unu
1412 4989 1486 5040 xvtt
1501 4995 1589 5050 muln,
1604 4989 1702 5040 elem

784 5067 810 5128 ι’)
827 5067 857 5117 Ε.
873 5066 979 5118 rubram
995 5064 1142 5117 habentem.
1153 5091 1180 5100 -
1192 5063 1218 5114 S.
1234 5064 1341 5114 rubeum
1357 5070 1384 5116 et
1400 5065 1545 5117 lubentem.
1659 5063 1689 5126 θ)
1703 5069 1760 5124 tlt,
1776 5063 1874 5115 l‘rimn.
