4526 6836
782 881 920 938 usurus
944 884 1144 940 transimus.
1499 871 1545 938 89

372 1028 418 1104 ad
435 1027 649 1104 evitandum
675 1027 786 1102 talem
806 1047 945 1102 casum.
971 1026 1042 1104 Sed
1067 1029 1181 1103 semel
1207 1049 1294 1104 cum
1321 1028 1490 1106 intrasset
1504 1019 1541 1120 (¹)

373 1149 411 1224 iu
450 1167 565 1222 uuum
603 1145 807 1241 ecelesiam,
837 1146 873 1220 in
912 1167 985 1242 qua
1018 1148 1234 1243 pulsabatur
1249 1139 1287 1241 (¹)
1324 1149 1372 1222 ad
1404 1148 1544 1244 Corpus

374 1268 531 1360 Domini,
563 1267 720 1342 removit
752 1274 951 1361 eaputeum
984 1289 1071 1343 cum
1105 1269 1232 1362 celata,
1267 1276 1311 1342 ut
1345 1270 1545 1344 honoraret

373 1389 589 1480 Dominum3
616 1386 733 1482 magis
752 1393 886 1479 tamen,
907 1393 949 1460 ut
966 1388 1087 1481 credo,
1106 1407 1153 1462 ne
1173 1394 1365 1463 notaretur
1380 1410 1404 1463 a
1421 1388 1546 1484 vulgo,

374 1530 488 1605 quam
522 1528 653 1583 amore
684 1507 826 1602 Christi,
861 1507 897 1581 in
923 1529 997 1601 quo
1022 1529 1155 1602 pamm
1180 1508 1362 1584 credebat.
1389 1510 1434 1583 Et
1458 1529 1545 1584 eece

373 1629 495 1705 statim
530 1627 662 1704 cecidit
695 1628 836 1722 lapillus
864 1648 976 1724 super
1008 1635 1119 1724 eaput
1153 1627 1307 1722 nudum,
1342 1635 1380 1704 et
1410 1649 1542 1724 parum

373 1750 466 1824 laesit
491 1749 624 1843 cutim;
654 1769 729 1842 quo
758 1754 908 1843 accepto
933 1759 971 1826 et
995 1749 1206 1844 ponderato,
1224 1749 1374 1826 Michael
1397 1750 1543 1845 reperit,
1672 1747 1677 1758 '

374 1870 474 1964 quod
509 1869 598 1945 tanti
633 1880 714 1946 erut
737 1869 917 1964 ponderis,
943 1869 1073 1963 quanti
1094 1869 1330 1966 praeviderat3
1356 1892 1474 1965 quare
1498 1871 1544 1947 de

373 1997 494 2065 morte
526 2010 594 2064 sua
625 1995 760 2082 certus,
793 1989 969 2084 disposuit
999 1990 1112 2064 rebus
1141 1990 1228 2084 suis,
1257 1997 1295 2064 ot
1320 2011 1365 2066 eo
1389 1991 1559 2099 vulnere,

374 2117 544 2186 mortuus
569 2115 635 2184 est.
661 2109 765 2183 Nune
789 2110 836 2184 ad
860 2110 1025 2186 literam:
1051 2110 1136 2187 dicit
1151 2110 1333 2206 Virgilius,
1351 2115 1429 2202 pant
1450 2114 1543 2184 ultro

373 2227 474 2306 ol'de
498 2223 528 2304 sl
548 2249 639 2322 poco
663 2232 720 2302 uei
738 2231 878 2321 fiunem.
905 2229 982 2304 lloe
1001 2229 1097 2324 dicit,
1116 2231 1175 2304 vel
1192 2231 1279 2325 quia
1296 2237 1375 2306 erat
1392 2237 1544 2306 natura-

373 2350 456 2425 liter
494 2349 584 2443 talis,
624 2348 682 2423 vel
716 2348 803 2442 quia
837 2354 985 2444 propter
1018 2348 1180 2424 studium
1215 2355 1296 2425 erat
1332 2349 1544 2425 mirabiliter

375 2475 608 2563 extenuatus,
638 2473 679 2564 su
713 2471 837 2542 Mutet
867 2474 994 2563 Scotto,
1029 2470 1164 2546 scilieet
1187 2470 1234 2546 de
1259 2470 1377 2545 insula
1401 2471 1542 2566 Sootiae,

376 2594 435 2665 ele
459 2595 657 2664 ornamenta
679 2609 782 2682 seppe
806 2592 833 2663 il
854 2592 968 2682 proco,
985 2590 1077 2667 idest
1100 2589 1340 2686 delusionem,
1357 2593 1400 2664 do
1416 2595 1446 2665 te
1463 2613 1541 2664 mu-

374 2713 472 2803 piete
493 2711 612 2804 froda,
638 2707 723 2802 quia
744 2707 854 2804 magi,
880 2716 922 2782 ut
945 2709 1083 2784 dietum
1108 2716 1174 2805 est,
1196 2709 1333 2784 iaciunt
1357 2710 1542 2786 illusiones

374 2850 449 2906 uon
469 2849 529 2904 res
546 2847 673 2922 reras3
699 2833 739 2902 et
764 2827 801 2901 in
826 2828 896 2902 boc
912 2829 1081 2924 arguitur
1098 2848 1204 2903 error
1221 2829 1321 2924 vulgi
1337 2830 1401 2923 qui
1418 2831 1541 2906 omnia

373 2971 457 3046 quae
482 2947 580 3026 videt
610 2947 790 3022 mirabilia
821 2948 986 3025 attribuit
1017 2949 1159 3045 magiae,
1185 2948 1223 3022 in
1251 2969 1327 3042 quo
1360 2950 1539 3025 babemus

371 3070 552 3166 optimum
578 3068 790 3162 exemplum
815 3066 862 3142 de
887 3067 964 3163 ipso
982 3066 1141 3163 Virgilio,
1159 3066 1224 3162 qui
1248 3067 1379 3143 dieitur
1405 3089 1538 3164 magna

372 3209 485 3287 opera
501 3189 629 3264 iecisse
645 3187 799 3284 magice,
816 3187 915 3281 quod
941 3193 996 3262 est
1011 3186 1156 3283 penitus
1173 3188 1318 3283 laisum,
1335 3198 1378 3265 ul
1396 3189 1538 3264 dicetur

371 3309 504 3405 alibi,
494 3329 570 3384 rmo
602 3307 713 3384 etiam
746 3306 837 3382 de'
826 3327 904 3402 rpso
929 3307 1102 3384 ldiobaele
1126 3307 1249 3384 Scotto
1274 3309 1397 3384 audivi
1422 3311 1538 3385 multa

373 3450 457 3523 quae
483 3434 614 3523 reputo
640 3427 759 3522 potius
790 3426 872 3502 fleta
897 3447 1010 3521 quam
1036 3428 1205 3504 luem-
1225 3432 1314 3502 Vedi.
1341 3429 1407 3504 llio
1423 3430 1564 3561 Virgi-

372 3550 441 3624 lius
467 3547 632 3621 nominat
654 3547 768 3621 alium
794 3545 1035 3622 divinatorem
1057 3549 1275 3624 modernum
1293 3548 1466 3625 italicum.
1486 3505 1564 3625 ld

370 3671 475 3745 euius
509 3667 754 3764 coguitionem
786 3671 842 3742 est
874 3666 1075 3762 sciendum,
1109 3669 1208 3762 quod
1238 3669 1306 3744 iste
1330 3671 1398 3744 luit
1422 3671 1561 3746 Guido-

370 3789 545 3864 Bonattus
571 3807 728 3883 maguus
752 3786 957 3882 astrologus
982 3787 1124 3862 uomitis
1140 3765 1314 3864 Guidonis
1339 3789 1469 3864 famosi
1492 3790 1539 3866 de

371 3909 620 4001 llonteieltr03
647 3912 795 3982 etcum
821 3905 898 4000 ipse
922 3927 1047 3981 comes
1074 3913 1215 3984 teneret
1241 3908 1451 4004 lorlivium,
1473 3931 1539 4006 pa-

370 4028 477 4103 triam
502 4027 614 4123 ipsius
633 4025 807 4101 Guidonis
830 4026 869 4101 in
893 4025 1143 4120 Romandiola,
1174 4027 1236 4100 ubi
1267 4034 1347 4102 erat
1372 4029 1538 4123 princeps

369 4149 481 4245 partis
518 4147 735 4244 ghibelliuae,
767 4146 941 4223 utebatur
973 4145 1121 4220 oonsilio
1152 4131 1255 4221 istius
1292 4147 1465 4243 astrologi
1500 4147 1537 4222 in

369 4267 540 4344 omuibus
571 4265 731 4362 agendis.
764 4266 808 4339 lu
845 4266 931 4341 satis
969 4271 1138 4340 constans
1174 4266 1295 4361 opinio
1333 4266 1536 4341 multorum

368 4389 447 4484 luit,
471 4388 571 4481 quod
596 4387 673 4481 ipse
697 4385 896 4461 obtinuerit
911 4377 947 4478 (³)
976 4386 1110 4461 multas
1135 4387 1305 4463 victorias
1322 4395 1449 4463 contra
1469 4387 1537 4463 bo-

368 4508 570 4601 nonienses,
597 4513 634 4581 et
657 4506 748 4580 alios
772 4505 1001 4580 adversarios
1026 4527 1125 4601 suos,
1151 4527 1264 4603 opera
1276 4497 1313 4601 (⁸)
1329 4507 1433 4582 istius
1448 4507 1539 4583 Gui-

367 4627 479 4702 donis.
506 4628 577 4700 lete
607 4625 724 4700 Guido
756 4625 925 4719 quamvis
957 4632 1192 4721 reputaretur
1220 4649 1243 4702 a
1270 4628 1385 4723 ¹uulgo
1416 4628 1538 4703 fatuus

369 4753 406 4821 et
430 4745 686 4840 phantasticus,
713 4751 837 4821 tamen
863 4765 959 4841 saepe
984 4745 1197 4820 mirabiliter
1217 4747 1414 4842 judicabat.
1445 4748 1535 4822 Nam

428 4928 758 4991 (bttulnrntrmetnna
774 4929 918 4980 euolutam.
982 4927 1216 4993 (pupulnbuur
1202 4929 1330 4994 rursCorp
1347 4931 1457 4982 Domini.

429 5005 458 5068 (b
473 5005 498 5056 8.
515 5004 587 5057 obtin
588 5010 652 5056 eret.
978 5005 1054 5069 (⁸.)ss
1070 5007 1199 5070 operibns.
