4606 6840
687 936 759 1005 302
958 1003 962 1012 ,
1084 946 1288 1005 comum
1311 949 1462 1006 munitm

687 1091 757 1169 b'us
782 1094 922 1171 obtinui
948 1115 1100 1192 magnas
1124 1095 1303 1172 victorias.
1329 1098 1406 1172 lloc
1439 1117 1507 1192 pro
1540 1104 1642 1174 tanto
1675 1095 1760 1174 dicit
1793 1119 1858 1174 co-

688 1234 779 1309 mes,
796 1215 882 1310 quia
903 1215 1184 1312 imaginabatur,
1201 1216 1300 1310 quod
1317 1225 1427 1293 autor
1443 1223 1539 1292 esset
1555 1216 1686 1312 aliquis
1702 1224 1859 1313 astutus,

687 1334 893 1428 damnatus,
925 1334 988 1428 qui
1020 1355 1140 1430 nuper
1165 1335 1323 1410 venisset
1347 1335 1393 1410 ad
1418 1356 1578 1431 poenam.
1604 1337 1707 1412 Unde
1730 1337 1778 1412 ad
1803 1330 1880 1413 in³

689 1445 922 1550 telligendam
954 1454 1059 1530 istam
1092 1454 1235 1528 literam
1268 1465 1323 1532 est
1347 1454 1509 1531 breviter
1534 1456 1734 1552 sciendum,
1760 1457 1860 1552 quod

688 1572 757 1646 iste
781 1591 905 1647 comes
930 1569 1092 1646 lamosus
1117 1578 1155 1647 et
1180 1572 1264 1647 ielix
1290 1573 1328 1647 iu
1355 1575 1497 1669 proelio,
1513 1595 1610 1671 saepe
1630 1581 1768 1652 terram
1784 1577 1859 1652 llo-

688 1690 882 1765 mandiolae
906 1690 1099 1766 madefecit
1123 1691 1302 1787 sanguine
1327 1694 1455 1768 multo.
1482 1694 1573 1767 Nam
1599 1715 1621 1768 a
1646 1695 1771 1769 multis
1790 1716 1860 1770 no·

688 1816 806 1884 tatum
840 1816 905 1904 est,
940 1810 1039 1905 quod
1072 1810 1139 1886 iste
1173 1831 1297 1886 comes
1331 1812 1448 1888 iactus
1477 1814 1686 1909 capitaneus
1711 1815 1795 1890 belli
1821 1816 1858 1890 in

687 1929 927 2005 Romandiola
953 1929 1051 2006 dedit
1074 1931 1202 2006 decem
1225 1937 1261 2006 et
1279 1939 1418 2027 septem
1436 1932 1623 2008 conllictus
1638 1933 1858 2010 adversariis

688 2050 774 2143 suis,
788 2055 826 2126 et
842 2049 1025 2144 precipue
1037 2050 1331 2145 bononiensibus,
1346 2051 1409 2146 qui
1427 2072 1513 2126 cum
1531 2073 1731 2128 numeroso
1747 2073 1858 2130 exer·

687 2169 762 2243 citu
796 2175 974 2243 venerant
1007 2169 1054 2242 ad
1088 2169 1304 2246 vastandum
1338 2189 1448 2266 agros
1479 2170 1761 2267 faventinorum,
1792 2173 1857 2248 ubi

687 2288 927 2362 bononienses
960 2290 1098 2382 exules,
1130 2287 1194 2383 qui
1226 2289 1441 2364 dicebantur
1472 2289 1726 2386 Lambertacii,
1751 2299 1859 2367 erant

690 2409 873 2504 receptati.
906 2409 1019 2505 Igitur
1050 2428 1148 2484 annu
1179 2409 1323 2483 Domini
1349 2409 1565 2485 MCCLXXV
1590 2429 1714 2486 comes
1739 2409 1857 2485 Guido

691 2546 778 2599 cum
813 2526 982 2600 exulibus
1006 2527 1288 2602 bononiensibus
1313 2533 1350 2602 et
1374 2528 1453 2603 aliis
1484 2528 1559 2602 suis
1590 2528 1720 2602 invasit
1744 2530 1861 2603 bono-

694 2644 836 2719 nienses
851 2637 888 2737 (¹)
914 2645 1010 2740 apud
1036 2651 1183 2741 pontem
1209 2646 1323 2720 sancti
1346 2647 1503 2742 Proculi,
1521 2647 1585 2740 qui
1601 2647 1709 2724 distat
1739 2669 1762 2724 a
1790 2647 1860 2722 Fa·

692 2762 812 2837 ventia
846 2783 913 2857 per
947 2763 1016 2838 tria
1050 2764 1237 2858 milliaria;
1268 2784 1428 2858 quorum
1462 2766 1539 2840 dux
1569 2773 1649 2842 erat
1673 2767 1858 2843 llalatesta

691 2880 832 2977 primus
865 2882 912 2958 de
945 2883 1118 2957 Arimino.
1153 2883 1302 2978 Equites
1338 2882 1579 2960 bononienses
1615 2885 1662 2959 ad
1695 2885 1857 2979 primum

688 3009 876 3096 aspectum
893 2993 930 3095 (²)
963 3002 1121 3076 bostium
1154 3002 1373 3098 trepidantes
1386 2993 1425 3096 (³)
1456 3002 1582 3100 lugam
1614 3011 1791 3098 oeperunt
1806 2992 1855 3096 (⁸).

688 3119 793 3195 Acies
824 3140 913 3195 vero
944 3121 1106 3217 peditum
1138 3121 1264 3198 videns
1288 3143 1374 3197 suos
1399 3122 1601 3219 praecipites
1625 3123 1766 3219 lugere,
1792 3121 1857 3197 lir-

689 3245 886 3314 maverunt
918 3240 1055 3338 iugum.
1092 3242 1223 3318 Comes
1256 3242 1517 3338 superveniens
1542 3242 1626 3317 lecit
1649 3241 1857 3318 denuntiari

689 3359 753 3452 eis,
779 3365 821 3432 ut
846 3359 1008 3436 iacerent
1031 3359 1264 3454 deditionem,
1288 3367 1488 3455 antequam
1509 3361 1709 3436 crudeliter
1725 3361 1857 3457 perde-

690 3486 820 3554 rentur
833 3471 891 3571 (⁶):
918 3480 1017 3573 quod
1050 3479 1100 3552 illi
1134 3487 1309 3575 negantes
1341 3479 1550 3555 condensati
1583 3486 1669 3555 sunt
1697 3481 1858 3556 intense

690 3598 820 3691 taliter,
854 3597 954 3691 quod
987 3597 1130 3671 stabant
1159 3598 1222 3671 fixi
1247 3599 1352 3693 quasi
1377 3598 1595 3693 immobiles,
1620 3599 1669 3673 ita
1693 3604 1736 3670 ut
1761 3599 1859 3674 vires

690 3738 764 3792 non
797 3717 976 3792 baberent
1006 3717 1053 3791 ad
1087 3737 1192 3792 arma
1225 3717 1419 3792 movenda.
1450 3718 1505 3790 Ex
1535 3737 1610 3811 quo
1635 3717 1860 3792 irruentibus

689 3837 853 3912 bostibus
887 3836 981 3911 lacta
1012 3843 1067 3912 est
1097 3857 1229 3934 magna
1255 3835 1383 3930 caedes,
1409 3836 1592 3932 precipue
1616 3835 1665 3910 ab
1688 3835 1859 3911 exulibus

689 3957 992 4052 bononiensibus;
1017 3965 1142 4033 tamen
1168 3957 1285 4053 magis
1310 3955 1583 4051 constipatione,
1609 3976 1723 4049 quam
1747 3955 1857 4049 terro,

689 4097 730 4153 se
746 4099 786 4153 se
802 4077 1068 4174 opprimebant,
1086 4083 1123 4152 et
1140 4076 1197 4150 siti
1214 4082 1252 4152 et
1268 4076 1394 4152 calore
1410 4081 1448 4151 et
1463 4073 1634 4171 angustia
1649 4073 1859 4150 morieban-

690 4205 763 4271 tur.
789 4198 919 4275 llostes
948 4197 1105 4273 victores
1136 4196 1237 4271 ditati
1271 4202 1356 4270 suut
1388 4195 1509 4292 spoliis
1541 4194 1712 4269 bostium.
1737 4192 1857 4287 Aliqui

690 4327 816 4394 tamen
840 4317 1073 4394 crediderunt
1086 4309 1124 4409 (⁶)
1142 4315 1241 4412 quod
1267 4315 1334 4392 iste
1363 4315 1538 4390 mirabilis
1562 4312 1751 4389 conllictus
1776 4312 1857 4387 iue-

691 4441 736 4514 rit
760 4459 835 4515 non
860 4439 980 4512 solum
1006 4456 1119 4532 opera
1143 4435 1285 4512 comitis
1310 4435 1497 4528 (luidonis,
1518 4433 1581 4509 sed
1605 4431 1717 4507 etiam
1743 4450 1856 4525 opera

688 4557 839 4633 alterius
863 4555 1015 4647 comitis,
1042 4554 1106 4650 qui
1131 4565 1211 4631 erat
1235 4574 1281 4629 ex
1308 4561 1414 4649 parte
1439 4550 1744 4644 bononiensium3
1769 4569 1855 4624 nam

690 4675 839 4770 quidam
865 4693 989 4750 comes
1013 4674 1060 4750 de
1084 4673 1217 4749 Panico
1233 4673 1365 4749 dicitur
1383 4672 1629 4768 proclamasse
1645 4670 1683 4744 in
1704 4658 1855 4767 iuga(⁷):

752 4891 780 4954 (¹)
797 4894 850 4951 ¹¹⁶.
866 4890 1019 4942 Quonim·
1247 4887 1276 4951 (¹)
1293 4893 1347 4948 nc,
1364 4895 1542 4952 conopectum.

753 4965 780 5031 (⁸)
794 4966 821 5019 S.
838 4965 995 5030 mutantes
1010 4965 1108 5032 buram.
1247 4965 1275 5027 θ)
1291 4965 1322 5016 Β.
1339 4969 1489 5030 rapuerunt.

753 5045 780 5108 Γ)
796 5045 821 5096 S.
838 5043 985 5110 perderent.
1249 5040 1277 5105 (⁸)
1293 5040 1325 5092 ll.
1341 5041 1459 5093 crolum.
1583 5039 1610 5105 (⁷)
1626 5039 1652 5092 S.
1668 5039 1696 5090 lo
1711 5037 1809 5102 turm.
