4566 6844
701 933 840 989 cunnus
865 936 1079 991 rnrunsruus
1104 936 1280 1002 noturus.
1504 926 1573 992 567

405 1081 551 1178 propria
585 1079 735 1154 intentio
749 1072 787 1172 (¹)
820 1079 970 1174 autoris,
1007 1081 1092 1174 quia
1129 1081 1292 1156 nondum
1322 1082 1578 1156 nominaverat

405 1201 512 1275 islam
538 1205 721 1293 quartam,
736 1199 924 1296 regionem
957 1200 1085 1296 glaciei
1120 1201 1267 1276 nomine
1292 1201 1451 1297 proprio,
1483 1200 1579 1276 sicut

406 1321 659 1395 nominaverat
683 1319 772 1392 alias
797 1325 883 1412 tres,
909 1319 1045 1394 scilicet
1074 1319 1260 1415 Cbainam,
1292 1321 1576 1415 Antbenoream

405 1440 678 1514 Ptbolomaeam.
696 1439 781 1514 ideo
798 1459 897 1514 nunc
914 1440 1078 1514 nominat
1095 1446 1266 1534 quartam
1282 1432 1335 1534 (²),
1361 1439 1497 1516 scillcet
1513 1440 1579 1513 lu-

405 1560 577 1653 decbam;
603 1566 640 1634 ot
664 1565 788 1634 tamen
814 1565 974 1653 utraque
998 1559 1175 1654 expositio
1200 1559 1373 1654 importat
1398 1557 1572 1634 eumdem

406 1700 567 1774 sensum,
594 1680 681 1773 quia
706 1680 808 1776 regio
834 1680 994 1773 ludaico,
1019 1687 1056 1753 et
1076 1679 1237 1753 ludecba
1262 1689 1498 1775 opponuntur
1519 1680 1576 1754 isti

405 1821 529 1896 parvae
554 1820 693 1895 sperae3
718 1801 782 1875 sed
808 1801 967 1874 ludecba
996 1800 1111 1896 magis
1142 1801 1352 1878 immediate
1378 1807 1413 1876 et
1439 1801 1574 1877 stricte.

407 1960 457 1974 -
472 1925 546 2009 Qui.
578 1922 643 1996 llic
676 1921 846 2017 Virgilius
876 1920 1071 2017 respondet
1107 1921 1247 1994 ultimae
1280 1922 1482 2015 quaestioni,
1520 1921 1577 1996 di-

405 2060 511 2115 cens:
538 2043 597 2136 qui
620 2035 642 2113 r*
662 2042 712 2113 da
728 2060 823 2131 man,
841 2039 986 2133 scilicet,
1010 2039 1047 2114 in
1064 2039 1132 2114 isto
1157 2040 1377 2135 hemisperio
1402 2039 1575 2134 inferiori,

404 2163 545 2252 quando
575 2163 613 2234 di
640 2150 676 2234 ld
709 2158 731 2235 d
765 2181 864 2252 sera,
895 2160 1029 2236 scilicet
1061 2161 1098 2234 in
1128 2161 1347 2257 hemisperio
1381 2160 1574 2256 superiori,

403 2282 496 2382 sicut
522 2280 559 2354 in
584 2281 721 2374 ludaea,
744 2287 785 2354 ut
809 2280 952 2355 dicetur
976 2283 1075 2356 clare
1100 2281 1137 2354 in
1163 2281 1271 2356 tertio
1295 2281 1454 2376 capitulo
1479 2283 1575 2356 Pur-

401 2401 553 2498 gatorii3
580 2407 618 2476 et
648 2399 836 2475 considera
871 2401 969 2494 quod
1002 2401 1172 2497 Virgilius
1206 2422 1293 2475 cum
1319 2402 1482 2496 loquitur
1515 2401 1574 2476 bic

402 2540 488 2595 cum
514 2529 645 2597 autore
670 2526 725 2594 est
750 2520 923 2594 continuo
941 2520 977 2593 in
994 2520 1054 2594 illa
1070 2527 1175 2615 parte
1196 2527 1305 2595 terrae
1322 2521 1485 2615 opposita
1507 2540 1576 2594 no-

402 2648 499 2715 strae.
526 2640 663 2715 Deinde
688 2641 880 2736 respondet
900 2641 1070 2715 secundas
1092 2647 1131 2716 et
1145 2641 1274 2736 primae
1292 2641 1493 2736 quaestioni,
1519 2641 1575 2715 di-

404 2781 514 2838 cens:
540 2785 560 2835 c
584 2766 704 2854 questi,
730 2761 864 2837 scilicet
888 2761 1043 2855 Lucifer,
1070 2763 1130 2834 cto
1149 2766 1251 2856 nese
1274 2766 1372 2836 scoto
1396 2766 1453 2853 ool
1477 2766 1571 2856 pelo,

405 2883 491 2975 quia
516 2901 583 2977 per
607 2883 684 2956 alas
717 2881 796 2956 eius
829 2881 959 2977 pilosas
990 2880 1244 2956 descendimus
1273 2880 1321 2956 ad
1353 2882 1506 2957 fundum
1523 2873 1571 2974 (³),

403 3005 477 3094 fitto
508 2997 529 3076 θ’
560 3021 709 3092 ancora,
740 2994 769 3074 sd
801 3023 897 3074 come
925 3004 1123 3094 prtm’era,
1158 3000 1259 3096 idest,
1285 3021 1332 3076 eo
1365 3003 1474 3078 modo
1504 3009 1574 3080 stat

407 3143 481 3216 quo
497 3110 533 3213 (⁸)
560 3128 600 3194 tu
626 3121 744 3196 uidisti
769 3122 888 3217 primo
913 3142 1013 3216 eum,
1032 3141 1099 3196 uec
1119 3127 1175 3196 est
1201 3127 1365 3196 mutatus
1385 3121 1422 3195 in
1438 3123 1573 3216 aliquo,

407 3243 468 3317 scd
496 3249 535 3316 tu
564 3243 711 3317 mutasti
729 3243 861 3316 locum.
881 3243 924 3317 Et
940 3243 986 3317 ad
1003 3240 1286 3317 declarationem
1307 3242 1488 3317 dictorum
1510 3243 1575 3317 de-

407 3363 531 3439 scribit
556 3383 683 3438 casum
709 3362 853 3456 diaboli,
879 3383 945 3457 per
970 3381 1081 3457 quem
1102 3363 1217 3436 factus
1243 3369 1297 3436 est
1316 3362 1490 3436 infernus.
1513 3362 1575 3436 bi-

407 3486 455 3560 cit
480 3504 592 3580 ergo:
627 3490 664 3558 et
688 3484 749 3557 ille
781 3483 936 3578 Lucifer,
971 3486 1081 3557 cedde
1104 3478 1164 3575 ptri
1189 3486 1253 3556 dul
1275 3485 1361 3556 octo
1385 3487 1434 3556 do
1459 3491 1579 3576 poeste

405 3611 521 3697 purte,
548 3603 640 3678 idest
662 3602 709 3677 ab
734 3603 802 3677 isto
832 3603 1051 3698 hemisperio
1077 3603 1250 3698 inferiori,
1276 3603 1341 3677 ubi
1371 3611 1452 3679 erat
1479 3625 1577 3679 nunc

406 3724 594 3819 Virgilius3
620 3729 657 3797 et
683 3744 755 3796 non
781 3723 959 3819 intelligas
984 3724 1082 3819 quod
1108 3723 1279 3799 ceciderit
1295 3725 1342 3798 ab
1364 3725 1433 3799 isto
1451 3732 1576 3801 nostro

406 3842 624 3937 hemisperio
649 3843 841 3936 superiori,
867 3841 961 3916 sicut
986 3843 1135 3935 quidam
1159 3850 1298 3936 ponunt
1322 3850 1360 3918 et
1386 3853 1574 3938 exponunt

404 3964 505 4056 falso,
531 3963 617 4056 quia
643 3968 731 4034 tunc
756 3960 901 4036 Lucifer
929 3961 1155 4056 apparuisset
1186 3961 1307 4035 autori
1338 3981 1425 4036 cum
1456 3965 1574 4058 capite

404 4085 577 4159 deorsum
603 4080 750 4175 quando
772 4079 967 4173 descendit,
993 4081 1099 4155 cuius
1124 4080 1350 4155 contrarium
1376 4081 1460 4176 fuit3
1488 4083 1573 4177 quia

404 4205 624 4278 invenerunt
660 4221 750 4275 eum
784 4221 870 4276 cum
904 4200 1022 4296 capite
1054 4200 1212 4294 desuper
1245 4220 1374 4276 versus
1410 4208 1572 4278 nostram

405 4333 543 4400 terram
568 4321 802 4396 habitabilem
828 4327 1027 4415 antequam
1047 4321 1243 4394 transirent
1259 4327 1440 4396 centrum.
1459 4323 1502 4395 Et
1519 4321 1574 4396 di-

403 4445 452 4518 cit
477 4443 575 4537 quod
602 4448 702 4517 terra
727 4447 899 4535 cooperta
919 4440 986 4515 fuit
1010 4461 1033 4515 a
1060 4439 1153 4512 muri
1171 4440 1304 4514 timore
1321 4439 1401 4514 eius
1418 4439 1575 4515 Luciferi

402 4565 449 4639 ab
474 4563 532 4638 illa
558 4567 675 4657 parto,
694 4567 730 4636 et
747 4559 854 4635 cessit
879 4565 916 4634 et
942 4560 1041 4636 venit
1056 4560 1102 4634 ad
1121 4557 1382 4654 hemisperium
1404 4566 1572 4636 nostrum

403 4683 501 4779 quod
527 4682 722 4757 habitatur.
749 4681 930 4756 Construe
945 4673 982 4774 (⁵)
1008 4687 1045 4756 et
1069 4677 1495 4776 exponentemque
1520 4692 1576 4760 ast

464 4899 493 4962 (¹)
509 4900 540 4950 Β·
558 4912 631 4950 Μ’
647 4900 753 4950 tutoris·
1044 4896 1072 4960 (¹)
1089 4899 1119 4948 ll.
1135 4903 1254 4963 quartam
1270 4900 1418 4960 Iudaicam
1435 4905 1462 4950 et
1478 4905 1573 4954 umen.

465 4977 491 5038 t‘t
509 4980 564 5035 1¹⁶·
582 4973 748 5038 Profundum·
1042 4975 1069 5038 ε’)
1085 4975 1115 5026 li.
1131 4978 1197 5028 dent
1213 4978 1298 5041 primo
1313 4976 1397 5028 rldlsti
1412 4990 1484 5028 eum.

463 5055 491 5116 (⁸)
507 5053 539 5105 B.
555 5053 681 5105 &nebus
697 5065 761 5118 argo
776 5059 803 5105 et
819 5067 926 5118 expone.
