4550 6844
695 939 768 1006 128
1095 953 1300 1010 commi
1323 955 1476 1010 mmm

694 1096 812 1172 sima:
842 1105 963 1192 prosto
996 1119 1105 1174 vome
1136 1121 1161 1173 a
1188 1121 1320 1194 poscor
1351 1121 1419 1174 oon
1451 1119 1547 1190 esso,
1580 1098 1718 1174 scilioet
1750 1106 1869 1194 patre,

692 1219 918 1312 [nlsifimrtdo
940 1239 979 1290 se
1001 1221 1040 1291 io
1064 1221 1172 1293 αἱιηιὲ
1192 1225 1329 1316 formo,
1345 1219 1433 1314 qrnia
1451 1218 1589 1292 scilicet
1609 1217 1701 1292 falso
1724 1237 1870 1294 assum-

695 1338 765 1434 psit
790 1337 949 1412 iormam
973 1338 1124 1414 alterius
1149 1340 1310 1437 uirginis,
1327 1340 1412 1418 linet
1427 1359 1475 1414 ex
1497 1337 1630 1413 fraude
1646 1339 1781 1413 retuiae
1797 1360 1870 1414 nu-

696 1456 796 1532 tricis
820 1476 910 1550 suae,
928 1477 1013 1550 quae
1031 1456 1184 1534 dederat
1207 1459 1276 1533 sibi
1300 1460 1368 1554 iac,
1385 1465 1425 1534 et
1440 1465 1566 1553 postea
1581 1457 1679 1532 dedit
1692 1451 1730 1550 (¹)
1756 1459 1868 1534 talem

695 1576 913 1670 doctrinam,
929 1597 1026 1650 corae
1044 1581 1188 1670 cauo,
1200 1580 1348 1673 scilicet,
1364 1580 1547 1654 iohannes
1557 1570 1595 1670 (²)
1608 1577 1784 1671 Schiochi,
1809 1581 1870 1652 rie

693 1717 757 1770 sen
781 1717 828 1769 oo
852 1685 903 1789 td,
928 1696 1064 1772 scilicet
1088 1697 1260 1792 furiosus,
1281 1698 1344 1793 qui
1362 1697 1561 1773 momordit
1577 1697 1718 1772 socium
1739 1716 1868 1772 meum

695 1823 773 1892 tam
807 1816 940 1911 inepte,
972 1823 1144 1908 sostcnne,
1172 1817 1276 1912 idest,
1307 1839 1436 1913 passus
1466 1823 1534 1911 est,
1559 1819 1733 1912 [medicor
1761 1819 1801 1890 io
1830 1837 1869 1892 rc

694 1941 788 2010 Boso
813 1939 959 2029 Donati,
982 1936 1090 2012 cuius
1113 1957 1309 2031 personam
1340 1936 1467 2030 induit,
1493 1939 1663 2028 testando,
1688 1935 1780 2010 idest
1809 1941 1867 2012 tc-

693 2063 916 2132 stamentum
941 2056 1142 2151 condendo,
1163 2079 1183 2130 e
1206 2059 1327 2131 doado
1352 2061 1392 2130 at
1414 2064 1614 2131 mtomutto
1635 2077 1778 2148 norma,
1810 2058 1865 2132 ie-

690 2195 778 2272 gem
791 2166 828 2268 (³)
856 2182 894 2250 et
918 2175 1077 2250 sormam
1102 2176 1286 2252 diversam
1311 2177 1360 2252 ab
1384 2176 1445 2251 illa
1474 2197 1588 2270 quam
1616 2175 1768 2252 dederat
1792 2176 1866 2252 Bo-

690 2294 766 2368 sius
797 2295 885 2390 ipse.
918 2295 963 2368 Et
993 2315 1081 2370 ecce
1109 2315 1227 2389 quare
1256 2295 1341 2370 iecit
1370 2302 1446 2371 tam
1477 2296 1651 2371 infamem
1683 2295 1865 2390 fraudem,

687 2435 754 2508 prr
787 2417 1004 2507 qtmdoynor
1040 2419 1077 2489 to
1107 2417 1230 2488 donna
1261 2418 1354 2490 dedo
1388 2423 1520 2508 mnne,
1550 2415 1696 2510 scilicet,
1727 2435 1863 2510 equam

692 2557 776 2630 qua)
801 2543 883 2610 erat
906 2543 1018 2631 caput
1040 2535 1211 2630 armenti,
1228 2536 1334 2630 quasi
1353 2535 1469 2610 dicat:
1490 2555 1558 2631 pro
1573 2541 1649 2610 tam
1670 2535 1730 2608 vili
1748 2535 1865 2630 pretio

691 2656 863 2730 sustinuit
888 2656 1010 2730 iacere
1034 2663 1111 2732 tam
1138 2656 1278 2731 tristem
1292 2643 1330 2748 (⁸)
1356 2655 1537 2750 fraudem,
1555 2655 1642 2749 quia
1658 2655 1696 2729 in
1716 2656 1866 2731 nomine

690 2775 824 2850 diaboli
849 2776 906 2852 sui
932 2797 1006 2852 non
1031 2783 1113 2852 erat
1138 2776 1205 2850 nisi
1231 2797 1305 2852 una
1330 2775 1470 2850 caballa
1486 2767 1536 2868 (⁵),
1561 2783 1599 2850 et
1625 2775 1865 2852 erat-nobilis

691 2899 804 2972 homo
828 2904 866 2971 ct
889 2897 938 2972 de
962 2897 1073 2972 nobili
1098 2897 1220 2972 domo.
1238 2897 1317 2971 Non
1339 2896 1392 2970 sic
1408 2896 1575 2970 Plautina
1599 2916 1696 2970 uxor
1718 2895 1864 2970 Traiani

690 3016 933 3113 imperatoris,
958 3037 1043 3112 quae
1068 3023 1217 3092 mortuo
1242 3017 1410 3110 Traiano,
1435 3006 1698 3108 subornavitd)
1726 3016 1861 3110 uirum,

688 3135 753 3231 qui
778 3135 926 3211 intravit
950 3137 1087 3212 lectum
1113 3137 1195 3211 loco
1224 3135 1382 3230 Traiani,
1407 3141 1445 3210 et
1475 3135 1628 3209 instituit
1658 3135 1861 3210 Adrianum

688 3256 862 3332 heredem
898 3256 1053 3352 imperii,
1088 3275 1201 3350 quem
1234 3255 1419 3352 diligebat,
1452 3254 1547 3329 sicut
1584 3253 1709 3329 scribit
1744 3254 1862 3330 AElius

687 3375 927 3471 Lampridius

761 3501 794 3568 Ε
810 3497 958 3588 poiche
981 3499 996 3569 i
1019 3497 1101 3568 dato.
1128 3495 1199 3570 lsta
1223 3501 1279 3569 est
1302 3493 1463 3570 secunda
1488 3513 1574 3588 pars
1604 3494 1799 3589 generalis,
1824 3494 1861 3568 in

687 3636 763 3711 qua
787 3621 897 3691 autor
921 3622 1054 3690 tractat
1077 3615 1124 3690 de
1149 3614 1257 3690 tertia
1282 3613 1403 3708 specie
1429 3613 1644 3688 falsatorem
1668 3612 1861 3688 falsifican-

686 3737 781 3811 tium
808 3741 995 3810 monetam
1022 3735 1059 3808 in
1085 3754 1160 3808 ono
1185 3733 1312 3830 spiritu
1341 3732 1530 3808 moderno.
1556 3734 1601 3807 Et
1625 3733 1745 3829 primo
1770 3753 1860 3808 cou-

686 3856 834 3932 tinuans
858 3855 953 3931 dicta
977 3854 1148 3950 dicendis,
1174 3854 1330 3950 disponit
1344 3844 1382 3947 (⁷)
1403 3873 1444 3929 se
1467 3854 1514 3928 ad
1539 3859 1755 3949 sequentem
1780 3873 1861 3928 ma-

686 3977 831 4072 teriam,
856 3975 999 4052 dicens:
1024 3997 1044 4050 c
1066 3978 1239 4049 fleotomi
1262 3995 1287 4047 o
1310 3978 1475 4066 puordor
1495 3978 1858 4067 praesummant,

685 4097 788 4192 idest,
809 4097 974 4172 converti
998 4096 1165 4172 animum
1191 4101 1230 4171 et
1253 4096 1388 4192 stylum
1414 4115 1543 4204 meum
1559 4093 1607 4168 ad
1624 4094 1860 4170 consideran-

685 4218 775 4294 dum
802 4217 891 4292 alios
917 4217 1115 4310 rancores,
1142 4215 1206 4310 qui
1235 4215 1314 4289 aliis
1342 4213 1615 4288 infirmitatibus
1639 4220 1746 4289 erant
1769 4235 1858 4311 gra-

685 4339 771 4434 vati,
791 4341 857 4432 poi
871 4339 932 4412 cie
946 4340 961 4411 i
976 4340 1045 4412 duo
1061 4338 1229 4427 rabono,
1253 4335 1403 4430 scilicet,
1427 4336 1574 4432 Myrrha
1591 4341 1630 4410 et
1645 4325 1854 4425 Schicchi(⁸)

684 4459 824 4554 furiosi,
840 4479 952 4552 sopra
970 4460 1026 4532 cui
1049 4460 1085 4530 io
1110 4477 1200 4530 noea
1221 4463 1334 4530 omo
1359 4458 1526 4547 torcino,
1543 4454 1689 4548 scilicet,
1714 4454 1856 4529 intelie-

684 4580 845 4654 ctualem
871 4577 1137 4673 speculationis,
1160 4581 1246 4671 soor
1271 4580 1420 4670 passati,
1446 4576 1550 4670 idest,
1576 4581 1809 4650 recesserunt
1833 4596 1856 4650 a

748 4768 775 4830 (¹)
792 4771 846 4826 tro,
863 4765 934 4816 dedit
949 4765 997 4815 sibi
1013 4765 1166 4816 doctrinam.
1359 4765 1386 4827 (¹)
1404 4767 1434 4815 Ε.
1451 4765 1554 4816 vannos
1569 4763 1697 4814 Schicciri.

746 4843 774 4908 (ἢ
790 4841 817 4895 S.
832 4857 847 4893 e
864 4841 895 4894 Ε.
912 4841 986 4902 idest,
1003 4841 1097 4906 legem.
1359 4843 1387 4904 ε’)
1404 4847 1459 4904 tte,
1475 4839 1644 4894 vilem—li.
1659 4839 1793 4891 infamem

748 4921 776 4984 (⁸)
792 4920 823 4971 E.
838 4933 914 4985 qun,
929 4925 957 4971 ct
972 4925 1030 4970 crat
1046 4920 1100 4984 ipse
1116 4920 1219 4971 nobilio.

747 4997 775 5060 (⁸)
790 4997 815 5048 S.
832 4997 982 5048 subornarit
997 5010 1089 5060 unum,
1105 4997 1264 5062 qui-tto,
1280 4997 1430 5062 ruhropnrit
1444 5010 1536 5055 unum,
1553 4995 1607 5060 qui.

745 5073 773 5136 (¹)
790 5078 844 5136 tro.
861 5073 987 5138 disposuit
1001 5085 1038 5124 ne.
1357 5076 1385 5138 ζ’)
1400 5074 1427 5126 S.
1443 5073 1545 5126 vnnnu
1561 5071 1675 5124 Schichi.
