4606 6840
664 939 735 1006 296
1059 949 1265 1007 conunrurr
1289 953 1440 1008 nummu

664 1097 716 1170 vit
748 1094 795 1170 ad
824 1114 935 1170 sunm
969 1101 1113 1170 motum
1138 1099 1429 1192 connaturalem,
1454 1097 1536 1174 ideo
1560 1097 1668 1173 dicit:
1694 1099 1837 1172 ecbola

661 1239 728 1310 per
751 1237 824 1290 aon
847 1218 906 1290 dir
925 1211 1003 1309 pict,
1028 1215 1130 1310 idest,
1157 1222 1199 1290 ut
1224 1237 1296 1292 non
1322 1218 1539 1312 loqueretur
1563 1217 1732 1313 amplius,
1750 1217 1838 1312 quia

665 1338 799 1434 Ulyxes
823 1336 961 1412 fecerat
986 1334 1097 1410 finem
1122 1336 1286 1414 sermoni
1301 1335 1339 1410 in
1355 1357 1423 1412 sua
1448 1335 1580 1412 infelici
1599 1347 1737 1430 morte3
1755 1335 1837 1412 ideo

664 1456 760 1532 bene
790 1454 898 1531 dicit:
929 1476 948 1528 c
978 1445 1039 1546 pet
1069 1475 1131 1528 sco
1154 1447 1227 1548 plu,
1254 1455 1357 1548 idest,
1384 1455 1588 1551 recedebat,
1613 1459 1663 1530 do
1686 1460 1748 1530 noi
1770 1476 1838 1529 con

666 1581 703 1651 lo
727 1578 873 1649 licorzia
902 1576 963 1647 dcl
993 1577 1089 1648 dolce
1114 1583 1234 1668 poeto,
1268 1575 1404 1651 scilicet
1433 1576 1518 1651 duta
1549 1576 1616 1650 sibi
1641 1596 1665 1651 a
1688 1574 1839 1673 Virgilio

665 1716 732 1792 per
757 1695 871 1769 verba
891 1693 1046 1769 dulciter
1071 1693 1274 1789 allicienda,
1300 1715 1385 1790 quae
1409 1695 1621 1770 scribuntur
1646 1695 1756 1790 paulo
1782 1695 1839 1768 in-

665 1816 735 1910 ira,
760 1815 824 1888 ubi
849 1814 956 1892 dicit:
982 1817 1055 1887 isso
1072 1823 1126 1888 ten
1144 1810 1264 1908 cupid
1284 1835 1357 1888 nou
1381 1819 1550 1890 tudizzo.
1569 1817 1612 1888 Et
1634 1825 1719 1892 nota
1737 1816 1837 1909 quod

664 1942 774 2010 autor
791 1935 871 2008 vult
887 1954 933 2009 ex
956 1935 1025 2009 hoc
1045 1934 1212 2028 innuere,
1230 1933 1330 2028 quud
1349 1935 1552 2010 secundum
1566 1934 1746 2031 judicium
1758 1954 1837 2008 sue

666 2054 814 2130 rationis
835 2055 913 2151 jam
938 2054 1024 2131 satis
1054 2055 1197 2130 dixerat
1228 2054 1274 2130 de
1304 2054 1420 2151 Ulyxe
1444 2053 1629 2151 *antiquo
1654 2062 1836 2151 quantum

666 2175 822 2250 materia
847 2175 983 2269 patitur
1007 2175 1117 2249 buius
1142 2179 1342 2270 tractatus;
1367 2174 1449 2251 ideo
1476 2176 1637 2252 restabat
1652 2175 1775 2252 dicere
1791 2176 1838 2251 de

666 2295 737 2369 alio
761 2294 890 2391 spiritu
916 2313 1013 2370 novo
1038 2294 1101 2389 qui
1128 2301 1271 2388 poterat
1299 2294 1470 2370 collocari
1487 2301 1569 2390 post
1584 2296 1772 2393 Ulyxem*
1784 2289 1864 2389 (⁴);.

667 2414 749 2490 idco
769 2413 965 2490 introducit
980 2413 1102 2488 statim
1120 2414 1223 2487 illum
1236 2413 1404 2510 spiritum
1417 2415 1555 2490 dicens:
1570 2417 1711 2508 quoodo
1723 2417 1843 2488 ua'ul-

668 2543 739 2625 tra,
764 2533 898 2608 scilicet
922 2535 1083 2628 tlamma,
1101 2533 1138 2607 in
1159 2555 1233 2629 qua
1259 2544 1339 2612 erat
1360 2556 1487 2612 comes
1503 2535 1621 2610 Guido
1641 2536 1687 2611 de
1702 2537 1843 2611 blante-

668 2652 785 2747 leltro,
816 2655 876 2727 cte
906 2656 1009 2726 cotia
1039 2657 1151 2727 dr'ctro
1175 2676 1200 2726 a
1224 2657 1280 2746 lei,
1305 2655 1452 2751 scilicet,
1477 2667 1659 2750 quantum
1684 2657 1732 2734 ud
1756 2677 1840 2753 spe-

667 2773 888 2848 culationem
915 2793 1049 2868 meam,
1076 2773 1181 2869 quasi
1207 2773 1302 2848 dicat
1333 2775 1453 2869 tacite,
1479 2782 1560 2870 post
1584 2777 1737 2873 Ulyrem
1764 2797 1838 2852 non

667 2893 888 2967 occurrebat
917 2893 1029 2967 menti
1057 2913 1150 2967 meae
1174 2892 1245 2968 alia
1260 2881 1298 2985 (¹)
1327 2893 1450 2969 anima
1476 2894 1643 2990 sagacior
1671 2903 1709 2971 et
1740 2901 1844 2970 astu·

667 3011 749 3106 tior,
787 3011 834 3086 de
870 3033 945 3106 qua
979 3012 1096 3109 magis
1129 3014 1290 3108 placeret
1328 3013 1417 3088 mibi
1455 3015 1577 3090 lacere
1614 3015 1838 3091 mentionem

667 3133 727 3208 rel
740 3133 958 3210 memoriam
972 3153 1086 3226 quam
1101 3132 1149 3208 de
1161 3133 1285 3208 anima
1299 3134 1378 3230 ista,
1391 3135 1438 3240 de
1451 3155 1526 3230 qua
1539 3135 1843 3210 statimdicturus

667 3273 770 3348 sum;
796 3252 877 3328 ideo
910 3253 1018 3328 dicit:
1044 3275 1088 3327 ue
1109 3257 1182 3348 socc
1207 3257 1329 3346 polyer
1352 3257 1403 3346 pli
1426 3257 1535 3347 occlu‘,
1563 3255 1710 3350 scilicet,
1735 3255 1843 3330 intel-

667 3374 854 3466 lectuales,
880 3395 904 3446 a
928 3376 966 3447 lu
989 3395 1055 3446 sua
1079 3376 1184 3465 amu,
1209 3379 1247 3448 et
1263 3393 1351 3450 ecce
1371 3395 1534 3470 causam,
1549 3397 1616 3468 per
1631 3396 1678 3450 uu
1695 3377 1841 3468 confluo

668 3513 756 3566 suun
772 3495 831 3566 clu
845 3497 931 3586 (teor
954 3496 1104 3566 u’ucctu.
1129 3493 1207 3567 lloc
1224 3492 1306 3567 ideo
1323 3493 1436 3590 lingit,
1457 3494 1541 3589 quia
1559 3494 1707 3589 spiritus
1723 3493 1843 3589 primo

669 3612 855 3686 modicum
893 3611 1083 3687 laborabat
1112 3600 1313 3705 antequuni
1354 3618 1474 3707 posset
1509 3612 1679 3688 emittere
1711 3631 1841 3686 vocem

669 3733 847 3806 inclusam
878 3730 973 3805 intra
1003 3731 1208 3824 tlammam;
1234 3729 1329 3806 sicut
1354 3731 1460 3806 simili
1486 3731 1597 3807 modo
1620 3731 1760 3806 dictum
1787 3737 1843 3806 est

669 3872 793 3947 supra,
811 3851 898 3945 quia
915 3870 989 3926 vor
1005 3849 1130 3947 Ulyris
1146 3850 1408 3926 murmurabat
1427 3851 1547 3946 primo
1566 3850 1728 3946 contuse,
1743 3850 1843 3947 quod

670 3971 791 4046 statim
825 3971 988 4067 apertius
1019 3970 1228 4046 declaratur
1259 3971 1297 4044 in
1329 3971 1434 4046 litera
1468 3972 1646 4066 sequenti.
1664 4013 1715 4026 -
1729 3976 1841 4045 Corne.

670 4093 775 4166 Nunc
798 4096 907 4167 autor
932 4090 1103 4166 describit
1127 4090 1238 4163 huius
1263 4090 1342 4164 soni
1370 4091 1621 4166 contusionem
1642 4111 1709 4187 per
1728 4110 1842 4167 unam

670 4210 982 4308 comparationem
995 4229 1143 4284 summe
1162 4208 1359 4284 notabilem
1373 4202 1424 4302 θ).
1444 4210 1498 4286 Ad
1517 4211 1623 4286 cuius
1639 4211 1844 4306 intelligen-

670 4333 758 4407 tiam
790 4339 935 4427 oportet
965 4330 1084 4424 primo
1115 4329 1210 4404 scire
1234 4328 1436 4424 historiam,
1471 4352 1555 4425 quae
1587 4330 1749 4426 tangitur
1773 4349 1842 4424 per

670 4451 829 4525 Tullium
861 4451 955 4525 libro
989 4449 1292 4543 Tusculanarum,
1327 4457 1366 4525 et
1389 4471 1456 4546 per
1469 4441 1507 4542 (⁸)
1536 4451 1723 4527 Valerium
1750 4449 1844 4524 libro

670 4572 718 4646 de
741 4569 1047 4646 Memorabilibus.
1074 4567 1157 4640 Fuit
1182 4587 1273 4664 ergo
1299 4569 1386 4643 olim
1413 4570 1450 4644 in
1476 4571 1595 4646 Sicilia
1615 4571 1763 4665 quidam
1786 4577 1845 4666 ty·

672 4711 811 4765 rannus
835 4687 1055 4762 sevissimus
1072 4686 1221 4762 nomine
1237 4688 1417 4784 Phalaris,
1443 4690 1506 4783 qui
1527 4689 1787 4765 dominabatur
1807 4691 1845 4764 in

734 4904 762 4965 (¹)
777 4903 814 4953 La
830 4901 920 4966 parole
935 4901 976 4952 tra
992 4902 1001 4952 l
1017 4900 1068 4952 dne
1081 4899 1215 4951 mterisclrl
1230 4913 1294 4953 conc
1310 4902 1421 4966 supplite
1437 4903 1507 4968 dagli
1522 4904 1582 4956 altri
1599 4910 1640 4956 trs
1655 4902 1752 4955 Codicl.

735 4979 762 5042 l')
779 4979 804 5030 S.
821 4979 907 5044 aliqua
922 4979 1016 5030 anima.
1327 4979 1354 5040 ι’)
1371 4979 1402 5030 E.
1418 4981 1541 5032 nobilem.

734 5055 761 5120 (¹)
777 5057 808 5108 E.
824 5062 851 5109 ct
866 5069 913 5122 per
929 5055 1098 5108 Aristotelem
1113 5054 1181 5106 libro
1196 5055 1229 5106 de
1244 5057 1423 5109 Mtnersltbus.
1440 5059 1501 5110 Fuit
1516 5073 1589 5124 crgo.
