4534 6842
705 855 844 912 usurus
869 858 1059 914 rrersnrus
1084 858 1277 915 sncunnus.
1507 848 1572 916 131

406 1005 546 1094 iucem
562 1000 664 1095 idest,
682 999 729 1076 de
745 1001 949 1096 baratariis,
967 1001 1030 1096 qui
1049 1001 1146 1076 intus
1163 1001 1314 1078 servent
1334 1002 1409 1077 lloc
1426 1002 1511 1078 dicit
1525 996 1574 1098 (¹),

407 1122 494 1216 quia
519 1141 593 1196 non
617 1120 759 1196 viderat
782 1120 829 1198 ed
854 1122 1003 1215 plenum
1021 1121 1067 1196 de
1085 1121 1149 1218 eis,
1166 1121 1242 1196 imo
1258 1122 1306 1198 de
1320 1122 1439 1216 prima
1456 1111 1595 1217 specie

407 1247 568 1336 tantum3
586 1261 685 1314 nunc
711 1246 822 1316 restat
839 1240 961 1318 dicere
981 1240 1027 1316 de
1047 1241 1398 1318 secunda-dome.
1418 1241 1483 1317 llic
1507 1262 1576 1318 au·

407 1367 466 1436 tor
491 1359 661 1436 describit
685 1365 809 1434 actum
830 1359 987 1436 istorum
1007 1360 1239 1436 incensorum
1260 1382 1326 1456 per
1343 1382 1457 1436 unam
1473 1381 1575 1436 com-
1640 1351 1647 1366 '

406 1480 633 1576 perationem
664 1480 890 1555 notissimam
925 1480 1201 1577 navigantibus3
1231 1488 1269 1556 et
1296 1482 1381 1557 dicit
1415 1481 1576 1558 breviter

406 1602 506 1698 quod
531 1601 588 1676 isti
613 1600 742 1696 picenti
768 1621 867 1675 nunc
891 1600 1112 1690 extollebant
1137 1621 1177 1676 se
1201 1623 1312 1697 supra
1329 1602 1459 1697 picem,
1477 1621 1576 1676 nunc

405 1745 446 1800 se
485 1722 720 1799 retrahebant
756 1721 878 1796 subito
914 1722 984 1796 sub
1017 1721 1144 1817 ipsam,
1178 1722 1272 1796 sicin
1306 1729 1406 1798 recte
1439 1721 1575 1796 iaciunt

404 1844 589 1939 delphines
620 1841 767 1936 quando
796 1841 1034 1937 praesentiunt
1060 1848 1324 1938 tempestatem.
1346 1840 1440 1917 llicit
1463 1860 1573 1938 ergo:

406 1967 509 2038 dem
532 1965 768 2056 de’peccutom¹
792 1969 973 2036 moseddo
999 1965 1092 2036 tutor
1114 1965 1143 2036 u
1165 1965 1282 2053 desso,
1307 1961 1444 2036 scilicet
1469 1968 1574 2038 extra

405 2083 635 2180 superficiem
662 2082 760 2178 piciS,
778 2085 827 2156 od
843 2085 1018 2174 olteppiar
1043 2086 1079 2156 lu
1100 2103 1206 2175 penu,
1229 2082 1330 2176 idest,
1353 2081 1399 2156 ad
1424 2081 1573 2158 allevia-
1708 2154 1713 2162 .

407 2205 542 2280 tionem
561 2221 679 2299 poenae
695 2202 1056 2298 intrinsecae‚scilicet
1068 2202 1231 2297 bulloris,
1244 2203 1386 2296 caloris,
1397 2210 1430 2277 ct
1447 2225 1574 2278 meon-

405 2328 487 2418 dco,
511 2324 647 2400 scilicet
671 2324 791 2418 ipsum
816 2322 980 2418 dorsum,
997 2327 1034 2397 io
1050 2344 1128 2397 meri
1147 2325 1208 2396 cte
1223 2343 1295 2397 non
1316 2324 1453 2417 butem
1471 2323 1574 2418 idest,

407 2450 610 2539 corruscat,
627 2443 730 2539 quasi
756 2443 862 2538 dicat,
889 2443 925 2517 iu
950 2443 1095 2518 instanti
1121 2442 1168 2518 ad
1193 2442 1399 2519 evitandam
1425 2463 1572 2539 pmnam

408 2567 651 2642 extrinsecam
676 2563 942 2639 demoniorum
962 2553 1012 2656 (¹).
1034 2563 1134 2638 Bene
1157 2562 1287 2638 audisti
1308 2564 1494 2656 quomodo
1510 2585 1574 2638 su-

406 2707 473 2781 pra
497 2691 717 2780 aptaverunt
741 2704 871 2777 unum,
889 2689 927 2758 et
950 2681 1071 2756 statim
1096 2681 1223 2758 audies
1251 2681 1298 2758 de
1322 2683 1412 2778 alio;
1438 2689 1475 2758 et
1499 2683 1569 2757 boc

406 2805 598 2898 iaciebant,
629 2796 701 2878 cosi
731 2805 864 2878 cornei
896 2804 1026 2895 detritu,
1055 2801 1193 2897 supple,
1219 2803 1415 2896 aliquando
1448 2807 1571 2880 osten-

404 2927 496 3001 dunt
525 2924 677 3000 dorsum
710 2922 878 3016 natando,
903 2922 1035 3018 saltim
1060 2924 1201 3014 quondo
1226 2925 1340 3016 samso
1370 2943 1478 3014 oemio
1502 2943 1568 2996 coo

405 3049 523 3119 turco
540 3046 583 3118 de
599 3048 636 3119 lu
651 3045 802 3135 semna,
817 3042 917 3136 idest,
934 3062 1021 3117 cum
1039 3040 1141 3137 spine
1160 3040 1269 3135 dorsi,
1286 3043 1386 3136 quod
1403 3048 1491 3116 tunc
1508 3063 1568 3118 re-

405 3170 537 3242 curvat
553 3153 589 3256 (³)
616 3163 654 3237 in
679 3161 829 3238 modum
850 3182 971 3256 arcus,
990 3164 1028 3235 ai
1046 3163 1211 3234 mamae·
1233 3164 1294 3236 cte
1310 3165 1568 3254 reponente
1668 3185 1672 3194 ’

401 3288 440 3360 di
463 3303 613 3376 comper
638 3286 696 3358 lor
721 3285 835 3374 tepeo,
853 3281 989 3358 scilicet
1012 3287 1209 3374 antequam
1227 3269 1263 3373 (⁴)
1291 3287 1485 3376 tempestas
1505 3301 1572 3376 op-

402 3403 537 3499 primat
561 3421 635 3478 eos.
661 3402 705 3475 lit
729 3407 817 3476 nota
842 3407 1022 3496 quantum
1054 3401 1279 3494 comparatio
1308 3401 1354 3476 sit
1383 3401 1510 3496 pulcra
1535 3407 1571 3476 et

399 3523 564 3620 propria:
602 3521 827 3598 sicutenim
862 3520 1117 3615 delphinorum
1158 3521 1274 3596 multa
1310 3526 1396 3595 sunt
1432 3539 1571 3616 genera

402 3642 475 3718 *in
507 3641 614 3736 mari,
639 3641 690 3716 ita
719 3640 989 3716 baratariorum
1021 3640 1137 3714 multa
1167 3645 1253 3714 sunt
1275 3637 1450 3736 genera*
1472 3631 1508 3733 (⁵)
1535 3638 1571 3714 in

401 3763 469 3838 ista
499 3763 579 3859 pice
610 3781 762 3838 amara:
797 3760 983 3856 delphines
1011 3759 1147 3835 hebent
1180 3760 1313 3854 pellem
1344 3760 1499 3857 nigram,
1534 3767 1571 3834 et

401 3883 450 3962 ita
476 3881 648 3958 baratarii
672 3886 758 3956 sunt
781 3879 962 3976 denigrati
987 3879 1158 3954 infamia:
1184 3878 1374 3974 delphinus
1401 3885 1569 3974 tempore

399 4003 622 4098 tempestatis
639 4001 783 4098 lugiens
800 4000 847 4074 de
863 3998 977 4074 iundo
996 3999 1041 4072 ad
1064 3997 1306 4094 superficiem,
1332 3999 1481 4074 nunciat
1503 4020 1570 4074 na-

400 4123 606 4220 vigantibus
630 4122 793 4196 suturam
817 4123 1094 4214 tempestatem3
1122 4117 1171 4192 ita
1192 4117 1399 4192 baratarius
1421 4117 1569 4211 quando

399 4244 580 4342 detegitur
614 4249 720 4319 extra
751 4241 871 4336 picem
904 4249 1072 4335 tempore
1104 4237 1337 4332 tempestatis,
1363 4236 1511 4332 quaudo
1530 4227 1566 4330 (⁶)

400 4373 456 4442 est
483 4370 686 4458 accusatus,
712 4362 762 4438 ita
786 4359 886 4456 quod
915 4379 988 4434 non
1018 4365 1136 4454 potest
1165 4359 1247 4455 plus
1275 4359 1402 4454 latere,
1427 4358 1491 4436 dat
1520 4359 1569 4433 si-

460 4673 488 4736 d)
504 4677 559 4736 llo,
576 4673 683 4732 disent,
700 4671 760 4736 quir
775 4683 828 4721 non
843 4669 969 4720 rumam.
1017 4663 1046 4730 (¹)
1062 4671 1118 4727 tro,
1135 4667 1292 4718 demonum.

459 4749 486 4814 (⁸)
503 4751 533 4802 ll.
550 4753 712 4800 racematur.
1017 4743 1045 4805 θ)
1062 4741 1088 4794 S.
1104 4743 1207 4807 quando
1225 4747 1363 4805 tempestus
1378 4741 1502 4806 opprimit
1514 4755 1568 4795 eos.

459 4825 644 4890 dilapsrole
660 4821 792 4876 baldus
808 4819 1083 4872 utubcbimnneano
1099 4820 1143 4871 nel
1159 4824 1250 4872 neure
1266 4823 1567 4884 tutcnonostntemp-

399 4901 462 4969 pllts
478 4901 548 4966 dull
564 4901 624 4954 dtrl
638 4899 733 4952 (indict

460 4979 487 5042 (⁸)
503 4977 534 5029 E.
549 4977 653 5043 qundo
668 4976 767 5030 wutoet
781 4979 828 5026 est.
