4550 6844
721 961 793 1028 m
1118 971 1322 1031 Commi
1345 975 1496 1031 mltum

719 1116 888 1212 hominis,
908 1137 1023 1212 quam
1039 1136 1126 1192 eum
1152 1119 1230 1194 soto
1254 1120 1390 1217 pugillo
1407 1125 1604 1216 pereutere
1620 1126 1790 1197 ventrem
1805 1141 1894 1198 sen·

720 1235 835 1312 tinam
859 1235 1036 1330 sordium,
1061 1239 1207 1311 dicendo
1231 1259 1256 1311 o
1280 1241 1401 1312 tui:io
1421 1240 1466 1312 to
1489 1241 1518 1312 it
1540 1239 1681 1312 droodo
1705 1259 1729 1312 a
1749 1241 1896 1316 tolmo-

718 1359 838 1448 stiero,
855 1355 958 1451 idest,
976 1355 1024 1430 ad
1041 1377 1136 1452 opus
1159 1356 1336 1451 vindicte,
1354 1377 1467 1432 orroor
1482 1360 1544 1432 cue
1559 1361 1594 1432 to
1612 1377 1756 1432 muouer
1772 1361 1823 1434 nri
1838 1362 1896 1434 rto

719 1479 815 1568 mdo,
831 1475 1059 1570 scilicetne
1083 1480 1115 1551 te
1139 1478 1297 1552 membro
1319 1479 1379 1552 oie
1396 1497 1461 1552 son
1479 1480 1598 1569 moui,
1616 1476 1720 1571 idest,
1736 1485 1894 1574 gravata

718 1593 929 1670 infirmitate
954 1595 1162 1692 hydropica.
1182 1597 1229 1670 Et
1251 1596 1310 1672 hio
1330 1603 1428 1690 nom,
1448 1596 1550 1690 quod
1568 1595 1624 1671 ira
1648 1601 1705 1672 est
1729 1597 1892 1674 multum

718 1715 850 1790 efficax
875 1713 923 1788 ad
947 1714 1155 1789 iaciendum
1185 1714 1343 1790 debilem
1373 1714 1518 1810 fortem,
1551 1715 1647 1791 siout
1675 1715 1844 1792 ridemus
1867 1737 1893 1794 a

718 1833 825 1908 simili
850 1832 950 1929 quod
974 1833 1171 1928 aliquando
1195 1835 1278 1928 quis
1297 1835 1514 1910 vulneratus
1538 1833 1585 1908 ad
1609 1840 1782 1930 mortem,
1798 1835 1888 1910 dum

718 1952 888 2048 moritur,
918 1973 964 2030 ex
996 1953 1063 2048 ira,
1088 1973 1173 2048 que
1200 1960 1256 2029 est
1288 1954 1470 2050 appetitus
1495 1953 1673 2049 vindicte,
1707 1954 1890 2030 eontrahit

717 2072 815 2148 vires
846 2073 981 2148 animae
1017 2073 1055 2147 in
1092 2094 1212 2147 unum
1248 2074 1296 2149 ad
1333 2073 1555 2149 sumendum
1587 2073 1805 2169 supplicium
1842 2073 1890 2152 de

716 2190 913 2266 iniuriante
926 2183 976 2286 (⁴),
993 2192 1089 2266 sicut
1109 2191 1247 2287 patebit
1269 2191 1365 2268 inira
1388 2191 1435 2268 de
1459 2191 1595 2289 Tydeo,
1618 2198 1656 2268 et
1679 2192 1774 2268 deut
1798 2191 1889 2268 seri·

716 2311 769 2386 bit
793 2311 894 2386 Titus
918 2311 1042 2386 Livius
1065 2311 1112 2386 de
1132 2312 1299 2387 Romano
1316 2312 1381 2406 qui
1401 2312 1579 2409 inpugna
1596 2312 1780 2406 cannensi,
1799 2333 1886 2387 cum

717 2429 871 2506 haberet
896 2450 1029 2505 manus
1053 2431 1200 2506 inutiles
1215 2431 1262 2506 ad
1281 2430 1533 2528 pugnandum,
1551 2452 1637 2507 oum
1656 2431 1824 2508 dentibus
1848 2431 1887 2507 in

717 2550 846 2626 turone
877 2548 1096 2627 deformavit
1126 2556 1240 2625 totam
1270 2550 1404 2626 faeiem
1435 2551 1548 2627 hostis
1577 2552 1731 2627 volentis
1764 2551 1886 2647 ipsum

717 2669 886 2764 spoliare.
898 2707 948 2722 -
965 2673 1054 2742 Oud'
1066 2672 1108 2742 ei.
1133 2668 1199 2744 ilio
1223 2675 1333 2744 autor
1358 2670 1459 2766 ponit
1483 2670 1758 2766 responsionem
1784 2691 1889 2746 mor-

717 2787 847 2864 dacem
871 2787 1014 2862 Sinonis
1038 2795 1167 2864 eontra
1192 2787 1228 2863 id
1258 2789 1357 2883 quod
1388 2789 1531 2864 dixerat
1557 2789 1733 2884 magister
1756 2789 1887 2883 ddum,

716 2906 857 2980 dicens:
883 2909 966 2980 mod
977 2910 1022 2999 et,
1047 2907 1194 3002 scilicet,
1213 2908 1336 3002 Sinon,
1358 2911 1513 3001 timore:
1529 2911 1672 2999 qnando
1691 2913 1728 2982 tu
1752 2911 1887 2982 modove·

715 3027 756 3098 ot
774 3027 892 3118 sooeo,
918 3031 1068 3121 propter
1092 3026 1317 3102 falsatiouem
1334 3026 1511 3122 pecuniae,
1532 3047 1606 3100 non
1629 3028 1767 3100 ravenn·
1793 3033 1830 3100 tu
1853 3019 1887 3102 ri

709 3152 846 3236 presto,
862 3145 999 3221 scilieet
1022 3145 1143 3241 ipsum
1160 3146 1365 3240 brachium,
1383 3146 1470 3240 quia
1492 3145 1638 3238 seilicet,
1656 3164 1754 3220 nuno
1770 3145 1884 3222 habes

714 3264 865 3340 brachia
888 3265 1000 3361 ligata
1024 3266 1102 3340 soto
1127 3266 1286 3342 humore
1302 3272 1488 3360 corrupto,
1507 3273 1595 3340 tunc
1612 3283 1701 3340 vero
1722 3265 1884 3342 habeam

714 3403 759 3459 ea
784 3385 895 3481 ligata
920 3405 1007 3460 eum
1032 3385 1130 3479 sune,
1157 3405 1216 3459 ma
1239 3378 1284 3476 ri,
1308 3385 1401 3460 idest
1426 3391 1582 3477 tantum,
1607 3405 1626 3458 e
1651 3378 1713 3476 pto
1741 3387 1884 3476 quondo

713 3509 750 3575 to
773 3505 924 3594 maioni,
949 3503 1050 3596 idest,
1076 3503 1224 3596 quando
1248 3502 1409 3578 cuneum
1425 3503 1619 3598 pecuniam
1636 3502 1778 3597 falsam,
1795 3503 1884 3597 quin

713 3627 803 3696 tunc
826 3621 987 3697 ducebas
1011 3620 1161 3696 brachia
1186 3627 1224 3697 et
1249 3623 1449 3697 exeroehas
1465 3641 1598 3696 manus
1616 3620 1722 3698 valde
1747 3622 1884 3698 vetoni-

713 3745 781 3813 ter.
808 3739 852 3812 nt
876 3739 928 3815 sio
953 3739 1036 3816 vide
1060 3738 1246 3835 quomodo
1269 3738 1338 3814 iste
1361 3758 1505 3835 graeeus
1524 3738 1803 3833 loquacissimus
1823 3759 1884 3816 re·

712 3865 861 3954 torquet
874 3851 911 3953 (¹)
938 3859 976 3934 iu
1001 3858 1187 3935 iniamiam
1211 3858 1300 3934 iilud
1324 3857 1371 3934 de
1396 3879 1471 3955 quo
1495 3858 1557 3936 ilie
1586 3857 1780 3934 videbatur
1802 3859 1884 3955 gio-

713 3980 812 4076 riari,
846 3980 982 4056 soilioet
1012 3987 1156 4057 motum
1189 3979 1428 4056 brachiorum
1459 3979 1507 4054 ad
1538 3977 1746 4073 vindictam,
1776 3977 1882 4073 quasi

712 4101 799 4176 velit
823 4101 968 4177 dicere:
993 4102 1090 4178 bene
1113 4101 1236 4197 eredo,
1262 4102 1362 4195 quod
1386 4101 1499 4176 trabes
1514 4091 1551 4192 (³)
1582 4098 1733 4174 brachia
1762 4099 1881 4174 soluta

710 4224 758 4300 ad
783 4224 907 4300 omnia
932 4225 1040 4318 mala,
1065 4223 1160 4298 sicut
1187 4222 1234 4298 ad
1266 4222 1465 4298 salsandam
1500 4223 1700 4330 monetam,
1726 4239 1774 4296 ex
1805 4239 1881 4314 quo

711 4343 876 4421 meruisti
894 4343 1032 4418 hahere
1048 4361 1093 4418 ea
1109 4343 1231 4439 ligata,
1248 4341 1396 4434 quando
1414 4339 1512 4414 tuisti
1530 4339 1663 4416 ductus
1679 4337 1726 4412 ad
1742 4337 1879 4432 ignom.

709 4469 806 4537 -Ε
826 4466 848 4537 t'
860 4465 1029 4556 idropreo.
1055 4461 1122 4536 Hie
1144 4467 1255 4536 autor
1279 4460 1381 4555 ponit
1410 4458 1684 4556 responsionem
1713 4455 1879 4552 magistri

710 4582 797 4657 ndae
821 4587 950 4656 contra
974 4581 1169 4675 Sinonem;
1193 4587 1232 4655 et
1256 4579 1343 4674 quia
1367 4580 1479 4654 Sinon
1503 4578 1688 4653 obiecerat
1713 4575 1780 4650 sibi
1806 4574 1880 4650 eri·

710 4697 797 4778 meu
829 4701 990 4778 falsitatis
1017 4707 1189 4796 monete,
1222 4699 1328 4774 ouius
1357 4718 1469 4774 causa
1498 4699 1575 4794 ipse
1603 4701 1659 4771 est
1686 4701 1825 4772 aeterne
1841 4684 1877 4787 (ἢ

711 4823 924 4917 damnatus3
951 4817 1033 4898 ideo
1057 4821 1234 4916 magister
1257 4819 1372 4894 tuum
1392 4817 1515 4893 obiicit
1538 4815 1606 4890 sibi
1631 4815 1772 4892 crimen
1801 4815 1879 4892 taisi

774 5010 800 5072 (¹)
816 5011 842 5061 S.
858 5010 960 5063 iniuria.
1151 5009 1180 5072 (¹)
1197 5009 1228 5060 B.
1244 5013 1380 5073 retorquet
1395 5005 1527 5057 infamium
1543 5003 1614 5056 iliius
1629 5004 1661 5055 de
1678 5016 1740 5068 quo.

773 5086 800 5151 (¹)
816 5087 848 5139 B.
863 5087 965 5142 numm.
1151 5087 1179 5150 θ)
1194 5087 1220 5138 S.
1236 5084 1403 5138 annaliter.
