4534 6842
708 920 845 976 omnus
870 917 1063 976 meminus
1087 922 1227 977 numus.
1475 913 1543 982 123

369 1067 480 1141 inisse
506 1067 575 1160 hic,
601 1065 689 1160 quin
719 1085 791 1162 ogo
820 1065 883 1160 qui
917 1085 1124 1160 numquam
1152 1066 1208 1139 -ini
1238 1087 1307 1162 pro
1330 1075 1436 1163 parte
1460 1087 1543 1146 mcc

367 1189 470 1282 nolo;
497 1186 596 1262 unde
620 1185 728 1260 dicit:
754 1190 806 1258 clt'
818 1191 853 1260 io
873 1207 941 1280 per
967 1207 1021 1260 rw
1036 1207 1109 1259 oon
1126 1190 1164 1259 lo
1179 1189 1343 1278 clrieppio.
1363 1189 1406 1261 Et
1426 1187 1544 1285 tangit

367 1327 432 1402 per
457 1307 561 1402 signa
585 1325 757 1400 expressa
783 1306 919 1381 malem
945 1306 1216 1402 dispositionem
1234 1325 1379 1402 corum,
1396 1309 1542 1383 dicens:

367 1447 439 1500 ooo
456 1429 529 1499 ridi
544 1433 580 1499 tn
595 1427 687 1498 cl'ci
706 1428 900 1517 dipripocn
925 1429 952 1500 li
975 1429 1080 1518 deod,
1099 1445 1205 1500 more
1221 1445 1356 1500 conum
1373 1428 1420 1502 ed
1438 1449 1541 1502 mor-

231 1641 237 1650 ·
367 1547 528 1622 dendum
554 1551 592 1620 et
621 1545 872 1620 devorandum
898 1547 1074 1642 praedam,
1100 1568 1119 1618 e
1142 1567 1187 1619 rte
1211 1550 1406 1622 mioacciuo
1430 1551 1539 1640 docti,

366 1666 470 1760 idest,
494 1665 651 1759 dolores,
676 1685 743 1738 coo
768 1667 799 1739 le
822 1668 940 1757 opita,
965 1665 1068 1759 idest,
1095 1685 1182 1739 cum
1208 1666 1333 1760 oculis,
1356 1668 1461 1760 quasi
1485 1666 1541 1741 di·

367 1791 449 1859 cut:
475 1784 674 1878 respiciunt
699 1803 766 1858 nos
790 1785 904 1858 torvis
928 1785 1056 1879 oculis,
1075 1784 1124 1858 itu
1142 1784 1241 1879 qnod
1258 1784 1427 1862 videntur
1443 1787 1540 1860 relic

367 1927 434 1980 nos
458 1905 650 1998 devorare,
675 1925 713 1977 cc
738 1910 773 1977 tu
797 1897 883 1977 ce'rl
907 1911 1048 1980 occorto
1077 1925 1173 1978 come
1203 1907 1306 1996 moli,
1332 1906 1419 1999 quia
1444 1907 1539 1980 soles

368 2024 570 2121 previdere
594 2023 718 2098 omnia
734 2021 897 2119 periculo
914 2029 953 2098 et
968 2023 1171 2119 providere.
1195 2021 1238 2096 Et
1254 2023 1355 2118 ponit
1371 2024 1538 2118 pulcram

367 2143 641 2241 responsionem
666 2143 815 2240 Virgilii,
840 2143 986 2218 dicens:
1013 2151 1047 2216 et
1073 2146 1131 2217 elli
1158 2164 1183 2216 a
1207 2131 1274 2235 ote,
1299 2145 1426 2240 supple
1451 2145 1535 2219 Vir-

363 2263 472 2360 gilius
498 2262 682 2357 rcspondit
701 2263 800 2355 milri,
818 2261 958 2337 dicens:
976 2281 1049 2335 noc
1066 2263 1185 2337 co'cde
1201 2269 1237 2336 tu
1248 2266 1413 2356 paveam
1432 2263 1537 2358 idest,

364 2385 451 2457 nolo
476 2383 575 2476 quod
600 2381 741 2476 timeas,
760 2385 882 2456 lorroli
900 2385 1089 2474 diorum
1099 2403 1173 2476 por
1191 2404 1216 2456 a
1235 2385 1537 2479 terrenumque

365 2504 435 2577 hoc
460 2523 535 2577 non
561 2502 674 2598 tangit
699 2512 747 2596 tc,
773 2521 842 2576 nec
870 2501 986 2578 bonos
1015 2503 1114 2578 viros
1144 2508 1245 2577 recte
1269 2503 1443 2598 viventes,
1468 2523 1538 2579 ncc

366 2621 602 2717 impedientes
626 2641 667 2698 se
691 2623 728 2696 in
752 2622 935 2696 barnerio
942 2647 952 2715 3
982 2629 1020 2697 et
1049 2641 1137 2698 ecce
1162 2642 1279 2716 quare
1303 2623 1452 2718 iaciunt,
1477 2627 1538 2697 cde

364 2745 479 2836 [cono
502 2733 556 2816 oid
576 2763 644 2835 per
668 2745 694 2816 o·
717 2745 797 2815 lessi
816 2745 945 2816 dolenti
952 2767 969 2836 ‚·
994 2742 1096 2836 idest,
1117 2761 1185 2838 pro
1209 2742 1405 2837 inquinatis
1426 2743 1534 2819 hara-

364 2861 469 2956 tnrin,
496 2861 558 2956 qui
584 2861 757 2936 lissnntnr
781 2869 819 2936 ct
843 2868 1056 2956 coquuntur
1079 2863 1117 2935 in
1142 2863 1233 2958 pice,
1254 2871 1292 2938 et
1313 2883 1381 2959 per
1403 2885 1533 2942 conse-

363 3002 480 3076 quens
505 2987 590 3055 sunt
615 2982 789 3057 dolentes.
803 3021 853 3036 -
866 2987 946 3056 Per.
974 2983 1038 3056 llic
1064 2982 1193 3057 ultimo
1223 2990 1332 3057 autor
1362 2984 1534 3059 describit

363 3108 506 3177 motum
531 3109 569 3176 et
594 3108 738 3197 turpem
765 3121 909 3178 morem
934 3103 1089 3176 istorum
1118 3103 1385 3178 daemoniorum
1400 3100 1449 3198 (¹),
1479 3106 1534 3180 di-

362 3241 469 3296 cens:
490 3221 540 3294 illi
556 3221 684 3295 decern
702 3221 899 3316 dromones,
917 3225 982 3295 der
999 3225 1093 3296 cotto
1105 3243 1172 3314 per
1197 3225 1350 3314 torpino
1372 3226 1529 3315 docco,

362 3341 464 3436 idest,
489 3342 686 3416 volverunt
718 3362 758 3416 se
788 3341 835 3416 nd
865 3341 1047 3416 sinistram
1073 3361 1140 3436 per
1172 3341 1289 3437 ripum
1320 3341 1418 3416 illam
1447 3363 1533 3436 quae

361 3461 496 3536 claudit
512 3460 688 3557 bulgiem,
706 3483 765 3534 mo
780 3465 902 3555 primo
925 3465 1089 3535 doscuoo
1103 3483 1194 3534 acea
1210 3465 1247 3535 la
1265 3465 1387 3553 lingua
1409 3470 1532 3538 strena

360 3583 415 3654 coi
429 3583 523 3654 deod
538 3601 639 3653 verso
656 3583 713 3654 lor
729 3583 900 3674 occuper
915 3601 1045 3674 ceooo,·
1067 3581 1158 3656 idest
1172 3573 1222 3673 (¹),
1240 3581 1339 3675 quod
1356 3583 1531 3658 tenebant

362 3700 525 3796 linguam
550 3699 759 3794 dispositum
787 3705 825 3774 et
849 3707 1015 3794 peratum
1040 3700 1087 3774 ed
1110 3699 1356 3775 trulizandum
1387 3702 1416 3775 si
1443 3704 1530 3778 luis-

360 3825 415 3894 set
439 3837 599 3914 necessc
621 3819 715 3893 sicut
726 3819 806 3913 jam
829 3819 1017 3914 inceperat
1042 3819 1117 3893 dux
1135 3839 1287 3914 eornm;
1304 3822 1403 3896 unde
1423 3823 1527 3899 dicit:

358 3941 463 4012 cicili
481 3958 571 4011 aveo
584 3942 674 4032 sotto
691 3940 874 4013 trombettc
889 3940 947 4013 del
960 3941 1060 4012 mlo.-
1072 3939 1151 4034 jnm
1171 3939 1326 4014 iaciebat
1342 3940 1419 4034 ipse
1434 3944 1529 4017 trul-

358 4048 475 4148 11313).
502 4058 545 4131 lit
571 4057 629 4131 hic
654 4062 752 4151 notu,
778 4057 877 4151 quod
901 4077 968 4152 per
998 4057 1108 4130 istum
1137 4064 1262 4132 netum
1294 4058 1526 4135 inhonestum

357 4181 466 4250 autor
490 4175 626 4272 figurat
650 4195 822 4251 enormes
847 4183 884 4251 et
899 4165 939 4268 (⁴)
960 4175 1145 4252 evidentes
1162 4175 1346 4252 irrisiones
1362 4199 1455 4272 quas
1472 4181 1527 4255 ia-

357 4295 458 4372 ciunt
481 4295 538 4369 isti
564 4295 737 4370 officiales
754 4296 927 4370 bannerii
948 4296 1094 4390 quando
1113 4317 1209 4370 unus
1233 4296 1376 4373 baretel
1401 4305 1439 4374 et
1463 4301 1527 4375 de-

357 4415 442 4509 cipit
453 4415 584 4508 alium3
599 4415 696 4489 unde
712 4416 909 4508 aliquando
925 4415 1139 4490 recordatus
1156 4437 1239 4490 sum
1252 4417 1355 4492 istius
1373 4416 1526 4496 fictionis

357 4535 507 4629 autoris,
525 4534 673 4629 quando
698 4535 770 4609 vidi
793 4535 884 4610 tales
903 4535 1000 4610 inter
1019 4555 1059 4610 se
1076 4534 1235 4611 ridentes
1259 4542 1297 4612 ct
1320 4537 1525 4616 deridentes

418 4793 445 4854 (¹)
462 4797 517 4855 rte,
534 4793 691 4846 damonum.

418 4869 445 4934 (¹)
462 4874 516 4928 tic,
533 4871 598 4922 idest
613 4885 704 4924 vorm·
718 4873 904 4926 Boniuricthm
920 4876 1066 4940 prosigue,
1083 4877 1156 4938 idest,
1173 4877 1244 4942 quod
1259 4877 1389 4930 mut.

417 4948 445 5087 g}
462 4949 613 5085 Eduxit&
627 5027 767 5080 evidentes.
777 5028 845 5080 -Ε,
862 5033 889 5080 et
907 5027 1038 5081 nudentur.
