4606 6840
759 986 898 1043 CANTUS
923 988 1114 1044 vicesimus
1138 989 1282 1043 SEXTUS.
1524 976 1595 1042 275

423 1130 570 1205 Troiam
596 1150 684 1205 cum
710 1151 808 1225 equo
834 1131 1016 1208 simulato.
1043 1133 1128 1208 ideo
1153 1133 1258 1209 dicit:
1285 1140 1319 1206 et
1343 1135 1428 1225 corti
1448 1133 1598 1225 fiunem

421 1253 542 1324 involo
566 1272 615 1324 ort
631 1258 831 1344 peccatore,
856 1251 959 1346 idest
985 1253 1075 1349 legit
1099 1259 1136 1327 et
1167 1254 1263 1330 celat
1294 1274 1413 1326 unum
1429 1244 1464 1345 (¹)
1495 1258 1597 1326 astu-

424 1377 517 1464 tum,
542 1371 592 1445 ita
624 1371 724 1465 quod
757 1371 942 1446 involetur
974 1372 1068 1448 sicut
1096 1373 1281 1468 involavit,
1313 1376 1398 1465 qual
1432 1375 1597 1448 deamo

423 1493 557 1582 d’Elio,
586 1491 689 1585 idest,
716 1492 876 1586 qualem,
903 1495 980 1566 vide
1011 1497 1114 1584 colui,
1140 1493 1276 1569 scilicet
1300 1493 1452 1587 Eliseus,
1477 1495 1538 1566 cde
1565 1497 1597 1566 si

423 1603 561 1703 veneo,
587 1611 689 1706 idest,
716 1611 910 1686 vindicavit
943 1612 1149 1688 illusionem
1179 1613 1245 1687 sibi
1279 1614 1413 1688 iactam
1446 1633 1468 1686 a
1502 1633 1595 1708 pue-

424 1733 484 1826 ris,
507 1754 574 1806 con
597 1735 649 1826 qli
671 1735 758 1825 orci,
777 1732 841 1827 qui
858 1733 1133 1809 devoraverunt
1148 1755 1284 1828 pueros
1298 1726 1335 1827 (²)
1355 1736 1394 1806 al
1408 1736 1594 1826 dtpmtire,

423 1853 569 1947 scilicet,
595 1853 743 1946 quando
770 1853 918 1929 recessit
942 1854 991 1928 ab
1015 1874 1071 1928 eo.
1098 1852 1201 1929 Unde
1217 1853 1321 1929 dicit:
1342 1855 1486 1946 quomo
1502 1857 1517 1926 i
1532 1874 1594 1926 co-

423 1975 508 2046 culli
531 1976 659 2048 leoorsi
681 1977 748 2047 crlt'
771 1977 810 2046 ul
838 1975 935 2064 ciclo,
966 1973 1066 2068 idest,
1093 1973 1240 2068 quaudo
1273 1973 1358 2067 equi
1390 1973 1487 2069 ignei
1518 1980 1595 2048 tra·

423 2096 551 2172 heutes
576 2116 731 2171 currum
755 2105 948 2190 coeperunt
973 2113 1129 2191 surgere
1158 2115 1289 2170 versus
1313 2096 1463 2188 caelum,
1488 2095 1594 2190 adeo,

424 2218 483 2289 cte
506 2218 569 2290 eol
588 2223 693 2309 poteo
716 2219 835 2308 secuir
859 2236 926 2290 cort
948 2219 999 2308 qli
1023 2217 1119 2289 occdi
1139 2208 1170 2288 si
1189 2217 1248 2288 cite
1264 2218 1401 2289 oedcsse
1425 2219 1519 2289 ultro
1535 2218 1595 2290 clte
1671 2256 1677 2269 s

424 2339 461 2410 lo
481 2339 629 2428 flammo
652 2340 744 2428 solo,
769 2358 791 2410 a
817 2335 925 2410 simili
948 2337 1077 2410 leviter
1102 2346 1140 2414 et
1164 2335 1349 2430 velociter,
1366 2329 1397 2408 si
1412 2357 1509 2409 corne
1527 2357 1594 2409 aa·

424 2459 549 2530 volctto
572 2459 662 2530 solt'r
685 2459 723 2530 in
747 2477 798 2529 su.
825 2457 869 2529 Et
892 2456 950 2530 hic
972 2461 1056 2530 nota
1074 2455 1173 2548 quod
1190 2457 1416 2552 comparatio
1434 2463 1488 2532 est
1505 2477 1594 2532 con·

424 2597 513 2652 sona
538 2575 651 2670 iacto;
685 2575 772 2670 quia
806 2577 900 2651 sicut
924 2577 1064 2651 Elisous
1092 2598 1166 2652 nou
1196 2577 1342 2653 videbat
1366 2577 1433 2652 nisi
1459 2577 1596 2673 simpli-

424 2697 515 2772 citer
531 2697 732 2791 dammam,
750 2698 865 2773 Ellam
891 2719 982 2774 vero
1007 2699 1170 2774 velatum
1188 2698 1248 2774 illa
1274 2699 1424 2774 llamma
1443 2698 1594 2774 minime

423 2818 591 2912 ridebat3
617 2819 666 2892 ita
698 2819 833 2893 Dentes
865 2820 958 2894 alter
988 2820 1140 2915 Eliseus,
1166 2839 1251 2894 nam
1278 2819 1347 2894 luit
1377 2819 1423 2895 de
1457 2819 1592 2914 Eliseis,

421 2951 464 3018 ut
487 2939 571 3014 alibi
597 2939 737 3014 dictum
755 2945 808 3013 est
826 2946 864 3015 et
883 2939 1036 3034 dicetur,
1055 2940 1202 3017 videbat
1225 2939 1283 3015 hic
1308 2941 1476 3014 llammas
1501 2939 1591 3014 sim-

420 3060 560 3155 pliciter
585 3062 759 3156 volantes,
786 3061 849 3135 sed
876 3082 948 3136 non
973 3062 1115 3136 animas
1135 3061 1273 3136 velans
1297 3058 1392 3136 intra
1409 3060 1586 3134 llammas.

419 3181 464 3254 Et
488 3181 567 3254 lraec
592 3179 687 3255 dicta
712 3181 782 3254 sint
806 3180 853 3254 de
877 3181 1151 3276 comparatione
1177 3180 1255 3254 ista.

493 3307 534 3374 lo
558 3309 671 3376 stava.
698 3303 768 3377 lsta
793 3309 848 3377 est
873 3301 979 3376 tertia
1006 3321 1090 3395 pars
1115 3301 1297 3398 generalis
1322 3300 1359 3376 in
1385 3322 1459 3396 qua
1484 3308 1593 3377 autor

419 3421 591 3496 describit
623 3421 717 3496 duos
748 3422 917 3515 antiquos
951 3421 1210 3496 famosissimos
1241 3422 1398 3518 spiritus,
1433 3443 1595 3516 quorum

421 3542 514 3616 alter
539 3541 608 3615 luit
631 3541 885 3616 astutissimus.
904 3542 948 3616 Et
968 3542 1087 3638 primo
1112 3543 1345 3639 praeosteudit
1360 3533 1397 3635 (³)
1415 3562 1520 3618 suam
1538 3551 1594 3617 at-

423 3661 634 3757 tentionem,
660 3662 799 3738 dicens:
824 3667 866 3736 lo
891 3670 994 3736 stava
1017 3669 1129 3756 orto,
1153 3662 1256 3758 idest,
1275 3663 1429 3757 levatus,
1446 3684 1471 3735 a
1491 3666 1596 3738 ceder

421 3791 509 3858 sotto
525 3786 551 3858 ’l
571 3791 689 3877 ponte,
719 3782 865 3878 scilicet,
895 3785 1037 3858 animas
1067 3791 1343 3880 pretereuntes,
1372 3777 1415 3877 si,
1441 3785 1532 3860 idest
1557 3785 1594 3858 iu

420 3910 576 3997 tantum,
611 3907 671 3978 cllo
702 3907 793 3977 sarci
823 3907 950 3977 cadulo
979 3901 1052 3996 citi,
1085 3905 1187 3999 idest,
1220 3904 1258 3980 iu
1291 3904 1445 3979 lundum
1480 3904 1593 3997 vallis,

420 4045 530 4098 sacza
555 4045 649 4098 esser
673 4031 766 4116 arto,
793 4025 897 4118 quasi
925 4023 1037 4099 dicat:
1064 4023 1232 4117 quamvis
1258 4046 1331 4099 non
1356 4024 1504 4098 inissem
1523 4025 1593 4096 im-

419 4147 546 4241 pulsus
570 4147 618 4222 ab
643 4147 778 4241 aliquo,
804 4146 956 4221 faciliter
980 4144 1204 4220 decidissem.
1235 4150 1362 4218 Uetere
1387 4145 1485 4219 enim
1505 4165 1593 4239 pro-

418 4267 542 4362 prium
554 4274 610 4342 est
622 4286 820 4361 equorum,
833 4266 981 4360 quaudo
994 4275 1034 4341 s'e
1050 4263 1206 4341 invicem
1222 4265 1430 4360 percutiunt
1442 4265 1594 4340 obvian-

421 4393 487 4482 les,
503 4391 573 4461 s'io
596 4409 670 4461 nort
695 4391 808 4462 caecet
820 4409 927 4481 proso
944 4409 992 4460 on
1007 4388 1190 4478 rotatim,
1208 4385 1299 4461 idest
1316 4405 1433 4460 unum
1460 4405 1592 4460 saxum

422 4507 551 4601 pontis.
577 4508 621 4580 Et
645 4507 704 4581 llic
729 4515 827 4601 nom,
854 4507 954 4601 quod
978 4527 1045 4603 per
1071 4507 1141 4583 hoc
1165 4513 1274 4582 autor
1293 4513 1396 4581 notat
1420 4525 1594 4600 magnam

421 4629 659 4704 attentionem
687 4635 724 4704 et
748 4629 1031 4704 abstractionem
1058 4649 1164 4703 suam
1190 4628 1287 4703 circa
1307 4626 1594 4724 speculationem

418 4747 574 4823 istorum
601 4749 775 4843 duorum,
805 4769 967 4843 quorum
991 4750 1086 4823 altar
1111 4749 1179 4822 luit
1204 4748 1389 4824 maximus
1414 4749 1596 4843 vulponus

480 4951 509 5017 (¹)
525 4953 550 5004 S.
566 4967 649 5005 unum
661 4960 825 5018 mentorem
835 4957 959 5010 mtntnm.
969 4953 1043 5014 ldasl,
1055 4953 1126 5018 quod
1136 4954 1243 5004 involat.
1252 4979 1283 4992 -
1292 4953 1323 5003 B.
1334 4965 1418 5003 unum
1428 4955 1592 5014 ramleram

421 5034 546 5090 astutum,
562 5031 589 5081 ln
604 5043 684 5094 quam
699 5031 839 5082 involetur.

484 5106 514 5171 ι’)
530 5107 561 5159 e
578 5121 674 5172 ouem
688 5109 757 5170 ιιιω,
773 5109 801 5159 at
815 5108 949 5172 cnm.
1094 5105 1122 5188 c)
1137 5107 1164 5158 s.
1180 5122 1196 5159 ο
1213 5108 1243 5158 n.
1259 5107 1379 5158 monus
