4566 6844
688 978 828 1036 murus
852 977 1068 1034 mensurus
1091 973 1286 1034 snuuunus.
1450 1003 1454 1012 ³
1501 965 1572 1034 519

403 1126 499 1200 intra
525 1122 663 1198 moenia
687 1142 756 1198 sua
781 1122 942 1200 remittet
967 1128 1005 1198 te
1028 1119 1066 1195 in
1091 1125 1211 1196 castra
1230 1122 1467 1218 gracorum?
1486 1125 1575 1200 ante

402 1245 470 1320 ista
494 1245 599 1319 basta
624 1241 768 1318 dotabit
792 1242 944 1337 expulso
969 1240 1079 1317 ferro.
1106 1238 1254 1334 Deinde,
1280 1244 1323 1312 ut
1346 1239 1471 1314 scribit
1490 1238 1575 1316 Sta-

402 1365 475 1439 tius
499 1363 537 1437 in
553 1361 640 1457 vul,
661 1361 827 1438 thebanis
850 1359 1007 1460 egressis
1030 1359 1162 1436 urbem
1181 1358 1218 1434 in
1235 1377 1409 1455 campum
1433 1359 1574 1436 iactum

402 1489 459 1559 est
490 1480 762 1558 atrocissimum
793 1480 978 1578 proelium,
1007 1479 1045 1554 in
1074 1499 1151 1574 quo
1180 1477 1325 1578 Tydeus
1357 1477 1573 1554 mirabiliter

402 1623 443 1678 se
457 1597 494 1696 (¹)
513 1600 658 1696 babuit,
684 1600 787 1676 illum
813 1602 935 1678 nostes
951 1599 1130 1676 timebant
1149 1605 1188 1676 et
1203 1597 1391 1696 fugiebant
1406 1599 1573 1674 obman-

402 1727 480 1796 tem
494 1711 552 1813 (Ἲς
581 1739 658 1815 quo
691 1726 796 1817 terga
820 1719 941 1798 datur
965 1721 1010 1796 ut
1028 1720 1108 1816 jam
1143 1719 1287 1816 Tydeus
1319 1719 1504 1794 clauserat
1532 1736 1573 1792 sa

403 1839 618 1935 corporibus
643 1839 881 1916 morientium
895 1829 931 1931 (³)
958 1838 996 1913 in
1020 1837 1145 1932 armis,
1166 1844 1204 1914 et
1225 1843 1302 1913 tota
1318 1837 1415 1914 acies
1439 1835 1573 1933 latiga-

402 1959 514 2034 batur
537 1958 635 2036 circa
664 1979 795 2054 unum,
820 1964 859 2036 ot
884 1959 963 2054 jam
995 1956 1182 2052 quatiebat
1211 1961 1360 2032 scutum
1389 1955 1573 2052 repletum

402 2079 515 2154 densa
539 2079 642 2176 sylva
667 2079 856 2154 hastarum
881 2077 1105 2153 serratarum
1117 2102 1128 2172 3
1148 2078 1228 2174 jam
1254 2076 1404 2174 sanguis
1429 2082 1511 2152 erat
1535 2075 1574 2150 in

402 2198 519 2297 galea,
545 2205 583 2274 et
602 2200 681 2294 jam
707 2197 842 2272 tluvius
861 2196 1048 2294 sanguinis
1073 2204 1110 2274 et
1133 2197 1278 2274 sudoris
1295 2199 1437 2274 laverat
1450 2185 1487 2290 (⁴)
1506 2215 1573 2292 pe-

403 2324 506 2393 ctora
531 2317 623 2410 eius,
649 2335 736 2391 ecce
760 2316 863 2391 basta
888 2337 1024 2413 magna
1048 2317 1182 2392 emissa
1205 2337 1319 2392 manu
1341 2316 1464 2392 militis
1490 2316 1572 2390 tbe-

401 2435 499 2530 bani,
524 2434 583 2510 cui
609 2454 745 2512 nomen
766 2440 847 2510 erat
867 2435 1099 2531 blenalippus,
1116 2436 1327 2531 *percussit
1344 2455 1433 2512 eum
1454 2435 1572 2511 letba-

401 2554 495 2647 litar,
522 2573 591 2630 uec
615 2553 785 2648 apparuit
799 2559 910 2630 autor
927 2551 1101 2650 vulneris,
1118 2562 1157 2632 ot
1177 2555 1254 2652 ipso
1270 2551 1521 2652 lleaalippus*
1532 2545 1570 2646 (⁶)

402 2692 476 2747 non
501 2671 745 2749 manifestavit
767 2692 820 2768 se,
845 2679 884 2748 et
908 2673 1083 2750 voluisset
1106 2693 1181 2749 non
1206 2674 1333 2769 videri,
1350 2673 1414 2750 sed
1434 2672 1570 2770 gaudia
1727 2755 1730 2762 ,

402 2791 523 2866 turba
551 2792 804 2870 monstrabant
835 2793 939 2868 illum
969 2793 1163 2887 trepidum.
1198 2795 1301 2870 Tunc
1329 2795 1417 2870 socii
1450 2794 1572 2870 tristes

402 2916 639 2986 retraxerunt
663 2931 750 2987 eum
776 2931 800 2986 a
819 2912 961 3007 proelio,
978 2912 1186 3008 cupientem
1204 2913 1325 2988 adbuc
1348 2933 1483 3010 magno
1510 2933 1572 2988 ar·

401 3030 492 3106 dore
515 3051 695 3128 pugnare,
721 3037 759 3108 et
785 3033 970 3110 nolentem
994 3032 1089 3108 mori
1121 3032 1160 3108 in
1189 3031 1311 3108 medie
1336 3039 1477 3127 morte;
1506 3031 1571 3108 sed
1638 3114 1646 3148 l

401 3149 559 3224 sentiens
585 3150 697 3227 vitam
724 3157 761 3226 et
788 3151 1058 3228 animositatem
1088 3171 1194 3228 suam
1227 3151 1402 3228 recedere
1433 3150 1571 3250 frigore

401 3273 581 3363 extremo,
602 3269 753 3344 firmans
768 3289 809 3346 se
825 3271 872 3346 ad
890 3277 1028 3346 terram
1048 3270 1158 3366 coeptt
1173 3271 1337 3346 clamare
1355 3270 1570 3369 magnifiee}

401 3385 548 3481 osooii,
574 3408 649 3462 non
678 3409 744 3464 vos
777 3409 910 3486 preoor
942 3389 1040 3483 quod
1064 3410 1147 3466 ossa
1179 3408 1262 3466 mea
1295 3390 1503 3466 retemntur
1529 3390 1568 3464 in

400 3505 569 3600 patriam,
595 3507 682 3602 quia
707 3528 781 3583 non
805 3509 900 3585 facio
928 3529 1058 3584 curam
1088 3509 1136 3584 de
1166 3528 1342 3604 supremo
1373 3509 1504 3584 lunera
1520 3499 1571 3604 (⁶),

400 3623 487 3718 quia
512 3624 631 3702 babeo
654 3625 737 3701 odio
763 3626 946 3723 membra,
968 3633 1006 3704 et
1031 3622 1131 3702 hunc
1156 3626 1324 3726 fragilem
1350 3649 1460 3703 usum
1487 3647 1572 3705 oor-

399 3743 498 3838 poris
527 3744 753 3822 desertorem
787 3747 900 3822 animi
910 3772 921 3842 ;
951 3746 1027 3842 sed,
1056 3768 1081 3824 o
1111 3747 1141 3822 si
1167 3747 1250 3842 quis
1275 3754 1396 3844 portet
1429 3737 1569 3842 mibil')

400 3869 509 3939 tuum
535 3871 656 3960 capnt,
682 3866 903 3962 Menalippal
928 3864 1022 3941 vade
1038 3855 1088 3959 θ’),
1113 3885 1256 3961 precor,
1283 3887 1306 3942 o
1338 3867 1466 3942 nobilis
1491 3869 1572 3962 lpo-

399 3982 535 4058 medon
559 3988 597 4058 et
622 3983 885 4079 Parthenopaeo
905 3984 1053 4078 juvenis
1078 3984 1249 4081 gloriose,
1275 3991 1313 4062 et
1337 3993 1379 4060 tu
1409 3986 1572 4062 maxima

400 4101 581 4198 Capaneo,
607 4101 711 4178 vade.
745 4100 801 4176 bd
837 4103 916 4178 bmo
946 4101 1061 4180 verba
1100 4109 1176 4178 tam
1214 4095 1371 4196 arctam
1396 4105 1570 4180 continno

401 4221 492 4298 moti
517 4227 602 4296 sunt
626 4243 773 4317 omnem
800 4222 863 4300 sed
888 4222 1080 4318 &peneus
1104 4223 1246 4319 primus
1270 4223 1335 4308 ivit
1362 4223 1569 4319 furibunde,

399 4347 437 4416 ot
462 4341 706 4437 Menalippum
732 4341 969 4418 vulneratum
996 4348 1184 4440 repertum
1212 4343 1412 4440 reportavit
1437 4343 1475 4418 in
1498 4344 1571 4418 bu-

399 4479 506 4536 mero
530 4481 599 4536 suo
624 4461 769 4536 sinistro
793 4461 1012 4556 pendentem
1036 4469 1075 4538 et
1090 4468 1344 4538 cruentantem
1365 4469 1468 4562 terga
1485 4483 1572 4538 san·

461 4683 488 4744 (¹)
503 4682 530 4734 S.
546 4697 610 4736 usa.
1006 4685 1034 4750 ι’)
1051 4688 1082 4740 lt.
1098 4691 1126 4740 ot
1140 4689 1196 4752 lpse
1211 4689 1353 4743 clamabotr
1369 4705 1432 4758 qno.

461 4759 489 4822 ι’)
505 4761 536 4810 u.
552 4763 728 4825 moriendum,
745 4769 771 4815 at
787 4765 874 4816 mmts
1007 4765 1035 4828 (⁸)
1050 4763 1076 4816 S.
1091 4765 1253 4828 implorarat.

459 4834 487 4896 (¹)
503 4836 540 4887 Lo
555 4838 645 4900 parole
661 4840 702 4902 tra
718 4841 727 4890 l
743 4841 794 4893 dos
809 4842 942 4893 umrtwbl
958 4853 1006 4894 oon
1021 4841 1133 4906 suppllto
1149 4842 1218 4908 dagli
1234 4843 1295 4894 altri
1310 4842 1406 4895 Godlcl.

459 4911 487 4972 (⁸)
502 4911 528 4962 S.
544 4911 645 4965 bonore
660 4915 768 4976 innoru,
784 4919 854 4982 qnia

457 4985 486 5048 <¹1
503 4991 558 5047 uo,
574 4988 638 5038 mlbl
655 4997 742 5054 capnt.
758 4993 780 5042 d
795 4993 854 5059 qula
869 4997 956 5056 portet
971 4993 1035 5046 mibi
1051 4997 1126 5044 tuum
1142 4999 1228 5058 capnt,
1244 4994 1409 5060 ttambppet

459 5059 486 5124 θ)
501 5063 532 5114 E.
549 5063 616 5127 vus,
632 5078 734 5130 pmcor.
1003 5069 1030 5134 (⁹)
1046 5069 1072 5122 S.
1088 5071 1177 5122 ardua.
