4566 6844
729 966 801 1034 tlt
1119 973 1323 1032 comum!
1347 976 1500 1031 llum!

728 1129 880 1218 atergo
910 1120 1029 1196 aciem
1058 1119 1342 1196 christianorum
1374 1121 1439 1216 qui
1469 1126 1726 1196 remanserant
1760 1121 1807 1198 ud
1836 1142 1905 1198 cu·

727 1241 893 1325 stodiam.
919 1239 991 1314 Sed
1016 1238 1201 1316 christiani
1226 1261 1333 1336 pares
1358 1240 1427 1316 illis
1447 1259 1618 1335 numero,
1638 1245 1677 1316 et
1691 1241 1904 1336 superiores

728 1361 864 1436 virtute
889 1365 926 1434 et
951 1359 1091 1434 viribus
1116 1359 1195 1434 illes
1215 1359 1369 1436 faciliter
1391 1358 1622 1435 debellarunt
1638 1354 1677 1452 (¹)
1698 1365 1735 1436 et
1756 1359 1905 1438 delere-

728 1487 828 1574 runt,
849 1481 949 1556 velut
976 1485 1172 1574 tempestas
1189 1487 1274 1574 quae
1290 1479 1363 1555 cito
1383 1486 1547 1576 segetem
1563 1480 1704 1556 sternit
1723 1480 1796 1556 Sed
1811 1483 1905 1576 prob

728 1601 853 1677 dolorl
879 1600 950 1674 alia
976 1606 1101 1674 turma
1126 1599 1276 1696 triginta
1302 1599 1456 1674 millium
1483 1616 1748 1674 saracenorum
1775 1621 1905 1676 recarrs

728 1720 860 1796 invasit
891 1725 1035 1794 nostros
1054 1718 1133 1813 Jam
1159 1719 1273 1793 sessos
1308 1725 1346 1794 et
1383 1719 1513 1814 lapsos,
1552 1718 1599 1793 de
1636 1719 1770 1813 quibus
1807 1720 1905 1796 lece·

728 1849 817 1915 runt
841 1845 980 1914 tantam
1016 1845 1191 1934 stragem,
1227 1837 1327 1932 qued
1354 1858 1402 1913 ex
1440 1839 1566 1936 viginti
1593 1839 1751 1915 millibus
1780 1840 1903 1916 nullus

728 1959 855 2053 evasit,
881 1958 940 2032 alii
967 1957 1139 2050 truncati,
1163 1957 1224 2032 alii
1242 1957 1410 2054 mactati,
1435 1958 1497 2032 alii
1521 1958 1686 2053 lacerati3
1711 1959 1758 2034 de
1782 1960 1903 2036 omui—

727 2079 800 2153 bus
823 2078 963 2152 iactum
988 2083 1044 2152 est
1067 2075 1269 2152 ludibrium
1288 2076 1497 2153 miserabile
1520 2082 1559 2152 et
1583 2077 1686 2154 triste
1711 2085 1903 2174 spectacu-

729 2199 828 2292 lum3
856 2196 942 2290 quid
975 2203 1102 2270 autem
1137 2196 1274 2271 iactum
1309 2196 1356 2270 sit
1388 2195 1436 2271 de
1466 2189 1696 2292 Rolaudo(‘),
1725 2198 1901 2292 quicum

729 2317 856 2412 paucis
881 2317 1007 2411 evasit,
1027 2317 1106 2411 jam
1142 2317 1318 2412 scriptum
1352 2323 1406 2391 est
1440 2337 1553 2411 supra
1586 2317 1747 2412 capitulo
1773 2319 1900 2392 xxxi.

729 2437 882 2512 Carolus
907 2437 944 2510 in
978 2455 1024 2510 ao
1057 2435 1139 2510 loco
1172 2436 1362 2530 explorata
1396 2435 1552 2511 veritate
1585 2437 1795 2533 proditionis
1828 2437 1902 2512 Ga·

729 2557 896 2650 melonis,
921 2556 1029 2650 iussit
1063 2555 1167 2628 illum
1199 2561 1360 2649 quatuor
1388 2555 1493 2648 equis
1520 2555 1725 2630 lectissimis
1750 2556 1903 2654 alligari,

730 2684 768 2750 et
793 2677 829 2749 in
855 2683 1016 2770 quatuor
1046 2680 1169 2768 partes
1202 2673 1414 2770 dignissime
1446 2670 1611 2770 discerpi,
1638 2683 1680 2749 ut
1704 2675 1800 2751 sicut
1823 2676 1903 2750 aui-

730 2815 835 2869 mum
862 2794 1042 2870 babuerat
1066 2793 1235 2886 divisum,
1256 2793 1305 2872 ita
1323 2799 1361 2868 et
1384 2813 1520 2889 corpus
1537 2794 1618 2868 eius
1636 2793 1829 2870 infeliciter
1848 2794 1903 2870 di-

730 2914 917 2990 videratur
930 2904 987 3007 (³);
1012 2913 1107 2988 sicut
1131 2913 1257 2988 Tullus
1278 2912 1449 2988 Hostilius
1479 2913 1609 2988 tertius
1635 2934 1701 2989 rex
1728 2933 1903 2990 romauo·

730 3057 816 3110 rum
841 3056 864 3108 a
889 3034 996 3109 simili
1020 3033 1105 3110 iecit
1131 3033 1276 3108 dumus
1294 3032 1481 3130 quadrigis
1497 3033 1638 3129 alligari
1654 3053 1788 3128 corpus
1804 3033 1901 3110 bletii

730 3155 858 3230 Saietii
884 3154 981 3251 regis
1005 3154 1226 3230 albanorum
1245 3159 1394 3249 propter
1412 3153 1554 3230 crimen
1573 3153 1783 3249 proditionis
1801 3153 1901 3247 quod

729 3278 973 3352 attentaverat
998 3279 1125 3350 coutm
1151 3272 1270 3367 ipsum
1298 3278 1334 3348 et
1358 3273 1565 3355 exercitum
1587 3293 1797 3366 mmauum,
1817 3271 1902 3348 licet

730 3416 804 3469 uon
830 3393 989 3489 potuerit
1014 3393 1173 3468 efficere
1199 3392 1244 3466 lit
1268 3392 1398 3466 ultimo
1416 3391 1536 3467 bocca
1550 3379 1588 3482 (⁴)
1605 3391 1771 3470 nommat
1786 3392 1900 3468 adum

731 3514 883 3607 socium,
910 3513 975 3606 qui
999 3512 1163 3588 similiter
1188 3510 1344 3608 prodidit
1368 3517 1512 3606 partem
1538 3517 1575 3586 et
1599 3513 1755 3605 patriam
1782 3527 1900 3587 suam

730 3635 775 3708 Et
799 3635 846 3708 ad
871 3631 1164 3728 cognoscendum
1191 3631 1302 3706 istum
1333 3630 1445 3706 debes
1479 3631 1584 3723 scire,
1613 3631 1713 3724 quod
1744 3631 1811 3706 ista
1835 3649 1903 3704 ue—

731 3773 844 3847 quam
862 3750 1026 3847 proditor
1045 3751 1196 3826 uomiue
1208 3749 1463 3826 Tbcbaldellus
1478 3749 1546 3825 luit
1561 3750 1608 3826 de
1624 3742 1903 3841 Cbrmbrasiisl⁶l

732 3871 913 3946 nobilibus
942 3869 989 3946 de
1018 3869 1203 3965 Faventia,
1237 3869 1344 3944 cuius
1373 3875 1541 3966 tempore
1573 3869 1757 3966 ghibelliui
1789 3869 1906 3946 bono

732 3993 875 4067 aienses
891 3981 941 4086 (θ),
967 3991 1086 4066 vocati
1117 3988 1372 4084 lambertacii,
1397 3991 1539 4086 expulsi
1563 3990 1610 4066 de
1636 3989 1764 4085 patria,
1795 3989 1906 4068 redu-

732 4120 868 4189 xeruut
900 4135 940 4188 se
972 4111 1197 4204 Faventiam,
1227 4111 1265 4185 iu
1299 4131 1374 4205 qua
1408 4117 1497 4186 tuuc
1521 4109 1669 4205 vigebat
1697 4114 1735 4185 et
1771 4129 1904 4206 regua-

729 4235 795 4308 bat
829 4254 913 4328 pars
946 4231 1152 4330 ghibelliua.
1184 4229 1321 4306 Accidit
1353 4247 1445 4327 ergo
1475 4230 1574 4325 quod
1602 4229 1716 4324 aliqui
1749 4250 1796 4306 ex
1829 4229 1904 4306 istis

731 4352 992 4428 lambertaciis
1028 4351 1139 4426 iurati
1175 4349 1330 4424 luemut
1361 4349 1454 4426 duos
1491 4349 1736 4444 pulcerrimos
1772 4369 1903 4446 porcos

731 4474 789 4549 isti
814 4471 1056 4556 Thebaidello.
1083 4473 1153 4544 lste
1178 4489 1276 4564 saepe
1299 4475 1535 4564 conquestus,
1554 4490 1639 4546 cum
1658 4471 1797 4546 nullam
1818 4488 1903 4564 pos-

732 4599 788 4668 set
812 4592 951 4666 babere
976 4588 1284 4684 emendationem,
1296 4590 1437 4685 juravit
1456 4609 1497 4666 sc
1517 4591 1697 4666 ulturum.
1713 4589 1903 4666 ordmvtt

732 4733 823 4808 ergo
848 4709 996 4784 tradere
1024 4708 1236 4784 Faventiam
1261 4709 1568 4804 bononiensibus3
1595 4711 1694 4806 quod
1724 4710 1904 4808 sagaciter

795 4927 823 4990 ι’)
840 4929 871 4982 Β.
887 4928 1092 4987 dabellrrsruut.
1108 4927 1189 4980 velut.
1388 4927 1416 4990 (¹)
1432 4930 1464 4980 li.
1480 4928 1603 4982 Ori-b.

795 5007 823 5069 (¹)
839 5007 870 5057 ll.
888 5007 1050 5057 terminando
1065 5005 1232 5058 diuideretur.
1389 5005 1416 5066 (⁸)
1432 5005 1463 5056 ll.
1480 5006 1522 5056 bic
1537 5005 1630 5056 ltocou

796 5081 823 5145 (⁸)
841 5081 871 5132 R
888 5081 921 5133 rb
936 5081 1092 5134 nummu.
1388 5080 1415 5144 (⁸)
1432 5081 1463 5132 li.
1479 5081 1612 5132 Bononio.
