4498 6836
820 981 959 1039 munus
983 981 1209 1038 minumus.
1531 969 1600 1038 tar

428 1126 532 1203 brevi
557 1126 689 1204 fraude
711 1129 867 1222 detenta,
890 1127 1064 1225 magister
1087 1126 1203 1202 Adam
1229 1125 1297 1201 luit
1321 1131 1461 1222 captus,
1480 1136 1518 1202 et
1534 1126 1605 1202 dn-

427 1256 508 1324 otus
531 1249 767 1344 Florentiam,
792 1248 861 1323 tuit
885 1248 1031 1344 publice
1057 1248 1283 1343 combustus,
1309 1247 1356 1322 do
1388 1268 1464 1343 quo
1492 1257 1604 1324 autor

381 1357 384 1370 '
426 1369 537 1465 longo
553 1388 726 1444 sermone
743 1367 967 1444 mentionem
987 1367 1071 1443 lacit
1090 1388 1256 1465 operose,
1270 1367 1358 1463 quin
1374 1388 1461 1442 oum
1481 1366 1601 1444 omnis

425 1489 559 1564 falsane
590 1487 785 1586 pecuniam
817 1487 982 1585 graviter
1014 1486 1202 1582 delinquat
1235 1494 1365 1563 contra
1399 1505 1600 1562 eommune

425 1608 664 1684 commodum
690 1607 910 1705 reipublice,
927 1607 996 1683 iste
1019 1607 1237 1705 gravissimo
1255 1606 1421 1703 peccavit
1438 1605 1602 1680 falsando

425 1732 621 1824 florenum,
646 1729 710 1824 qui
735 1735 791 1805 est
815 1729 922 1804 valde
938 1729 1148 1803 communis
1167 1738 1328 1822 moneta,
1349 1733 1387 1802 ot
1409 1725 1601 1801 univorsa-

426 1851 510 1927 liter
534 1849 753 1946 expenditur
777 1867 845 1944 per
870 1855 989 1924 totum
1003 1841 1054 1943 (¹),
1076 1848 1175 1924 unde
1200 1849 1326 1924 multae
1352 1838 1438 1922 sn'nt
1462 1845 1623 1946 species,

428 1972 653 2046 llorenorum
671 1968 708 2042 in
733 1989 804 2044 usn
829 1959 1201 2061 christianornm*l²).
1216 1972 1326 2041 -lo
1344 1967 1410 2044 llio
1427 1964 1602 2062 magister

425 2093 542 2168 Adam
573 2091 706 2186 probat
735 2088 924 2164 miseriam
953 2108 1061 2164 suam
1091 2107 1158 2184 per
1187 2088 1263 2164 duo
1297 2109 1381 2183 quae
1416 2087 1602 2183 adaugent

425 2212 491 2287 sibi
517 2233 679 2308 omnam,
704 2230 867 2305 quorum
892 2230 1011 2284 unum
1037 2215 1104 2305 est,
1125 2209 1212 2304 quia
1229 2209 1266 2283 in
1285 2209 1359 2284 vita
1380 2207 1508 2283 babuit
1525 2205 1602 2282 sul-

426 2333 591 2409 ficientes
615 2330 811 2406 oommodn
835 2349 922 2424 sua3
939 2329 1156 2424 secundnm,
1174 2329 1261 2424 quin
1278 2329 1390 2404 babet
1409 2335 1495 2404 ante
1512 2347 1602 2402 ocu-

426 2455 480 2528 los
504 2452 594 2527 illud
619 2451 719 2547 quod
743 2450 906 2526 manime
936 2449 1047 2528 babet
1078 2449 1301 2547 refrigerare
1329 2448 1439 2542 sitim,
1466 2447 1602 2546 scilicet

424 2593 561 2667 aquam
588 2570 747 2646 lucidam
773 2577 811 2646 et
839 2569 1019 2667 frigidam.
1046 2569 1139 2645 Dicit
1169 2589 1261 2667 ergo
1295 2568 1438 2665 primo:
1464 2570 1499 2642 io
1528 2567 1603 2642 ebbi

426 2696 519 2784 nivo,
544 2691 646 2785 idest,
671 2691 760 2766 dum
788 2691 953 2767 viverem
978 2691 1016 2765 in
1042 2689 1193 2785 mundo,
1210 2693 1321 2782 ossei,
1337 2689 1429 2766 idest
1453 2688 1499 2764 ad
1525 2687 1603 2762 sut·

428 2811 636 2906 ficientium,
662 2814 701 2885 di
724 2812 924 2903 querceto
950 2814 1044 2903 ootti,
1070 2810 1158 2904 quia
1183 2809 1368 2906 pinguiter
1392 2807 1539 2886 vivebat
1563 2815 1601 2884 et

425 2932 594 3008 debono
618 2931 776 3026 bibebat,
802 2929 949 3026 quando
975 2931 1094 3006 stabat
1123 2950 1209 3004 oum
1241 2929 1310 3004 ibis
1338 2928 1534 3004 eomitibus
1563 2926 1600 3002 iu

426 3052 644 3146 cusentin03
670 3059 703 3126 et
725 3072 795 3125 oro
819 3055 928 3142 lasso,
952 3051 1055 3144 idest,
1081 3051 1155 3126 beu
1181 3069 1280 3124 nunc
1310 3069 1372 3125 me
1398 3048 1596 3124 miserum!

425 3193 473 3246 un
498 3174 632 3263 yoodol
654 3175 689 3246 d'
702 3189 817 3262 aequo
841 3171 977 3244 dromo.
1003 3171 1049 3244 lit
1072 3169 1123 3244 sio
1140 3169 1177 3244 in
1193 3170 1263 3244 isto
1283 3168 1495 3244 verificatur
1512 3165 1602 3242 illud

425 3291 582 3367 dictum:
606 3295 742 3364 Nessun
759 3282 797 3364 ἑο
813 3293 978 3382 maggior
998 3291 1103 3363 dolor
1119 3291 1179 3364 obe
1200 3292 1402 3366 rtoordurai
1415 3291 1474 3363 del
1489 3295 1602 3381 ampo

423 3415 522 3505 selice
544 3413 638 3484 aedo
662 3413 814 3486 mismo.
842 3411 886 3484 ltt
911 3409 998 3505 quia
1024 3408 1113 3484 illud
1143 3407 1243 3504 quod
1276 3409 1438 3485 manime
1466 3409 1603 3505 appetit

426 3531 646 3606 hebetante
674 3529 812 3624 oculos,
839 3549 908 3604 nec
937 3534 1055 3623 potest
1084 3526 1280 3624 attingere,
1310 3527 1392 3604 ideo
1429 3527 1537 3604 dicit:
1577 3531 1603 3602 ti

423 3652 616 3741 rusoettetd
640 3648 733 3722 idest
759 3648 866 3723 rivuli
895 3659 1095 3743 aquarum,
1120 3650 1181 3721 olle
1209 3650 1400 3724 ducendon
1429 3651 1531 3741 ginno
1563 3651 1602 3722 iu

424 3778 537 3862 Arno,
572 3769 727 3844 durium
759 3769 945 3846 ramosum
964 3759 1001 3860 (³)
1036 3768 1188 3862 tusciae,
1214 3767 1261 3844 de
1292 3789 1367 3864 quo
1392 3769 1472 3865 jnm
1504 3787 1602 3863 saepe

423 3891 562 3964 dietum
588 3895 644 3963 est
672 3895 710 3964 et
738 3888 897 3986 dicetur,¹
923 3891 978 3962 dd
997 3890 1097 3962 nodi
1125 3891 1205 3962 cotti
1236 3891 1294 3962 det
1326 3893 1511 3982 casdaim
1545 3892 1602 3964 est

424 4007 524 4082 enim
550 4006 786 4082 Casentinum
810 4012 978 4081 contrata
1001 4006 1099 4080 inter
1118 4005 1339 4083 Florentiam
1362 4014 1401 4081 et
1419 4006 1601 4100 metium,

426 4126 525 4221 quod
550 4125 778 4200 territorium
795 4131 875 4200 erat
894 4132 982 4200 tuno
999 4125 1176 4220 temporis
1192 4126 1372 4200 comitum
1388 4126 1598 4203 Gnidonum

424 4245 553 4320 datum
578 4245 666 4320 olim
691 4244 816 4320 uomiti
840 4243 998 4320 (luidoni
1023 4245 1141 4320 veteri
1172 4265 1239 4341 pro
1268 4246 1354 4322 dote
1385 4245 1513 4324 nobilis
1542 4247 1602 4320 ln·

424 4364 649 4462 gualdradae,
675 4364 769 4440 sicut
793 4363 919 4460 scripsi
945 4385 1056 4460 supra
1083 4363 1244 4460 capitulo
1270 4365 1359 4442 xv1.
1386 4365 1508 4442 Arnus
1531 4385 1602 4441 au·

426 4489 502 4559 tem
516 4471 553 4576 (⁸)
576 4483 710 4559 tlurius
726 4483 852 4559 dividit
866 4483 1116 4579 limentinum,
1133 4490 1171 4560 et
1187 4485 1323 4584 oolligit
1338 4505 1468 4564 omnes
1484 4505 1602 4584 aquus

425 4602 596 4679 cadentes
621 4603 705 4678 bino
731 4603 815 4680 inde
838 4604 885 4680 de
910 4596 1158 4699 montibuet⁶)‚
1185 4625 1279 4700 quas
1303 4606 1422 4684 clarus
1446 4611 1485 4684 et
1507 4605 1601 4704 goli-

486 4865 515 4929 (¹)
530 4867 556 4920 S.
572 4874 658 4920 totum
674 4874 811 4926 mnndum.

485 4941 513 5002 t'l
529 4943 579 5005 Qut
590 4957 656 5008 nure
666 4947 928 5001 nelCodtoeltntmn
938 4963 1065 5000 mnerno
1076 4949 1101 5000 le
1112 4950 1202 5014 parole
1212 4951 1312 5002 lnotnre
1324 4951 1365 5003 nr
1375 4951 1384 5004 Ι
1395 4951 1446 5002 dno
1456 4949 1600 5002 mwnwbi.

485 5017 513 5079 (¹)
530 5024 584 5083 lid,
601 5021 812 5078 [modulum.
1029 5025 1057 5087 (¹)
1074 5029 1130 5088 tib,
1145 5027 1225 5078 ω’..

486 5093 514 5155 (·)
531 5099 577 5148 ttt
591 5109 607 5146 o
623 5097 656 5148 lt.
671 5099 803 5152 monebor
818 5099 877 5162 ltus,
893 5113 967 5165 qun.
