4550 6844
714 969 786 1040 438
1113 980 1319 1038 comtum
1343 979 1494 1038 lNl'EllNl

714 1129 771 1198 tre
795 1122 843 1198 ad
867 1122 1066 1200 videndum
1091 1123 1224 1200 iratres
1248 1123 1312 1220 qul
1338 1124 1534 1220 pascebant
1562 1141 1651 1198 oves
1678 1123 1715 1199 in
1739 1123 1889 1202 deserto

712 1264 736 1318 a
761 1245 881 1340 longe,
908 1241 1075 1318 venditus
1099 1244 1226 1319 estab
1251 1244 1305 1320 eis
1329 1243 1598 1320 mercatoribus
1629 1244 1694 1338 qni
1724 1243 1826 1320 ibant
1850 1244 1889 1322 in

712 1362 911 1458 AEgyptum
938 1361 1086 1457 triginta
1110 1361 1286 1457 denariis;
1305 1381 1464 1458 parvum
1488 1367 1591 1438 certe
1616 1361 1787 1457 praetium
1805 1383 1889 1439 ma·

711 1481 773 1578 gni
800 1481 881 1576 viri,
897 1480 962 1558 sed
979 1479 1100 1579 ligura
1116 1482 1265 1558 maioris
1281 1482 1361 1578 pari
1381 1481 1510 1577 praetio
1529 1481 1719 1558 vendendi.
1739 1483 1890 1558 Delatus

711 1602 749 1677 in
765 1601 979 1698 AEgyptum,
996 1601 1133 1678 iterum
1158 1603 1327 1680 venditus
1352 1602 1420 1676 luit
1444 1621 1591 1678 eunuco
1609 1601 1707 1699 regis
1723 1602 1889 1678 Pbarau·

712 1722 769 1796 nis
794 1721 944 1795 nomine
968 1721 1156 1817 Putipbar,
1173 1722 1238 1817 qui
1255 1729 1336 1798 erat
1355 1721 1431 1797 dux
1456 1723 1641 1798 exercitus
1656 1729 1695 1796 et
1714 1721 1891 1818 magister

714 1842 850 1917 militie
876 1840 955 1916 eins
970 1832 1020 1933 (¹).
1045 1840 1116 1929 Qui
1141 1841 1389 1918 incredibilem
1409 1843 1569 1940 gratiam
1589 1841 1728 1918 invenit
1744 1841 1782 1916 in
1797 1860 1890 1916 ocn-

714 1962 759 2038 lis
782 1960 920 2036 domini
944 1959 1012 2054 sui,
1040 1959 1089 2035 ila
1121 1960 1222 2054 qnod
1255 1961 1293 2036 in
1326 1962 1429 2037 brevi
1463 1960 1625 2056 praelecit
1648 1981 1737 2036 eum
1763 1959 1890 2034 domtd

716 2099 794 2155 suae
819 2085 857 2156 et
882 2083 968 2152 tote
992 2077 1156 2174 lumiliae3
1176 2079 1242 2155 sed
1265 2079 1361 2156 sicut
1385 2079 1557 2155 dominus
1574 2087 1656 2155 erat
1681 2086 1812 2174 captus
1835 2077 1893 2152 in·

716 2199 856 2274 dustria
881 2196 995 2272 fidelis
1019 2198 1128 2294 servi,
1159 2198 1209 2276 ita
1238 2220 1335 2276 uxor
1364 2199 1444 2276 eius
1477 2198 1723 2294 pulcritudine
1750 2199 1891 2290 tormae,

717 2338 812 2412 quae,
824 2322 980 2414 urgente
993 2318 1144 2392 flamma
1156 2318 1321 2415 libidinis,
1335 2339 1448 2414 quam
1462 2311 1499 2411 (¹)
1509 2317 1758 2394 accendebant
1774 2317 1892 2392 otium

716 2443 754 2512 et
778 2436 916 2512 deliciae
944 2442 983 2512 et
1010 2438 1134 2512 suavis
1161 2445 1331 2535 aspectus
1350 2437 1498 2533 jnvenis
1527 2443 1567 2512 et
1595 2436 1718 2512 mariti
1744 2435 1892 2512 castrati

716 2554 899 2631 fastidium
916 2546 973 2650 (³);
991 2563 1135 2652 captato
1160 2557 1241 2632 loco
1265 2565 1304 2633 et
1329 2563 1497 2653 temporo
1514 2556 1609 2652 cepit
1633 2555 1736 2630 illum
1762 2559 1891 2650 petens

717 2675 954 2752 concubitum
979 2676 1072 2770 eius,
1096 2677 1160 2752 sed
1184 2697 1272 2754 enm
1297 2677 1385 2754 nibil
1409 2677 1605 2774 proliceret
1629 2675 1812 2771 precibus,
1833 2673 1893 2748 nl-

717 2795 808 2869 timo
833 2795 976 2889 paravit
989 2783 1027 2888 (⁸)
1054 2796 1145 2871 vimi
1167 2797 1231 2874 llle
1253 2804 1382 2873 autem
1408 2797 1563 2872 invictus
1580 2795 1763 2872 subtraxit
1781 2794 1831 2870 ab
1847 2813 1892 2869 ea

717 2933 851 3010 corpus
876 2920 914 2989 et
936 2915 1103 2990 animum
1129 2915 1356 3011 inviolatum,
1378 2916 1505 2993 relicto
1524 2917 1632 3011 pallio
1658 2915 1696 2990 in
1721 2915 1892 2991 manibus

717 3035 809 3129 eius,
836 3055 911 3129 qno
924 3026 962 3127 (⁵)
984 3035 1045 3110 illa
1061 3043 1210 3132 ceperat
1234 3057 1334 3114 eum.
1356 3037 1419 3112 llla
1439 3043 1579 3130 antem,
1596 3035 1713 3132 magis
1736 3051 1892 3110 accensa

718 3152 845 3229 dolore
871 3154 1029 3249 repulse
1053 3161 1091 3231 et
1120 3155 1273 3252 pudore,
1290 3155 1482 3234 'convertit
1513 3155 1635 3230 statim
1660 3173 1830 3230 amorem
1855 3151 1895 3225 in

718 3273 857 3368 odium,
883 3278 921 3348 et
944 3274 1110 3352 clamans
1135 3283 1336 3370 conquesta
1368 3281 1423 3352 est
1455 3275 1613 3369 lamiliae,
1638 3273 1770 3351 dende
1801 3271 1895 3364 viro,

718 3395 819 3489 quod
843 3394 901 3468 vir
926 3395 1097 3470 bebraeus
1121 3395 1238 3491 ipsam
1263 3401 1463 3472 attrectare
1488 3401 1707 3488 tentaverat,
1725 3400 1763 3470 et
1780 3392 1833 3470 sic
1849 3410 1895 3466 ex

719 3512 945 3606 impudentia
969 3513 1118 3588 audacis
1142 3512 1304 3588 loeminte
1329 3520 1367 3590 el
1391 3513 1570 3608 zelotopia
1585 3503 1624 3604 (θ)
1648 3511 1789 3588 creduli
1814 3510 1897 3602 viri,

720 3631 851 3726 loseph
877 3630 935 3704 vir
956 3632 1080 3726 justus
1104 3631 1238 3706 iniuste
1263 3631 1417 3706 traditus
1446 3637 1503 3706 est
1531 3631 1673 3705 carceri
1707 3629 1833 3726 regali,
1859 3628 1898 3702 in

720 3769 796 3844 quo
821 3753 945 3826 lamen
971 3749 1092 3826 divina
1111 3749 1253 3845 justitia
1276 3770 1351 3826 non
1375 3748 1540 3826 deseruit
1566 3768 1665 3823 eum.
1685 3749 1778 3822 Nam
1795 3746 1898 3843 prin-

720 3889 806 3964 ceps
829 3869 989 3946 carceris
1014 3870 1098 3946 lecit
1123 3889 1213 3944 eum
1237 3869 1429 3947 custodem
1458 3867 1649 3962 omninm;
1680 3868 1803 3964 elapso
1828 3886 1899 3942 an·

720 3995 797 4064 tem
823 3988 970 4064 biennio
995 4009 1062 4066 rex
1079 3991 1222 4066 Pharao
1239 3989 1324 4066 lecit
1341 3989 1416 4066 duo
1432 3988 1588 4082 somnia,
1605 3987 1741 4082 quibus
1755 3987 1899 4062 viderat

720 4115 861 4204 septem
889 4127 1019 4186 vaccas
1044 4109 1199 4206 pingues
1223 4109 1371 4205 pulcras
1394 4107 1566 4186 devorari
1595 4129 1619 4182 a
1650 4114 1792 4204 septem
1817 4125 1900 4181 ma-

722 4227 794 4302 cris
811 4234 848 4304 et
874 4228 1058 4324 turpibus;
1077 4236 1115 4304 et
1134 4228 1184 4304 ita
1209 4235 1351 4324 septem
1371 4227 1489 4324 spicas
1506 4228 1632 4322 plenas
1648 4217 1686 4319 (¹)
1714 4248 1737 4302 a
1758 4235 1899 4320 septem

724 4347 849 4424 vacuis
874 4353 912 4422 et
936 4347 1057 4424 aridis.
1084 4349 1128 4422 Et
1152 4367 1239 4424 cum
1265 4365 1338 4424 non
1364 4354 1487 4443 posset
1518 4347 1658 4423 babere
1682 4346 1901 4439 interpreta-

724 4467 862 4542 tionem
886 4468 1117 4542 somniornm
1134 4489 1157 4542 a
1176 4467 1253 4542 suis
1278 4466 1502 4563 sapientibus
1519 4475 1558 4542 et
1573 4465 1791 4563 auguribus,
1818 4463 1901 4556 qui-

724 4585 810 4659 dam
836 4585 1010 4681 pincerna
1036 4585 1161 4681 regius
1175 4576 1226 4680 (⁸),
1251 4586 1312 4660 cui
1338 4586 1470 4680 loseph
1491 4587 1700 4660 incarcere
1719 4602 1901 4677 exposue-

787 4768 816 4832 (¹)
832 4769 863 4820 ll.
879 4771 956 4834 regis.
1091 4771 1120 4834 Γ)
1135 4773 1166 4824 Ε.
1176 4787 1235 4838 qna
1245 4771 1435 4823 nccendebntur
1446 4771 1499 4822 olio
1509 4775 1537 4823 et
1547 4771 1654 4833 deliciis,
1663 4775 1691 4823 et
1701 4771 1773 4822 suari
1785 4775 1899 4836 aspectu.

787 4845 986 4908 miamin.
1004 4853 1080 4912 capto
1095 4849 1164 4902 loeo.
1491 4847 1827 4914 (⁸)Rpcrrenltadrbn.

787 4923 815 4985 (¹)
830 4923 861 4974 e
878 4937 925 4988 per
939 4925 1011 4990 qnod
1027 4927 1072 4977 illc
1087 4931 1200 4990 esperst
1211 4925 1275 4977 -S.
1291 4938 1340 4990 per
1354 4924 1425 4990 qnod
1441 4925 1486 4976 illu
1503 4927 1578 4990 repit.

788 4999 816 5061 ι’)
832 4999 863 5050 B.
879 4999 999 5065 zelotipie
1014 5003 1129 5054 crudelis
1143 5003 1202 5054 riri.

788 5076 1421 5144 Cillbplmmetceplenmcunetmldtt·
1497 5076 1769 5144 (⁸)Rettereglr.
