4606 6840
731 950 868 1006 caurus
893 953 1084 1006 vrnnsruus
1108 952 1284 1018 eulnrus.
1522 941 1592 1007 217

422 1105 460 1173 et
486 1099 591 1172 vultu
607 1089 645 1190 (⁴)
671 1097 944 1190 verecundanti,
963 1097 1045 1172 ideo
1069 1097 1174 1173 dicit:
1193 1119 1212 1170 e
1235 1101 1267 1171 si
1291 1099 1425 1190 debiam
1440 1101 1478 1174 di
1494 1101 1596 1172 biam

423 1239 618 1310 uncoque,
645 1217 731 1312 quia
756 1217 824 1294 ista
850 1218 1072 1293 verecundia
1090 1219 1176 1292 lurti
1198 1239 1346 1294 summe
1370 1219 1596 1294 contristavit

423 1359 523 1416 eum.
543 1340 587 1412 ut
604 1337 662 1412 bic
681 1345 766 1413 nuta
784 1338 884 1432 quud
900 1339 1040 1413 lurtum
1058 1345 1113 1414 est
1137 1339 1285 1414 maioris
1305 1339 1463 1414 infamiae
1480 1361 1593 1434 quam

423 1458 667 1553 latrocinium,
694 1459 778 1535 licet
803 1459 848 1532 sit
875 1459 1024 1534 minoris
1050 1461 1187 1554 culpae3
1207 1461 1304 1534 unde
1331 1460 1447 1554 magis
1478 1460 1594 1535 reddit

422 1579 590 1654 homines
607 1578 755 1652 infestes
781 1585 908 1653 contra
926 1599 976 1654 se.
995 1581 1079 1655 lde0
1097 1579 1191 1656 bene
1209 1586 1336 1654 narrat
1352 1580 1466 1653 AElius
1483 1581 1593 1655 bam-

422 1699 571 1796 pridius‚
599 1698 697 1792 quod
722 1699 927 1774 Alexander
947 1700 1171 1795 justissimus
1191 1701 1392 1795 imperator
1419 1719 1593 1774 romano-

422 1841 508 1893 rum
543 1819 699 1894 babebat
733 1811 945 1913 maximed)
981 1820 1064 1894 odio
1093 1820 1206 1915 sures,
1239 1821 1332 1895 adeo
1365 1819 1463 1914 quod
1496 1839 1593 1914 saepe

424 1938 572 2033 quando
595 1938 872 2014 adducebantur
896 1941 943 2015 ad
968 1947 1204 2035 conspectum
1225 1939 1316 2034 eius,
1334 1939 1383 2014 ita
1409 1939 1593 2014 excande·
1633 1989 1634 1992 κ

424 2061 487 2134 bat
512 2060 548 2133 in
574 2060 679 2154 iram,
698 2060 761 2154 qui
787 2082 873 2135 cum
899 2061 1017 2157 digitis
1040 2062 1184 2136 volebat
1211 2081 1345 2136 eruere
1369 2060 1422 2135 eis
1447 2062 1592 2155 oculos3

422 2181 497 2256 imo
523 2181 622 2276 quod
647 2182 727 2277 plus
753 2188 808 2256 est
832 2181 1027 2276 aliquando
1053 2203 1099 2256 er
1125 2183 1179 2256 ira
1205 2189 1333 2257 contra
1362 2181 1463 2256 sures
1494 2181 1593 2255 visus

422 2309 477 2376 est
502 2321 677 2376 evomere
702 2302 874 2376 coleram.
901 2302 945 2373 Et
970 2302 1051 2376 iden
1086 2303 1206 2376 subdit
1236 2308 1369 2377 autor:
1392 2304 1454 2394 poi
1478 2303 1594 2374 disse.-

420 2421 555 2500 scilicet
579 2423 640 2497 ille
665 2422 809 2496 Vannes
834 2424 906 2518 tur,
929 2418 990 2515 piri
1020 2426 1068 2495 mi
1092 2425 1177 2498 duct
1197 2426 1258 2496 cte
1283 2429 1317 2496 tu
1349 2424 1467 2494 m'dci
1490 2425 1591 2514 cotto,

419 2541 523 2638 idest,
549 2543 648 2637 quod
672 2550 713 2616 tu
741 2563 801 2618 me
833 2541 1112 2638 deprehendisti,
1138 2547 1231 2618 nella
1264 2546 1419 2634 mcum,
1445 2546 1533 2616 deve
1558 2549 1593 2615 tc

420 2669 468 2738 mi
493 2667 582 2755 cedi,
608 2664 742 2738 scilicet
768 2665 804 2738 iu
830 2664 891 2738 vili
917 2665 1027 2758 lurto,
1053 2667 1112 2738 elle
1143 2668 1284 2756 quanm
1311 2667 1366 2758 [ut
1391 2667 1433 2738 de
1458 2663 1591 2738 t'cltrn

420 2789 492 2858 vita
517 2788 621 2878 toltn;
639 2783 744 2878 quasi
769 2783 883 2858 dicat:
911 2804 984 2857 non
1011 2791 1153 2858 tantum
1175 2784 1274 2859 dolui
1297 2791 1463 2880 tempore
1488 2805 1591 2858 mor-

421 2907 465 2981 tis
499 2905 708 3000 corporalis,
736 2904 882 2999 qnando
912 2904 1035 2979 anima
1067 2906 1134 2979 luit
1164 2912 1333 3000 separata
1367 2926 1390 2979 a
1423 2925 1590 2999 corpore,

420 3035 599 3121 quantum
626 3026 732 3100 deleo
759 3026 856 3120 qued
881 3026 1064 3101 inveneris
1090 3047 1150 3101 me
1176 3027 1270 3101 inter
1287 3029 1400 3121 tures,
1418 3027 1505 3121 quia
1523 3047 1590 3101 vo-

420 3148 568 3222 luissem
594 3147 714 3241 petius
737 3145 892 3219 inveniri
918 3147 1012 3220 inter
1039 3147 1136 3220 mille
1161 3147 1320 3220 sicarios.
1351 3148 1396 3220 Et
1420 3146 1478 3221 hic
1505 3153 1591 3221 nota

420 3268 520 3363 quod
544 3289 610 3362 per
636 3270 704 3342 boc
729 3273 838 3341 autor
864 3269 942 3340 vult
966 3268 1170 3360 ostendere,
1197 3268 1296 3361 quod
1322 3269 1389 3342 iste
1413 3268 1592 3341 immense

420 3388 579 3465 doluerit
603 3388 750 3482 quando
775 3387 860 3463 dicit
877 3407 964 3462 eum
982 3389 1064 3482 plus
1081 3388 1240 3463 doluisse
1258 3409 1371 3483 quam
1389 3389 1435 3464 de
1453 3396 1592 3482 morte3

420 3508 506 3604 quia
531 3509 652 3582 anima
679 3507 714 3582 in
741 3515 861 3583 morte
878 3529 1025 3583 summe
1041 3509 1139 3588 delet
1157 3511 1374 3584 naturaliter
1396 3510 1593 3605 loquendo,

419 3631 505 3724 quia
532 3629 707 3705 naturalis
733 3649 839 3704 amur
865 3635 920 3704 est
946 3629 1041 3704 inter
1065 3631 1227 3704 animam
1254 3637 1290 3704 et
1316 3651 1461 3725 corpus.
1476 3635 1590 3704 -Ιο,

420 3751 484 3826 llic
513 3751 573 3824 lirr
607 3750 763 3845 explicat
792 3770 903 3824 snum
935 3750 1095 3824 notabile
1126 3751 1277 3845 lurtum,
1312 3758 1461 3846 propter
1493 3727 1611 3844 quod*

419 3879 474 3948 est
499 3873 555 3946 bic
586 3871 792 3945 damnatus.
819 3871 872 3945 Ad
907 3871 1012 3946 cuius
1044 3872 1096 3945 rei
1131 3872 1405 3968 intelligentiam
1441 3872 1525 3946 volo
1556 3879 1592 3946 te

419 3993 523 4086 scire,
549 3993 647 4086 quod
673 3993 741 4066 iste
767 3993 922 4086 Vannes,
949 4012 1153 4066 venenosus
1169 3983 1206 4085 (³)
1229 4013 1390 4087 serpens,
1408 3993 1476 4066 luit
1496 3992 1591 4064 lilius

418 4110 564 4206 spurius
588 4111 725 4186 domini
751 4111 851 4184 Fucii
877 4111 923 4184 de
947 4111 1092 4184 lazaris
1125 4111 1171 4184 de
1197 4111 1362 4206 pistorio,
1390 4111 1445 4188 vir
1476 4113 1591 4186 scele-

418 4231 621 4306 ratissimus
645 4238 681 4305 et
699 4231 744 4305 ad
762 4251 873 4304 omne
889 4231 1030 4306 lacinus
1046 4229 1329 4324 audacissimum
1349 4239 1385 4305 et
1406 4231 1491 4324 quia
1510 4239 1591 4306 erat

417 4353 463 4427 de
489 4352 599 4425 nobili
624 4372 762 4448 genere
781 4353 915 4426 multos
941 4371 1113 4426 excessus
1133 4371 1229 4445 saepe
1246 4350 1401 4425 iaciebat
1422 4350 1589 4446 impune:

417 4479 454 4546 et
479 4471 647 4566 quamvis
673 4471 844 4545 bannitus
869 4492 966 4566 saepe
982 4479 1132 4568 prepter
1147 4472 1263 4549 multa
1286 4471 1464 4548 maleticia
1481 4493 1591 4547 enor-

418 4591 503 4686 mia,
529 4591 700 4685 nequiter
725 4597 761 4666 et
787 4592 926 4666 nelarie
952 4599 1172 4687 perpetrata,
1190 4599 1314 4668 tamen
1331 4593 1527 4688 aliquando
1545 4594 1591 4669 de

417 4717 524 4786 nocte
549 4711 667 4784 stabat
692 4710 727 4782 in
754 4712 911 4804 civitate,
936 4719 974 4786 et
999 4733 1083 4786 cnm
1104 4714 1325 4808 pravissimis
1343 4715 1591 4790 conversaba-

419 4837 489 4904 tur.
509 4831 645 4905 llccidit
661 4838 787 4906 autem
805 4836 919 4907 semel
939 4841 1104 4928 tempore
1123 4834 1366 4930 Carnisprivii,
1385 4836 1587 4928 quodcum

477 5066 504 5129 (¹)
522 5068 552 5118 Ε.
570 5068 644 5120 vultu
662 5067 774 5130 turbato,
791 5069 848 5120 ideo
864 5069 933 5120 dicit.
975 5069 1002 5132 (¹)
1019 5075 1073 5130 tto,
1091 5073 1211 5124 maximo.
1254 5069 1281 5134 Γ)
1299 5071 1324 5122 S.
1343 5073 1457 5126 furiosus
1472 5087 1587 5139 arpenn.
