4550 6844
708 973 846 1031 clusus
872 973 1088 1030 rnrcnsmus
1112 971 1256 1028 ramus.
1328 1049 1330 1056 ‚
1497 961 1565 1030 481

398 1119 510 1192 urbes
546 1117 658 1194 ltaliae
692 1121 872 1196 transiens
911 1139 1000 1196 cum
1042 1137 1191 1200 summo
1227 1115 1363 1213 gaudio
1401 1123 1438 1192 et
1478 1117 1570 1192 testo

397 1237 564 1312 omnium
591 1258 764 1315 reversus
789 1246 845 1315 est
873 1241 1041 1333 Romam,
1072 1243 1110 1312 et
1139 1256 1226 1310 cum
1255 1234 1443 1330 triumpho
1472 1236 1571 1310 cele·

396 1357 560 1433 berrimo
586 1359 753 1454 omnium
778 1359 939 1435 ascendit
965 1356 1193 1453 Capitolium.
1215 1355 1270 1428 Ex
1295 1354 1476 1449 praedictis
1499 1355 1570 1431 ita-

396 1497 471 1570 que
488 1476 650 1552 breviter
665 1477 850 1573 percursis
866 1483 965 1573 patet
982 1481 1158 1571 quantam
1176 1473 1332 1572 gloriam
1351 1473 1469 1569 Scipio
1486 1471 1569 1548 lue·

398 1597 445 1670 rit
475 1603 696 1672 consecutus
725 1597 912 1672 fortunate
945 1617 992 1672 en
1028 1596 1096 1671 ista
1125 1600 1225 1670 terra
1250 1593 1392 1688 Africae,
1422 1593 1469 1669 de
1493 1613 1567 1688 qua

396 1720 506 1790 autor
531 1716 616 1790 iacit
639 1717 699 1791 lric
724 1717 948 1792 mentionem
972 1715 1145 1809 studioso,
1165 1713 1253 1808 quia
1279 1731 1338 1788 res
1362 1719 1476 1809 gestae
1501 1731 1569 1807 per

397 1834 602 1930 Scipionem
628 1835 676 1909 ibi
694 1835 912 1912 videbantur
931 1833 1050 1930 dignae
1066 1838 1245 1928 perpetua
1262 1831 1456 1925 memoria,
1474 1830 1569 1906 sicut

398 1953 499 2026 Titus
515 1953 638 2028 Livius
658 1956 731 2029 alte
755 1961 793 2030 et
818 1954 972 2030 fideliter
996 1952 1166 2028 describit
1181 1945 1230 2044 (¹).
1249 1951 1302 2026 lle
1322 1950 1482 2026 victoriis
1499 1972 1570 2026 au·

398 2076 474 2144 tem
499 2091 592 2164 quas
617 2072 796 2147 Hannibal
825 2078 912 2146 ante
941 2070 1121 2146 habuerat
1151 2070 1317 2145 initalia
1346 2070 1485 2144 dictum
1514 2075 1570 2144 est

397 2209 510 2284 supra
535 2191 694 2286 capitulo
712 2190 966 2284 intimidae
986 2189 1035 2264 ibi
1061 2190 1186 2266 videre
1201 2196 1323 2286 potes3
1341 2209 1428 2264 nam
1446 2189 1484 2263 in
1501 2189 1569 2263 isto

398 2310 557 2404 capitulo
583 2315 619 2384 et
644 2309 681 2382 in
705 2309 767 2383 illo
792 2309 921 2406 collegi
936 2300 973 2402 (¹)
1003 2309 1164 2388 breviter
1197 2317 1300 2408 gesta
1330 2309 1504 2406 Scipionis
1519 2314 1571 2392 ¹et

399 2427 609 2504 Hannibalis
622 2427 784 2501 duorum
799 2427 1048 2502 maximorum
1064 2429 1203 2505 ducum
1217 2430 1319 2524 belli;
1332 2430 1426 2523 ideo,
1440 2426 1568 2521 lector,

398 2565 509 2641 parce
533 2545 740 2641 prolixitati.
766 2546 828 2620 llis
853 2547 1048 2642 praemissis
1072 2569 1140 2644 pro
1169 2549 1414 2624 declaratione
1442 2547 1567 2641 literae,

397 2685 496 2740 nunc
522 2671 577 2740 ost
601 2665 647 2740 ad
671 2666 816 2741 literam
832 2666 1140 2743 descendendum.
1157 2668 1212 2743 Ad
1228 2669 1455 2765 propositum
1478 2686 1569 2762 ergo

397 2784 568 2882 Virgilius
593 2785 786 2860 exordiens
806 2786 1041 2862 commendat
1056 2787 1242 2862 Antheum
1262 2808 1286 2863 a
1312 2786 1469 2862 mirabili
1494 2786 1571 2860 ior-

398 2903 563 2997 titudine,
587 2903 733 2978 dicens:
764 2927 788 2978 o
821 2912 870 2997 tu,
899 2904 1034 2980 scilicet
1061 2905 1214 3000 lintheo,
1247 2908 1307 2980 clte
1334 2908 1462 2980 record
1493 2894 1591 2996 yid„

398 3023 500 3117 idest,
521 3023 703 3098 adduxisti
720 3025 808 3099 olim
834 3025 872 3098 in
897 3025 983 3118 vita,
1000 3027 1092 3098 mille
1112 3028 1206 3119 labo;
1224 3031 1344 3121 potest
1369 3026 1439 3100 boc
1464 3024 1571 3099 intel-

399 3142 461 3240 ligi
486 3143 668 3237 historice,
686 3144 772 3238 quia
788 3133 825 3235 (³)
844 3144 881 3217 in
899 3142 1022 3216 Africa
1047 3151 1103 3218 est
1129 3163 1262 3239 magna
1282 3143 1386 3239 copia
1406 3145 1570 3238 leonum,

398 3268 436 3336 et
467 3269 552 3335 sunt
583 3262 705 3335 minus
740 3261 881 3337 ieroces
912 3283 1025 3356 quam
1057 3262 1128 3356 alii,
1161 3269 1203 3338 ut
1234 3262 1320 3338 dicit
1351 3263 1507 3356 Plinius3
1534 3269 1572 3338 et

360 3457 363 3466 ,
398 3380 593 3476 allegorice
618 3386 661 3453 ut
685 3401 752 3475 per
777 3381 876 3455 mille
901 3381 1026 3456 leones
1051 3381 1231 3478 intelligas
1262 3379 1361 3475 quod
1391 3380 1520 3457 vicerit
1533 3368 1571 3472 (⁴)

398 3500 497 3576 mille
522 3500 622 3575 viros
646 3501 769 3594 fortes,
795 3503 888 3574 nella
910 3504 1095 3595 fortunata
1119 3503 1221 3592 calb,
1246 3501 1393 3596 scilicet,
1412 3499 1572 3575 fluminis

398 3619 576 3717 Bragadae
599 3621 698 3715 apud
724 3620 865 3695 Uticam
891 3619 1088 3714 civitatem,
1114 3639 1199 3714 quae
1224 3620 1328 3696 vallis
1358 3621 1425 3695 luit
1454 3621 1572 3696 iortu·

398 3747 485 3816 nata
509 3741 608 3836 genti
627 3740 817 3833 Corneliae,
835 3759 920 3835 quae
937 3739 1004 3814 luit
1020 3738 1138 3815 fatalis
1154 3739 1220 3835 ipsi
1237 3741 1466 3838 Carthagini3
1485 3760 1570 3815 nam

398 3858 516 3953 Scipio
537 3857 729 3932 Africanus
752 3858 871 3932 maior
888 3858 1004 3954 ipsam
1023 3858 1256 3933 tributariam
1278 3859 1429 3954 recitet
1453 3858 1571 3953 Scipio

397 3975 589 4049 Africanus
616 3977 736 4050 minor
762 3976 877 4071 ipsam
903 3976 1046 4052 evertit.
1073 3976 1158 4051 ideo
1182 3977 1287 4052 dicit:
1314 3979 1375 4050 cte
1395 3981 1468 4071 [ecc
1495 3979 1572 4052 Sci-

393 4099 480 4190 pion
511 4098 615 4187 redo,
640 4096 743 4190 idest,
778 4094 995 4190 dominum3
1035 4116 1120 4170 nam
1152 4097 1271 4172 baeres
1300 4095 1434 4170 dicitur
1467 4096 1572 4194 quasi

335 4229 338 4238 ’
400 4217 524 4310 herus,
549 4215 641 4289 idest
666 4215 848 4310 dominns,
866 4217 905 4289 o·
919 4215 1053 4308 pierio,
1071 4215 1158 4309 quia
1174 4235 1264 4291 vere
1284 4215 1486 4312 gloriosum
1504 4216 1573 4291 luit

400 4335 557 4430 Scipioni
587 4335 736 4410 vincere
769 4334 1007 4410 Hannibalem
1045 4334 1224 4410 victorem
1259 4354 1499 4410 romanorum
1535 4335 1572 4410 in

400 4455 516 4550 patria
541 4453 649 4550 illius,
675 4461 713 4529 et
740 4454 848 4529 dicit:
880 4455 1023 4548 qnando
1053 4454 1208 4528 Annibal
1234 4456 1286 4528 co'
1308 4456 1386 4528 suoi
1415 4456 1512 4530 diedo
1541 4457 1573 4528 lc

399 4577 531 4668 cpolim
556 4580 594 4649 et
617 4574 670 4650 sic
693 4575 777 4650 vide
803 4574 902 4669 quod
927 4573 1093 4668 loquitur
1113 4573 1160 4649 de
1186 4573 1352 4671 Scipione
1368 4573 1572 4671 superiore,

400 4693 486 4785 quia
512 4693 662 4768 inierior
687 4714 761 4769 non
787 4694 855 4767 init
880 4693 1291 4789 temporeflannibalis.
1321 4693 1459 4770 Deinde
1488 4695 1570 4770 Vir-

398 4811 509 4906 gilius
525 4820 647 4906 captat
663 4813 956 4890 benevolentiam
974 4813 1021 4887 ab
1034 4812 1177 4889 lintheo
1194 4834 1281 4888 cum
1300 4815 1459 4909 quadam
1477 4814 1571 4890 adu-

461 4995 489 5056 ι’)
506 4997 560 5054 tto,
578 4995 686 5059 scripalt.
1021 4994 1049 5058 ι’)
1065 4997 1097 5047 Ε.
1113 4995 1280 5060 colliguntur.

462 5071 489 5132 Γ)
507 5077 561 5132 lto,
578 5073 709 5136 quonlam.
1023 5071 1097 5134 (⁸213.
1114 5072 1219 5124 vicerat.

530 5179 561 5225 ιι.
836 5157 840 5166 ’
1121 5233 1124 5238 ,
1409 5181 1435 5226 ιι
1498 5239 1504 5258 Ι
