4606 6840
667 977 737 1046 278
1063 985 1266 1040 cousnruu
1291 985 1443 1039 rursum

662 1133 940 1209 interlectomm
968 1129 1123 1225 sepeliri,
1149 1129 1260 1227 Argia
1285 1130 1358 1206 filia
1384 1129 1480 1227 regis
1505 1129 1646 1204 Adrasti
1671 1135 1709 1204 et
1736 1149 1834 1203 uxor

663 1253 852 1350 Polynicis,
871 1257 1029 1349 urgente
1045 1271 1174 1325 amore
1193 1250 1272 1346 viri,
1290 1251 1389 1326 venit
1415 1251 1508 1325 inter
1529 1257 1582 1327 tot
1599 1249 1762 1346 pericula
1786 1250 1832 1324 ad

664 1394 837 1468 campum
861 1371 1029 1448 hostilem
1055 1372 1175 1446 adhue
1199 1371 1443 1468 sanguineum
1470 1372 1558 1465 sola,
1580 1370 1668 1445 nihil
1686 1371 1835 1464 timens3

665 1505 701 1572 et
733 1494 880 1568 tandem
915 1493 1108 1590 sagaciter,
1134 1492 1281 1567 invento
1306 1513 1461 1588 corpore
1486 1493 1566 1586 viri,
1593 1493 1676 1567 lecit
1696 1493 1835 1588 justam

665 1616 855 1709 querelam
882 1635 968 1688 cum
986 1613 1216 1687 amarissimo
1235 1613 1395 1708 planctu.
1414 1613 1458 1689 itt
1474 1633 1561 1689 ecce
1581 1634 1627 1689 ex
1645 1613 1715 1688 alia
1733 1621 1838 1709 parte

665 1735 835 1811 veniebat
848 1726 885 1827 (⁴)
916 1733 1097 1830 Antigone
1122 1733 1329 1809 miseranda
1354 1754 1459 1808 soror
1485 1733 1641 1808 istorum
1667 1733 1837 1828 fratrum,

666 1876 751 1950 quae
775 1855 910 1930 furtive
939 1854 1114 1930 recedens
1138 1854 1185 1929 de
1209 1854 1355 1928 civitate
1379 1854 1549 1929 veniebat
1573 1875 1660 1928 cum
1686 1855 1771 1951 igne
1796 1861 1838 1929 ut

667 1981 850 2051 cremaret
880 1995 1034 2070 corpora
1066 1995 1209 2050 eorum.
1235 1975 1333 2071 Ergo
1359 1973 1436 2047 istae
1460 1974 1544 2048 duoe
1569 1975 1728 2048 loeminae
1754 1995 1839 2068 quoe

666 2104 844 2173 venerant
876 2097 922 2171 ad
947 2096 1043 2171 idem
1069 2095 1232 2170 officium
1248 2085 1284 2188 (²)
1312 2093 1453 2189 pietatis
1478 2094 1708 2169 concorditer
1732 2114 1839 2169 assu-

666 2223 806 2294 mentes
826 2239 961 2312 corpus
974 2215 1150 2312 Polynicis
1163 2221 1404 2310 portaverunt
1423 2214 1469 2288 ad
1482 2213 1667 2288 ismenum
1682 2214 1835 2288 liuvium

665 2339 713 2413 ibi
734 2339 981 2435 propinquum
1003 2337 1264 2411 discoloratum
1279 2325 1317 2429 (³)
1338 2334 1517 2432 sanguine
1533 2334 1742 2429 hominum3
1760 2355 1836 2428 quo

664 2459 744 2534 looo
770 2459 942 2533 viderunt
968 2457 1152 2531 modicum
1179 2455 1314 2552 ignem,
1340 2454 1439 2548 quod
1465 2455 1626 2529 restabat
1642 2475 1665 2529 a
1682 2469 1838 2550 corpore

666 2579 819 2654 Eteoclis
846 2578 945 2672 quod
965 2579 1045 2673 jam
1071 2581 1302 2651 cremaverat
1327 2575 1421 2649 alius
1446 2574 1607 2669 quidam.
1635 2576 1679 2652 lit
1702 2577 1838 2673 gavisae

667 2702 704 2775 in
729 2701 876 2795 planctu
903 2703 1097 2774 traxerunt
1122 2697 1219 2794 ligna
1244 2696 1364 2770 adhuc
1381 2716 1534 2772 accensa
1551 2698 1597 2772 ad
1618 2718 1752 2792 corpus
1770 2700 1844 2772 Po-

668 2822 805 2918 lynicis,
823 2828 860 2896 et
877 2821 1050 2896 oontinuo
1075 2839 1161 2893 cum
1187 2817 1280 2915 ignis
1299 2817 1419 2912 primo
1441 2816 1557 2913 tetigit
1578 2819 1748 2892 membra
1766 2819 1842 2893 lra-

669 2943 735 3016 tris
760 2946 994 3016 tremuerunt
1009 2927 1045 3032 (⁸)
1065 2939 1174 3036 ligna,
1200 2944 1237 3013 et
1257 2958 1375 3018 novus
1401 2937 1514 3011 irater
1539 2937 1713 3032 expulsus
1734 2939 1841 3015 luita

669 3064 794 3157 tratre,
827 3069 864 3136 et
896 3062 1000 3136 lactae
1031 3065 1115 3134 sunt
1145 3059 1229 3133 duae
1246 3050 1281 3150 (⁵)
1310 3059 1467 3132 llammae
1494 3057 1774 3152 resplendentes,
1801 3065 1838 3132 et

669 3191 828 3277 uterque
853 3183 945 3279 ignis
971 3181 1161 3255 minaciter
1173 3170 1210 3272 (⁶)
1236 3179 1426 3276 elongatus
1451 3184 1507 3252 est
1530 3177 1624 3253 alter
1640 3179 1687 3253 ab
1707 3180 1834 3254 altero.

669 3306 771 3378 Tunc
794 3302 974 3399 Antigone
998 3302 1103 3398 virgo
1129 3300 1256 3375 territa
1282 3297 1475 3374 clamavit:
1498 3318 1564 3372 nos
1581 3299 1838 3373 suscitavimus

669 3426 741 3500 iras
767 3430 943 3518 mortuas,
970 3423 1056 3517 quia
1081 3422 1148 3495 iste
1174 3427 1227 3496 est
1252 3421 1345 3494 alter
1370 3419 1502 3493 irater:
1525 3419 1653 3494 vivunt
1673 3420 1767 3514 odia,
1786 3421 1842 3494 vi-

668 3552 760 3619 vunt
791 3543 916 3637 iniqua
947 3541 1040 3635 odia,
1067 3561 1136 3615 nec
1160 3540 1256 3614 bello
1281 3540 1440 3614 extincta
1464 3545 1560 3612 sunt.
1587 3539 1649 3612 His
1673 3559 1842 3634 praecon·

667 3665 844 3756 sideratis,
878 3682 975 3735 nunc
1007 3668 1062 3735 est
1092 3660 1140 3735 ad
1169 3659 1311 3734 literam
1341 3658 1581 3734 redeundum.
1608 3657 1700 3732 Dicit
1725 3679 1842 3756 ergo:

667 3784 792 3878 rispos'
804 3787 853 3875 io,
887 3803 910 3854 o
943 3788 1094 3854 maestro
1127 3783 1211 3872 mio,
1243 3781 1279 3852 io
1311 3799 1378 3851 son
1405 3773 1467 3870 piri
1500 3785 1594 3852 certo
1625 3799 1692 3871 per
1721 3783 1844 3871 oduei,

671 3905 775 4000 quasi
799 3903 909 3978 dicat:
937 3923 1009 3976 non
1035 3901 1196 3996 displicet
1221 3899 1310 3973 mihi
1335 3899 1480 3974 audisse
1495 3890 1531 3992 (⁷)
1557 3920 1580 3974 a
1605 3912 1642 3977 te
1668 3902 1766 3995 quod
1788 3903 1844 3976 in-

671 4036 729 4102 tra
754 4028 920 4100 llammas
945 4025 1057 4100 latent
1083 4022 1241 4118 spiritus,
1267 4021 1353 4115 quia
1375 4042 1419 4096 er
1437 4021 1508 4096 hoc
1525 4042 1608 4094 sum
1627 4023 1745 4097 lactus
1762 4043 1843 4098 cer-

672 4149 754 4242 tior,
780 4153 903 4220 tamen
928 4145 1023 4218 bene
1047 4142 1276 4239 imaginabar
1303 4141 1401 4236 quod
1427 4141 1477 4216 sic
1503 4147 1617 4237 esset3
1635 4142 1717 4217 ideo
1733 4143 1842 4218 dicit:

672 4289 732 4342 ma
755 4256 816 4359 gid
841 4267 956 4337 m'era
981 4267 1079 4337 aoiso
1104 4263 1163 4334 coe
1187 4253 1258 4334 cosi
1279 4265 1386 4356 fosse,
1404 4267 1441 4336 et
1461 4262 1542 4336 ideo
1559 4283 1843 4357 praesupponens

671 4391 742 4464 hoc
766 4408 834 4483 pro
859 4406 949 4461 vero
974 4384 1142 4458 volebam
1171 4391 1296 4476 petere
1320 4381 1367 4456 de
1393 4402 1468 4456 uno
1485 4383 1569 4480 igne
1587 4383 1744 4457 habente
1768 4383 1843 4457 duo

672 4508 789 4604 capita
822 4507 859 4580 in
894 4505 1024 4581 eodem
1059 4522 1224 4598 corpore.
1260 4502 1345 4577 ldeo
1374 4502 1481 4577 dicit:
1510 4493 1614 4594 egid
1638 4505 1737 4576 colea
1761 4505 1847 4576 dirti

671 4633 725 4704 clu'
749 4626 770 4703 e*
791 4631 829 4700 in
853 4629 932 4719 qrtel
952 4630 1033 4720 [oco
1058 4627 1118 4697 coe
1142 4625 1217 4696 vien
1243 4616 1274 4696 si
1298 4625 1410 4697 dinuo
1434 4626 1473 4697 di
1495 4645 1617 4716 sopra,
1644 4623 1779 4699 scilicet
1805 4623 1843 4697 in

670 4749 893 4841 summitate,
925 4746 1011 4840 quia
1041 4744 1154 4819 habet
1178 4745 1270 4818 duas
1295 4751 1463 4839 punctas;
1490 4751 1526 4817 et
1542 4744 1703 4818 declarat
1728 4743 1839 4818 istum

674 4897 751 4908 ..ι-ιιι·
965 4893 1296 4902 --ι--ο-..ι-α--ι-ι.-

733 4967 760 5028 (¹)
777 4965 808 5016 B.
826 4963 1006 5028 pruveniehat.
1292 4961 1319 5024 (⁸)
1336 4961 1366 5011 E.
1382 4959 1514 5012 ellectum.

734 5043 761 5106 (⁸)
778 5043 809 5092 B.
825 5041 1012 5092 discolatumm
1029 5041 1188 5104 sanguinem.
1294 5038 1321 5102 θ)
1339 5041 1384 5091 lid
1400 5053 1416 5088 o
1432 5037 1463 5088 B.
1480 5043 1672 5090 cremaverunt.

737 5119 763 5183 lt
780 5119 811 5170 B·
828 5117 954 5170 ”cunda
1295 5113 1322 5178 ι’)
1338 5115 1369 5166 Ii.
1386 5116 1517 5168 vivaciter.
1579 5115 1606 5178 (¹)
1623 5115 1649 5168 S.
1666 5117 1800 5168 audivisse.
