4580 6844
720 987 859 1044 caurus
884 987 1076 1045 vrassanum
1101 985 1271 1043 manvus.
1511 979 1581 1046 373

405 1141 464 1210 αι
487 1134 536 1209 ab
560 1131 704 1226 aribus,
732 1125 879 1226 sieutl⁴l
908 1133 1027 1208 lulius
1057 1133 1184 1209 Celsus
1217 1131 1303 1209 dicit
1336 1139 1374 1210 et
1402 1136 1584 1232 Lucanus,

408 1255 472 1349 qui
498 1274 566 1350 pro
592 1273 729 1349 magua
754 1260 860 1348 parte
885 1253 1054 1348 sequitur
1079 1253 1195 1327 illurn.

407 1411 410 1420 ·
481 1381 528 1450 Et
547 1395 607 1448 uu.
632 1374 703 1448 lsta
730 1380 786 1448 est
811 1380 944 1468 quarta
966 1395 1052 1469 pers
1071 1373 1255 1470 generalis
1274 1375 1422 1470 capituli
1447 1375 1485 1450 iu
1510 1397 1585 1472 qua

407 1499 518 1570 autor
549 1493 721 1569 describit
752 1493 847 1569 duos
877 1494 1026 1591 spiritus
1057 1495 1265 1591 modernos,
1295 1517 1458 1590 quorum
1490 1499 1584 1573 alter

407 1614 603 1690 seminarit
628 1635 806 1711 maguum
832 1615 963 1690 scisma
989 1609 1181 1710 lupatria,
1211 1617 1306 1691 alter
1334 1615 1429 1692 inter
1450 1637 1584 1712 pareu-

403 1741 483 1827 tes3
503 1732 675 1808 describit
691 1753 783 1830 ergo
800 1734 960 1829 primum
978 1755 1002 1808 a
1019 1755 1088 1808 sua
1104 1733 1250 1829 speciali
1267 1755 1387 1830 prena.
1406 1734 1460 1811 Ad
1477 1721 1604 1812 cuin?

409 1851 655 1949 cognitionem
681 1857 736 1926 est
759 1852 963 1947 sciendum,
984 1854 1083 1947 quod
1103 1853 1172 1928 iste
1192 1854 1259 1927 luit
1279 1855 1429 1948 quidam
1456 1855 1585 1930 nobilis

412 1973 518 2048 miles
541 1971 587 2046 de
603 1972 809 2047 Lambertis
825 1972 872 2048 de
889 1971 1083 2068 Florentia,
1101 1973 1251 2048 nomine
1267 1975 1402 2069 llusca,
1420 1975 1483 2070 qui
1499 1995 1586 2072 per·

411 2092 526 2167 suasit
549 2093 670 2187 palam
696 2091 734 2166 in
759 2093 910 2168 consilio
936 2091 1113 2167 nobilium
1137 2092 1420 2189 gbibellinorum
1440 2096 1486 2171 de
1502 2096 1586 2171 Flo-

413 2213 543 2307 rentia,
570 2213 631 2288 ubi
657 2223 765 2289 eruut
788 2213 926 2308 Uberti‚
943 2212 1140 2308 tumuerat,
1159 2213 1311 2308 dmidei,
1330 2221 1367 2290 et
1387 2215 1448 2290 alii
1468 2217 1586 2310 multi,

412 2332 692 2428 quodquidam
725 2333 897 2430 egregius
922 2333 1081 2428 juvenis,
1114 2341 1267 2408 vocatus
1299 2336 1587 2413 Bondelmontus
1653 2397 1655 2402 .

332 2487 337 2501 ·
412 2453 459 2528 de
491 2452 816 2528 Bendelmontibus
851 2452 1111 2546 trucidaretur,
1146 2453 1233 2546 quia
1266 2453 1413 2530 dimissa
1445 2466 1588 2532 temere

413 2593 487 2646 una
513 2571 560 2646 de
584 2571 754 2666 dmideis,
781 2593 866 2666 quae
891 2579 974 2648 erat
997 2572 1065 2647 sibi
1085 2574 1276 2668 promissa,
1294 2574 1453 2650 duxerat
1476 2577 1587 2650 aliam

412 2692 631 2768 deponatis
657 2692 694 2766 in
721 2711 890 2768 uxorem.
917 2694 961 2767 Et
986 2713 1073 2769 cum
1092 2693 1242 2787 quidam
1261 2695 1424 2771 saniores
1441 2696 1478 2770 in
1499 2716 1589 2772 con-

414 2813 493 2887 silio
509 2802 547 2904 (¹)
572 2811 835 2907 dissuaderent,
861 2817 898 2886 ct
922 2812 1097 2907 dicerent,
1119 2814 1218 2908 quod
1240 2812 1320 2889 linis
1341 2811 1422 2890 er'et
1446 2817 1588 2912 prospi-

413 2935 564 3011 ciendus
576 2924 630 3028 (³),
654 2935 777 3008 Musca
809 2932 898 3007 dixit
928 2933 1017 3008 illud
1048 2934 1206 3030 vulgare
1237 2935 1494 3032 proverbium:
1521 2942 1589 3010 lter

412 3061 510 3153 sucta
530 3059 637 3150 ltncm
662 3055 763 3147 capit
790 3052 927 3128 Deinde
959 3053 1036 3148 ipse
1066 3073 1153 3128 cum
1186 3054 1404 3148 quibusdam
1438 3055 1517 3130 aliis
1542 3056 1589 3130 de

414 3177 519 3272 parte
544 3195 613 3248 sua
637 3174 785 3248 iverunt
810 3179 848 3248 et
869 3172 1147 3248 trucidaverunt
1163 3170 1301 3248 dictum
1320 3173 1472 3250 militem
1491 3175 1590 3249 Bon-

415 3296 657 3388 delmcntem3
683 3313 729 3368 ex
756 3312 831 3386 quo
862 3299 989 3388 postea
1019 3299 1105 3368 nata
1135 3299 1190 3368 est
1221 3300 1321 3369 tanta
1335 3283 1373 3388 (⁸)
1406 3295 1461 3391 lis,
1491 3295 1590 3391 quud

417 3420 608 3513 magnates
632 3413 679 3488 de
703 3420 808 3508 parte
831 3411 1027 3509 ghibellina
1044 3419 1131 3487 sunt
1151 3413 1303 3509 expulsi.
1330 3415 1415 3491 llaec
1440 3415 1590 3491 historia

415 3535 580 3633 tangitur
604 3534 746 3631 plenius
771 3533 932 3608 Paradisi
957 3533 1116 3629 capitulo
1142 3534 1242 3628 XVl;
1268 3535 1350 3611 ideo
1375 3536 1538 3614 breviter
1552 3527 1625 3652 (Ἥ

417 3657 532 3754 ipsam
542 3654 815 3751 perstrinxind
828 3653 973 3728 literam
987 3654 1332 3750 ergo3dicitaut0r:
1346 3663 1435 3729 etun
1449 3659 1592 3730 clt’cuec

415 3779 438 3850 t’
451 3797 524 3850 una
548 3797 568 3848 e
591 3779 614 3848 ι’
627 3779 724 3848 uttm
748 3794 833 3847 man
857 3793 1009 3866 mozzc5
1033 3779 1073 3848 et
1097 3773 1156 3848 bic
1178 3782 1263 3850 nota
1286 3775 1385 3870 quod
1404 3782 1514 3851 autor
1530 3775 1593 3851 dat

416 3893 474 3970 isti
498 3894 658 3970 debitam
684 3912 845 3989 poenam,
863 3893 951 3987 quia
976 3913 1022 3966 ex
1048 3893 1199 3967 consilio
1215 3893 1296 3968 eius
1316 3894 1515 3969 deventum
1537 3901 1593 3968 est

417 4014 464 4090 ad
488 4012 718 4110 sanguinem,
744 4013 791 4088 ad
825 4018 975 4105 mortes,
1010 4011 1057 4086 ad
1086 4011 1261 4106 vulnera3
1289 4018 1326 4087 et
1356 4012 1444 4106 quia
1468 4013 1592 4088 llusca

418 4154 492 4210 non
526 4134 647 4208 sulum
677 4154 764 4209 cum
798 4133 937 4230 lingua,
967 4131 1031 4207 sed
1060 4151 1146 4207 cum
1180 4132 1351 4216 manibus
1380 4134 1593 4229 procuravit

418 4254 552 4329 dietam
582 4251 820 4348 discordiam3
855 4252 937 4327 ideo
966 4252 1062 4327 bene
1090 4252 1138 4326 ab
1172 4257 1305 4328 autore
1335 4253 1483 4349 ponitur
1515 4254 1594 4329 sine

419 4376 601 4470 manibus,
626 4375 696 4448 ista
721 4375 819 4450 enirn
846 4393 947 4449 mors
972 4372 1040 4447 luit
1064 4372 1250 4468 potissima
1275 4392 1387 4447 causa
1409 4373 1592 4448 bellorum

419 4497 593 4590 civilium,
619 4503 658 4570 et
681 4494 939 4570 scandalorum
965 4493 1169 4570 Florentia.
1191 4492 1285 4568 nteit
1309 4514 1420 4590 ergo:
1445 4497 1595 4569 leuando

419 4621 433 4691 i
458 4619 671 4708 menese,
696 4615 800 4710 idest,
826 4613 976 4689 brechia
1001 4619 1173 4689 truncata
1204 4613 1385 4710 menibus,
1402 4635 1470 4708 per
1495 4619 1595 4692 t'cer

482 4879 510 4942 (¹)
525 4880 551 4931 S.
568 4881 636 4932 deut
649 4883 767 4934 rcribunt
781 4882 869 4933 lullus
883 4881 972 4933 Celare
988 4887 1016 4932 et
1031 4882 1160 4941 tumus,
1176 4882 1231 4946 qut.

481 4955 509 5018 (¹)
525 4956 556 5006 B.
573 4959 680 5010 constitu
695 4959 762 5010 illud
778 4959 961 5020 dissuadentes,
978 4959 1104 5009 dlcercnt.

480 5032 507 5094 (⁸)
524 5038 579 5092 tlt.
596 5035 799 5100 pemptclendm.
1161 5033 1189 5098 ζ’)
1205 5033 1230 5084 S.
1248 5033 1307 5083 talin
1325 5031 1364 5082 lia.

480 5110 509 5172 (⁸)
523 5111 553 5162 lt
571 5111 685 5164 brerlter
700 5125 758 5164 erm
775 5113 940 5178 pretermisi
956 5113 1008 5165 Aa.
