4566 6844
736 1343 900 1414 CANTUS
923 1341 1181 1411 TRIGESIMUS
1205 1341 1406 1425 QUARTUS
1428 1341 1484 1410 ET
1507 1339 1699 1408 ULTIMUS
1717 1339 1904 1419 INFERNI,

813 1457 1259 1542 inpuctrcctatdestatu
1288 1452 1905 1540 Luciferietdessmfipcra,aede

808 1588 907 1650 poenc
927 1566 1024 1634 Judoe
1051 1566 1204 1646 Sacc-iotis,
1236 1572 1267 1633 et
1297 1565 1403 1634 Cassii
1424 1573 1454 1633 et
1475 1566 1576 1632 Boset
1601 1569 1860 1632 censerem
1884 1583 1906 1628 c

815 1677 980 1762 Lucifero,·
992 1683 1023 1744 et
1035 1679 1116 1744 εὲοιιτ
1129 1678 1207 1744 visis
1221 1679 1363 1745 meus
1378 1679 1541 1745 ecivmut
1557 1677 1647 1744 ambo
1662 1676 1701 1742 de
1715 1675 1837 1759 abysso,
1849 1673 1906 1739 ubi

815 1787 969 1874 erdius
990 1787 1162 1856 declaravit
1183 1786 1287 1856 Danti
1308 1789 1476 1874 perseam
1498 1788 1698 1874 quoeuioncm
1719 1791 1774 1854 cte.

810 2068 999 2244 Knffl
1028 2173 1122 2262 repis
1144 2173 1319 2264 prodeunt
1341 2173 1485 2264 Insere.
1512 2170 1709 2263 Postquam
1734 2167 1771 2240 iu
1795 2185 1907 2261 supe-

739 2291 826 2366 riori
852 2289 1009 2386 capitulo
1034 2289 1200 2385 proxime
1217 2289 1434 2385 precedenti
1454 2295 1564 2366 autor
1588 2294 1712 2364 nester
1737 2285 1906 2363 tractavit

738 2418 775 2487 et
791 2410 1047 2487 determinavit
1063 2409 1110 2484 de
1127 2409 1233 2486 tertia
1251 2410 1370 2506 specie
1382 2409 1610 2505 proditorum
1624 2408 1688 2504 qui
1701 2406 1905 2504 puniuntur

739 2531 776 2606 iu
807 2532 913 2607 tertia
946 2531 1066 2626 specie
1090 2531 1191 2605 lucus
1219 2531 1403 2628 glacialis,
1433 2551 1532 2606 nuuc
1565 2536 1833 2624 cousequenter
1869 2528 1904 2600 iu

740 2653 900 2726 xxxuu
934 2657 971 2728 et
1003 2651 1131 2726 ultimo
1163 2651 1321 2747 capitulo
1351 2651 1426 2748 agit
1460 2657 1497 2726 et
1529 2656 1660 2727 tractat
1692 2649 1739 2726 de
1773 2654 1905 2744 quartu

741 2771 861 2868 specie
877 2769 1104 2867 proditorum
1123 2777 1160 2846 et
1176 2791 1284 2865 poeuu
1295 2765 1332 2864 (¹)
1351 2791 1483 2846 eorum
1501 2771 1564 2866 qui
1581 2769 1819 2867 prodiderunt
1839 2767 1907 2842 dc·

741 2892 860 2968 minos
884 2911 982 2985 suos,
1007 2911 1029 2964 u
1055 2889 1189 2985 quihus
1214 2899 1429 2986 receperant
1453 2891 1570 2967 multu
1586 2898 1624 2966 et
1641 2909 1776 2987 magua
1792 2887 1907 2963 bene-

740 3011 833 3106 flcie,
850 3011 913 3106 qui
935 3010 1138 3106 puniuntur
1164 3010 1200 3085 iu
1226 3021 1358 3106 quartu
1382 3017 1488 3108 perte
1512 3011 1651 3108 glaciei.
1665 3011 1720 3084 ut
1745 3027 1905 3104 presens

739 3131 939 3228 capitutum
966 3138 1082 3227 potest
1104 3130 1265 3208 breviter
1281 3131 1389 3208 dividi
1407 3133 1444 3206 iu
1462 3138 1536 3208 tres
1553 3137 1675 3228 partes
1692 3131 1905 3229 generalem

740 3251 777 3326 iu
802 3252 921 3348 primu
947 3273 1107 3347 quarum
1133 3252 1304 3330 describit
1329 3253 1366 3327 iu
1390 3254 1553 3350 generali
1576 3273 1725 3348 poeuam
1750 3252 1905 3326 istorum

739 3371 982 3468 proditorum,
1003 3379 1041 3449 et
1062 3374 1321 3469 imperatorem
1348 3380 1386 3449 et
1411 3372 1600 3448 domiuum
1627 3373 1738 3447 totius
1762 3371 1906 3466 inferni,

740 3491 804 3586 qui
828 3493 990 3568 consistit
1015 3493 1052 3566 iu
1077 3499 1213 3568 centro.
1240 3495 1281 3568 lu
1310 3492 1471 3568 secunda
1500 3492 1671 3568 describit
1702 3491 1738 3566 iu
1764 3491 1909 3586 speciali

743 3611 873 3706 triplex
898 3620 1009 3708 caput
1033 3614 1202 3708 Luciferi,
1228 3620 1266 3688 et
1287 3620 1360 3688 tres
1385 3612 1531 3708 spiritus
1557 3614 1621 3708 qui
1642 3613 1848 3709 puniuntur
1873 3612 1910 3686 iu

741 3731 869 3827 triptici
893 3753 960 3808 cre
984 3733 1075 3827 eius,
1102 3733 1169 3807 ibi:
1201 3737 1396 3824 Opuamc.
1423 3734 1464 3808 tu
1490 3733 1596 3810 tertia
1622 3740 1659 3812 et
1685 3734 1813 3808 ultima
1838 3732 1904 3808 de-

741 3850 865 3927 scribit
880 3873 992 3928 suum
1011 3873 1198 3930 recessum
1215 3853 1263 3928 uh
1283 3852 1437 3948 iniemc,
1452 3861 1489 3930 et
1506 3860 1673 3930 removet
1692 3852 1768 3928 duo
1784 3851 1907 3946 dubia,

740 3972 838 4048 circu
849 3989 852 3996 ⁴
863 3971 983 4068 ipsum
1009 3993 1208 4069 recessum,
1225 3973 1294 4048 ibi:
1313 3979 1376 4048 tia
1391 3977 1427 4048 lc
1443 3982 1544 4050 cette.
1564 3973 1618 4050 Ad
1635 3973 1796 4069 primum
1814 3973 1909 4066 dice,

741 4092 840 4186 quod
873 4099 983 4168 autor
1017 4099 1148 4168 tractet
1181 4093 1228 4170 de
1261 4115 1370 4189 poeua
1405 4093 1632 4190 proditorum
1663 4093 1907 4190 pessimorum

741 4213 928 4307 omnium3
949 4213 1013 4290 sed
1030 4214 1148 4309 primo
1165 4214 1350 4310 praemittit
1367 4215 1470 4313 sigua
1495 4215 1726 4310 imperatoris
1752 4233 1907 4290 maneu-

742 4333 787 4406 tis
812 4333 849 4408 iu
879 4333 947 4408 isto
978 4334 1071 4428 lucc,
1100 4334 1246 4412 diceus:
1280 4337 1309 4410 u
1337 4343 1490 4410 maestrc
1519 4339 1588 4410 mio
1617 4339 1733 4410 dcse:
1765 4337 1909 4426 meua,

741 4451 844 4548 idest,
866 4453 1029 4551 insignia,
1047 4454 1181 4530 scilicet
1206 4475 1271 4530 sex
1296 4456 1365 4530 ulae
1389 4456 1558 4551 Luciferi,
1581 4475 1667 4550 quae
1691 4454 1911 4532 videbuntur

742 4593 875 4670 magus
903 4574 1007 4668 vella,
1034 4575 1128 4650 sicut
1152 4574 1284 4650 dicitur
1310 4576 1368 4651 hic
1393 4576 1503 4672 paulo
1525 4576 1630 4671 iufra,
1647 4578 1742 4667 repr's
1758 4577 1908 4670 inserui,

742 4692 845 4790 idest,
870 4693 1065 4789 infernalis,
1088 4699 1275 4789 prodeunt,
1292 4695 1394 4792 idest,
1417 4703 1607 4792 exeunte
1629 4695 1737 4794 tonge
1758 4695 1910 4772 veniunt

743 4811 789 4886 ud
823 4813 943 4889 risum
979 4822 1157 4910 nostrum,
1191 4815 1277 4910 quie
1310 4823 1449 4912 quanto
1479 4815 1599 4892 maius
1636 4823 1691 4894 est
1720 4816 1908 4909 vexillum,

823 4985 831 4988 -
853 4983 1017 4990 ———-
1053 4983 1284 4990 —-.--.-..-----
1395 4985 1545 4992 ——-——-
1567 4985 1582 4992 ο
1617 4981 1907 4992 -——--..—-....0

806 5082 1021 5147 (teum.
