4606 6840
481 1354 647 1424 cnutus
675 1353 908 1424 VIGFSIMUS
936 1353 1157 1436 SEPTIMUS,
1189 1356 1226 1422 in
1253 1374 1314 1440 prro
1343 1359 1460 1422 enatat
1481 1354 1521 1420 de
1542 1359 1652 1422 octava
1747 1445 1751 1452 ¹

558 1466 667 1552 napta
688 1471 719 1534 et
740 1465 780 1534 da
793 1467 962 1550 predictis
983 1466 1151 1550 spiritibus
1167 1468 1204 1534 io
1224 1465 1365 1548 flammis
1386 1466 1482 1550 iperio,
1506 1467 1562 1550 qui
1581 1465 1651 1549 sue-

558 1583 635 1644 rent
655 1577 734 1644 maii
755 1577 946 1646 comuitoree
967 1578 1025 1646 aab
1047 1577 1138 1644 tinto
1157 1579 1278 1646 condtis
1297 1575 1651 1644 Guidmisdadionte·

558 1687 664 1771 sotira,
693 1691 748 1773 poi
777 1689 878 1756 mam
899 1689 982 1756 deicit
1010 1689 1056 1758 eis
1085 1689 1125 1758 de
1153 1690 1222 1758 otis
1249 1689 1394 1775 nepotes,
1425 1707 1463 1756 oc
1492 1687 1532 1756 de
1557 1707 1650 1771 papo

561 1797 745 1881 nessaeo.
1100 1779 1114 1808 ⁴

559 2103 674 2274 Gn
695 2215 761 2270 era
776 2197 884 2270 dritta
899 2199 937 2270 ia
952 2217 994 2271 su
1014 2199 1212 2290 inflamma
1230 2219 1250 2271 e
1268 2199 1375 2274 onem
1395 2198 1592 2291 Postquam
1614 2196 1651 2270 in

481 2316 663 2413 superiori
687 2315 845 2412 capitulo
870 2316 1038 2412 proxime
1063 2316 1282 2421 precedenti
1307 2323 1417 2393 autor
1433 2323 1558 2392 noster
1575 2321 1652 2392 tra·

481 2437 593 2514 ctavit
616 2443 655 2513 et
678 2436 934 2512 determinavit
957 2436 1004 2512 de
1028 2457 1137 2532 poena
1162 2442 1382 2531 astutorum,
1408 2435 1472 2531 qui
1492 2435 1549 2510 usi
1565 2442 1652 2510 sunt

479 2555 614 2634 astutia
638 2556 676 2631 in
700 2555 802 2632 iactis
826 2555 995 2653 propriis3
1021 2575 1121 2631 nunc
1144 2562 1414 2650 comequeuter
1438 2555 1475 2630 in
1499 2555 1568 2632 isto
1588 2575 1651 2630 ca-

481 2676 596 2772 pitulo
613 2675 741 2750 XXVII
765 2675 843 2774 agit
866 2682 904 2752 et
929 2681 1060 2754 tractat
1076 2676 1123 2751 de
1138 2696 1247 2771 poena
1263 2682 1485 2770 astutorum,
1503 2675 1566 2770 qui
1591 2675 1649 2750 usi

483 2801 570 2870 sunt
596 2795 731 2872 astutia
756 2802 794 2872 et
817 2817 885 2892 pro
914 2817 955 2872 se
979 2802 1016 2872 et
1040 2813 1108 2891 pro
1136 2795 1215 2873 aliis
1230 2789 1279 2890 (⁴),
1305 2795 1373 2870 iilis
1396 2795 1651 2872 fraudulenter

482 2915 789 3011 consulendo,qui
798 2907 1048 3012 puniuntur(‘)
1060 2915 1168 2991 simui
1181 2914 1360 2990 ineadem
1373 2914 1498 3012 bulgio
1507 2923 1650 3011 octava,

482 3042 520 3112 et
535 3035 665 3112 eadem
684 3056 792 3132 poeua
810 3035 1056 3112 flammarum.
1074 3036 1119 3109 iit
1134 3054 1294 3131 presens
1313 3033 1514 3131 capitulum
1532 3042 1652 3131 potest

482 3297 568 3352 rum
592 3283 703 3352 autor
733 3274 930 3352 introducit
954 3274 1068 3350 adum
1093 3275 1261 3372 spiritum
1287 3274 1506 3352 modernum
1533 3275 1652 3352 mmo·

481 3395 678 3489 sissimum,
711 3395 775 3488 qui
800 3394 889 3490 petit
912 3394 959 3471 de
983 3399 1081 3468 statu
1105 3394 1301 3490 provincie
1326 3393 1585 3471 Romandioiae.
1611 3395 1652 3470 ln

480 3515 641 3593 secanda
665 3523 776 3590 autor
800 3514 995 3610 respondet
1018 3515 1065 3590 ad
1078 3505 1117 3608 (⁸)
1139 3516 1335 3610 quaesitum
1353 3515 1562 3592 describens
1578 3523 1652 3592 sta-

480 3643 559 3711 tum
586 3634 680 3709 iltius
704 3633 900 3728 provinciae
924 3654 993 3710 suo
1018 3642 1197 3731 tempore,
1222 3635 1291 3712 ihi:
1321 3642 1363 3712 Io
1387 3659 1453 3712 ero
1477 3640 1516 3712 io
1539 3641 1649 3732 peno.

478 3755 519 3830 ln
545 3753 652 3830 tertia
677 3753 794 3828 dictus
819 3752 967 3848 spiritus
992 3761 1159 3830 recenset
1183 3753 1341 3832 sormam
1359 3777 1437 3832 snm
1457 3757 1553 3852 vitm,
1570 3777 1653 3832 mo-

478 3875 569 3950 dum
594 3891 672 3948 sue
697 3871 957 3967 conversionis,
982 3883 1020 3950 et
1045 3893 1196 3949 causam
1214 3895 1291 3949 sne
1308 3874 1559 3971 damnationis,
1577 3875 1650 3950 ibi:

478 3995 605 4068 Porcia
629 3995 689 4066 cte
706 3995 733 4067 'i
751 3996 842 4087 seco.
869 3991 923 4067 tn
947 3991 1109 4087 primum
1136 3992 1287 4068 veniens
1312 3991 1394 4069 dico
1419 3994 1517 4089 quod
1542 3999 1652 4070 autor

479 4111 675 4188 introducit
704 4111 819 4186 alium
855 4110 1024 4207 spiritum
1056 4109 1275 4187 modernum
1308 4112 1585 4206 astutissimam,
1614 4118 1652 4188 et

479 4231 601 4328 primo
624 4229 814 4308 continuat
838 4251 879 4308 se
903 4231 949 4306 ad
975 4229 1228 4327 precedentia,
1253 4229 1399 4306 dicens:
1432 4234 1470 4305 ta
1489 4235 1650 4325 Moneo,

478 4351 626 4446 scilicet,
651 4351 788 4449 Ulyxis,
813 4340 875 4444 pid
907 4370 973 4425 era
1003 4353 1114 4424 dritta
1143 4353 1181 4424 ia
1204 4370 1269 4444 επις
1295 4357 1333 4426 et
1357 4350 1416 4427 hic
1440 4356 1527 4425 nota
1551 4350 1651 4447 quod

477 4477 589 4548 autor
614 4471 778 4568 loquitur
803 4470 1019 4546 naturaliter
1040 4476 1078 4547 et
1093 4469 1252 4566 proprie,
1279 4469 1366 4564 quia
1385 4470 1535 4546 damma
1554 4459 1649 4564 ded)

477 4611 519 4668 se
543 4611 690 4689 semper
720 4591 937 4668 naturaiiter
961 4589 1075 4666 tendit
1098 4611 1260 4684 sursum,
1286 4590 1345 4666 hic
1368 4598 1493 4669 autem
1521 4609 1650 4666 move-

479 4709 589 4785 batur
612 4713 766 4787 horsum
791 4719 830 4788 ct
853 4712 1018 4788 illorsum
1043 4709 1247 4786 secundum
1274 4715 1417 4786 motum
1443 4710 1578 4808 tingue
1594 4708 1651 4785 in·-

478 4826 640 4922 terioris;
665 4829 730 4904 sed
760 4831 855 4906 iacto
881 4829 954 4906 tine
985 4829 1147 4907 sermoni
1179 4828 1353 4905 continuo
1382 4831 1531 4905 damma
1553 4829 1650 4904 redi·

538 5015 567 5079 (¹)
583 5020 638 5076 tta,
654 5017 720 5076 altit.
736 5017 918 5070 frudulenter
932 5017 1100 5070 complendo.
1229 5013 1257 5078 Γ)
1274 5015 1304 5066 11.
1321 5021 1473 5080 patrumm.

539 5089 793 5158 013·th
1231 5089 1540 5156 iili-tttrwmw·
