4534 6842
679 927 748 996 186
1073 939 1276 995 ῦΟΜΕῙΠΠΙί
1300 939 1452 994 imru

678 1089 789 1158 terre
813 1090 851 1160 et
875 1083 1010 1158 ostium
1035 1083 1167 1159 domus
1200 1083 1266 1160 bei
1291 1083 1459 1177 vertitur,
1488 1085 1602 1158 semel
1617 1075 1653 1176 (¹)
1681 1090 1845 1159 reverte·

676 1204 811 1278 bantur
835 1223 858 1277 a
882 1203 1015 1298 palatio
1040 1203 1177 1277 summi
1201 1202 1390 1298 pontilicis,
1414 1203 1532 1298 stipati
1558 1204 1670 1279 densa
1694 1205 1774 1280 acie
1791 1205 1845 1281 la·

676 1325 875 1399 mulorum.
903 1324 1032 1418 llagna
1056 1329 1182 1398 autem
1201 1322 1309 1400 turba
1329 1324 1550 1398 miserorum
1572 1324 1842 1420 expectantium

676 1443 794 1520 stabat
808 1433 843 1534 t')
871 1441 917 1516 ad
942 1450 1098 1537 portam,
1117 1443 1250 1537 quibus
1271 1444 1329 1518 illa
1346 1444 1483 1537 civitas,
1501 1443 1625 1520 odiosa
1641 1445 1728 1538 Deo,
1746 1463 1844 1518 sem·

671 1567 743 1656 ¹por
768 1567 823 1636 est
847 1563 964 1656 plena,
989 1562 1183 1656 perdentes
1198 1552 1236 1655 (³)
1253 1581 1334 1657 spes
1354 1562 1578 1657 vanissimas,
1598 1562 1771 1656 animam,
1789 1563 1844 1637 ri-

677 1689 766 1776 tam,
790 1681 943 1776 divitias,
968 1689 1006 1756 et
1029 1701 1141 1757 omne
1173 1689 1327 1776 tempus.
1358 1683 1428 1771 Qui
1460 1682 1545 1757 visis
1576 1682 1842 1778 protectoribus

676 1803 763 1897 suiS,
788 1802 904 1877 immo
934 1800 1058 1877 verius
1086 1800 1343 1896 proditoribus,
1368 1802 1405 1876 in
1435 1802 1569 1896 quibus
1600 1822 1701 1897 spem
1727 1803 1842 1878 habe-

676 1921 776 2014 bant,
792 1927 983 2016 ooeperunt
999 1921 1316 2015 circumstrepere,
1333 1927 1370 1996 et
1385 1923 1580 2016 quisquam
1601 1929 1738 2016 petere,
1756 1941 1841 2015 quae

676 2041 833 2134 fortuna,
859 2046 897 2115 et
923 2041 1004 2135 quis
1029 2047 1144 2115 status
1168 2061 1295 2116 rerum
1321 2061 1473 2116 suarum
1495 2048 1591 2118 esset
1614 2059 1726 2138 penes
1750 2061 1841 2136 pon-

676 2160 821 2235 tificem.
848 2161 951 2235 'lunc
975 2181 1072 2234 unus
1088 2161 1340 2255 cardinalium,
1361 2179 1434 2236 non
1455 2167 1618 2238 mutatus
1643 2160 1680 2234 in
1706 2161 1840 2254 aliquo,

675 2279 713 2353 in
739 2300 782 2354 re
806 2281 937 2374 subita,
962 2285 1152 2375 tamquam
1178 2281 1248 2374 ille,
1270 2280 1333 2374 qni
1353 2281 1433 2375 jam
1458 2279 1598 2354 dudum
1624 2279 1757 2354 talibus
1781 2299 1842 2353 as-⁴

675 2407 858 2493 sueverat,
884 2421 958 2475 non
983 2406 1100 2474 motus
1125 2400 1248 2495 aliqua
1273 2399 1494 2475 verecundia
1513 2421 1591 2493 sua,
1609 2400 1669 2474 vel
1694 2399 1842 2474 miseria

677 2523 909 2617 miserorum,
935 2523 1107 2596 mirabilis
1133 2523 1408 2598 mendaciorum
1430 2521 1573 2616 artifex,
1594 2521 1704 2616 coepit
1717 2511 1755 2614 (⁶)
1781 2541 1843 2598 re·

676 2641 854 2736 spondere
880 2641 1039 2738 singulis,
1066 2641 1153 2735 quid
1177 2642 1252 2736 spei
1277 2642 1441 2735 baberet,
1460 2648 1526 2715 aut
1550 2640 1638 2734 quid
1663 2660 1756 2736 papa
1782 2661 1842 2717 re·

676 2759 876 2854 spondisset
905 2781 1015 2854 super
1047 2761 1194 2856 negotio
1223 2779 1302 2853 suo,
1337 2767 1374 2834 et
1403 2759 1454 2836 sic
1482 2761 1601 2835 fronte
1633 2759 1842 2836 meretricia

676 2901 804 2955 omnes
820 2901 843 2954 a
859 2901 899 2955 se
915 2880 1137 2974 dimittebat3
1155 2901 1315 2974 quorum
1332 2880 1443 2973 aliqui
1466 2879 1686 2957 recedebant
1704 2872 1741 2972 (⁵)
1760 2881 1842 2955 lactu

676 3002 779 3094 lucie,
803 3001 916 3094 aliqui
941 3000 1031 3075 tristi
1045 2991 1082 3092 (⁰)
1114 3019 1181 3094 pro
1212 3000 1386 3093 qualitate
1417 3001 1589 3094 responsi.
1620 3001 1722 3074 Tunc
1747 3002 1842 3075 alter

675 3121 866 3197 cardinalis
891 3121 1074 3195 nobilioris
1099 3127 1252 3213 naturae,
1277 3126 1315 3195 et
1343 3119 1615 3195 verecundioris
1644 3121 1768 3215 animi,
1802 3127 1842 3195 et

676 3241 751 3334 qui,
776 3239 842 3314 nisi
867 3239 993 3314 suisset
1016 3238 1063 3314 de
1079 3239 1140 3313 illo
1159 3239 1322 3335 collegio,
1340 3240 1515 3334 potuisset
1531 3259 1612 3314 esse
1628 3239 1685 3314 vir
1710 3241 1840 3333 bonus,

675 3365 892 3434 convertens
917 3377 957 3432 se
981 3358 1027 3432 ad
1045 3358 1235 3454 collegam,
1247 3359 1373 3453 iocose
1392 3358 1481 3432 dixit
1496 3347 1552 3450 (⁷):
1575 3378 1697 3434 nonne
1717 3363 1753 3432 te
1770 3378 1841 3453 pu-

674 3478 736 3553 det
760 3477 935 3551 ludificari
961 3478 1047 3550 istos
1071 3475 1250 3570 credulos,
1269 3484 1307 3552 et
1330 3498 1398 3571 pro
1424 3477 1524 3552 libito
1541 3485 1607 3552 tuo
1623 3477 1763 3574 lingere
1781 3497 1843 3554 re·

674 3617 806 3692 sponsa
830 3596 1017 3691 pontilicis,
1040 3616 1166 3690 quem,
1183 3597 1276 3671 sicut
1296 3597 1375 3691 scis,
1393 3617 1466 3672 non
1492 3599 1610 3672 solum
1637 3599 1756 3691 hodie,
1778 3599 1842 3674 sed

671 3718 749 3812 jam
775 3716 898 3790 multis
923 3717 1051 3792 diebus
1068 3716 1198 3811 clapsis
1214 3735 1287 3790 non
1304 3715 1490 3811 potuimus
1506 3717 1656 3792 videret
1673 3718 1736 3791 llle
1752 3735 1843 3792 vero

674 3837 880 3911 baratarius
913 3843 1107 3912 veteranus
1142 3836 1348 3932 respondit:
1381 3837 1456 3910 imo
1488 3837 1608 3930 potius
1641 3843 1678 3911 te
1708 3839 1849 3933 pudeat·

675 3975 755 4030 esse
780 3961 855 4029 tam
881 3955 1026 4030 tardum
1051 3955 1208 4052 ingenio,
1227 3962 1268 4028 ut
1286 3962 1386 4030 tanto
1404 3963 1570 4050 tempore
1586 3975 1709 4031 mores
1729 3957 1844 4032 curiae

675 4095 747 4148 non
773 4075 934 4170 potueris
959 4074 1132 4149 didicisse
1159 4076 1242 4163 Quo
1271 4074 1408 4168 audito,
1434 4095 1563 4150 omnes
1591 4075 1780 4151 audientes
1805 4079 1843 4152 in

676 4195 789 4270 risum
815 4201 1107 4289 prorumpentes,
1133 4200 1171 4269 et
1195 4193 1385 4268 laudantes
1410 4195 1530 4269 nobile
1557 4215 1772 4290 responsum
1799 4196 1843 4270 il-

673 4313 743 4387 lius
757 4304 795 4406 (⁸)
820 4314 1022 4407 nebulonis,
1046 4313 1214 4388 dicebant
1246 4312 1357 4386 istum
1391 4333 1471 4387 esse
1505 4313 1627 4388 virum
1652 4315 1843 4411 sagacissi-

676 4455 791 4528 mum,
814 4434 877 4528 qui
901 4433 1081 4508 didicisset
1105 4440 1181 4507 tam
1208 4439 1375 4527 prompte
1392 4431 1538 4508 mentiri
1554 4440 1591 4508 et
1608 4434 1744 4510 tallere.
1762 4437 1841 4532 lpse

676 4571 765 4627 vero
791 4553 989 4627 Petrarcba
1013 4571 1186 4648 praesens,
1212 4553 1291 4628 brec
1314 4553 1475 4648 audiens,
1501 4572 1700 4628 conversus
1725 4555 1842 4630 estin

738 4829 765 4892 t'l
782 4833 836 4888 ¹¹⁶.
852 4827 939 4880 dmur.
1328 4829 1355 4894 t')
1372 4836 1426 4893 rra,
1443 4831 1550 4884 trabunt

735 4905 809 4970 epu
826 4907 964 4970 perdendo.
1326 4909 1397 4974 ωε.
1414 4910 1815 4976 waramum.

736 4981 764 5044 l't
780 4981 811 5032 n.
827 4982 981 5033 mauu-n
995 4981 1061 5034 neo
1075 4981 1159 5044 nunu
1176 4982 1263 5048 unqu.
1326 4983 1353 5046 r)
1369 4984 1395 5035 s
1412 4985 1506 5036 resta

737 5055 764 5120 (¹)
780 5056 812 5108 E.
828 5057 891 5108 dlxlt
906 5059 944 5110 eta
960 5071 1024 5110 num
1039 5071 1081 5111 na.
1325 5057 1353 5122 t')
1368 5059 1394 5110 S.
1411 5061 1492 5112 btlux.
