4534 6842
728 999 865 1061 munus
891 997 1083 1063 ttonslbtbs
1107 1001 1284 1074 audurus.
1505 995 1575 1068 2⁰³

406 1155 550 1248 licilem,
579 1151 750 1226 describit
784 1165 931 1246 poenam
958 1152 1083 1224 iurum
1112 1151 1150 1224 in
1183 1154 1357 1249 generali.
1384 1156 1428 1229 Et
1458 1146 1577 1252 primo

405 1272 560 1350 ostendit
578 1269 764 1365 quomodo
781 1271 889 1366 coepit
905 1264 941 1363 ι’)
959 1271 1084 1346 ridere
1101 1271 1188 1366 quid
1205 1284 1285 1350 erat
1302 1274 1339 1348 in
1352 1275 1464 1370 valle3
1479 1276 1577 1352 unde

406 1394 509 1470 dicit:
523 1395 585 1465 noi
595 1393 848 1464 disocndcmnto
860 1394 888 1464 tt
892 1398 999 1484 ponte
1015 1393 1064 1464 do
1077 1394 1113 1464 ια
1126 1399 1226 1484 testu,
1239 1392 1341 1488 idest,
1355 1393 1392 1468 in
1409 1402 1578 1471 extremo

407 1513 523 1610 capito
548 1512 638 1605 eius,
665 1514 753 1584 dove
775 1513 985 1602 dapmnum
1001 1531 1066 1584 con
1083 1514 1230 1585 ιοιιαυα
1251 1517 1347 1607 ripa,
1369 1514 1472 1610 idest,
1491 1535 1578 1590 cum

409 1635 487 1730 ripa
516 1638 655 1706 ocmvae
688 1631 821 1726 bulgiae
856 1632 1095 1726 sequentiae
1123 1637 1188 1724 poi
1216 1637 1254 1708 ta
1283 1635 1414 1728 toton,
1444 1637 1579 1710 scilicet

410 1771 569 1850 praesens
587 1751 751 1846 septima,
766 1753 814 1822 mi
825 1755 866 1844 [o
884 1754 1081 1844 manifesta,
1099 1750 1186 1846 quia
1203 1753 1296 1848 coepi
1315 1754 1439 1830 videre
1457 1753 1517 1829 illa
1526 1746 1578 1849 (¹),

410 1891 494 1968 quae
519 1872 619 1968 pn'us
645 1891 717 1945 non
741 1876 909 1966 poteram
939 1872 1252 1966 comprehendere
1282 1875 1409 1949 stando
1442 1875 1479 1949 ln
1503 1875 1578 1950 alto

410 2003 529 2090 ponte.
556 1993 599 2066 Et
623 1992 744 2066 subdit
761 1991 973 2085 qualitatem
991 2011 1110 2086 poenae
1127 1994 1289 2087 ipsorum
1304 1985 1341 2087 ι’)
1361 1995 1497 2091 lurum,
1515 1996 1579 2090 qui

411 2113 612 2210 puniuntur
628 2133 650 2186 a
668 2111 906 2205 serpentibus.
925 2110 978 2184 Ad
996 2112 1101 2184 culus
1123 2113 1395 2208 intelligentiam
1414 2124 1469 2190 est
1485 2115 1580 2190 bene

411 2231 623 2325 notandum,
650 2231 748 2324 quod
773 2236 882 2304 autor
907 2230 1139 2306 subtilissime
1163 2231 1225 2306 dat
1250 2251 1397 2327 poenam
1426 2251 1580 2330 propor-

412 2351 719 2426 tionabilissimam
732 2339 768 2442 ι’)
788 2349 843 2423 isti
861 2349 947 2424 vitio
965 2350 1088 2423 multis
1106 2350 1325 2426 rationibus:
1343 2353 1472 2450 primo,
1493 2354 1579 2448 qula

412 2491 561 2567 serpens
594 2477 650 2544 est
684 2469 928 2544 astutissimus
961 2470 1221 2566 animantium,
1253 2473 1347 2546 sicut
1375 2475 1454 2568 jam
1484 2493 1580 2569 saepe

412 2591 550 2666 dictum
576 2595 642 2684 est,
668 2590 717 2663 ita
743 2596 779 2664 et
804 2589 886 2662 lur:
914 2590 1086 2685 secundo,
1113 2591 1199 2684 quia
1229 2609 1377 2686 serpens
1402 2593 1582 2667 dicituro

413 2709 605 2804 serpendo,
631 2709 716 2802 qula
741 2709 851 2785 intrat
876 2713 998 2803 petras
1027 2715 1064 2783 et
1095 2710 1255 2784 latebras
1285 2717 1406 2806 terrae,
1436 2711 1486 2786 ita
1515 2731 1581 2788 ve·

415 2829 556 2904 tissime
580 2827 640 2901 lur
665 2847 770 2902 more
794 2828 971 2922 serpentis
996 2828 1107 2902 intrat
1130 2829 1201 2902 sub
1226 2827 1372 2924 baneas,
1394 2830 1481 2904 lodit
1507 2837 1583 2905 ter-

415 2967 506 3043 ram,
533 2950 642 3022 intrat
666 2967 732 3042 per
757 2948 945 3043 fenestras,
970 2969 1037 3042 per
1062 2947 1253 3043 foramina,
1275 2954 1311 3022 et
1337 2951 1469 3044 quierit
1495 2952 1582 3024 scis-

413 3087 519 3143 suras
543 3075 581 3144 et
605 3068 778 3144 latibula:
805 3068 923 3162 tertio,
950 3086 1099 3162 serpens
1116 3076 1171 3142 est
1190 3069 1329 3142 odibilis
1354 3071 1524 3145 omnibus
1545 3079 1583 3146 et

414 3188 576 3284 singulis,
598 3189 647 3262 ita
673 3187 773 3281 quod
797 3187 1107 3281 quandocumque
1123 3197 1275 3282 apparet
1293 3207 1422 3264 omnes
1440 3189 1584 3287 lugiunt

415 3315 453 3382 et
487 3308 615 3402 fugant
649 3308 793 3402 ipsum3
829 3307 879 3380 lta
916 3305 1163 3400 propriissime
1196 3312 1252 3380 est
1287 3306 1334 3381 de
1370 3306 1463 3402 lure,
1499 3309 1585 3402 qula

418 3427 728 3523 quandocumque
744 3427 803 3499 lur
820 3425 1015 3523 detegitur,
1023 3445 1150 3501 omnes
1164 3427 1284 3521 ipsum
1299 3434 1585 3523 persequuntur,

418 3548 516 3622 uude
526 3539 582 3640 (¹⁵):
600 3539 649 3620 od
666 3537 727 3638 dd,
741 3549 852 3639 piplia
864 3549 991 3638 psyllo,
1008 3549 1047 3618 al
1066 3549 1171 3619 tudro
1188 3549 1227 3618 ol
1245 3550 1371 3620 ludro:
1388 3554 1522 3640 quarto
1536 3538 1586 3642 (⁶),

417 3687 565 3762 serpens
582 3668 669 3744 lutet
690 3667 726 3740 ln
746 3667 872 3760 herba,
893 3672 931 3740 et
948 3667 1103 3741 latenter
1122 3667 1266 3740 mordet
1291 3676 1328 3742 et
1352 3666 1520 3760 ollendit;
1539 3666 1587 3742 ita

417 3787 477 3860 fur
510 3789 557 3862 de
586 3794 694 3862 nocte
727 3792 845 3880 nocet,
871 3791 909 3860 et
932 3785 1155 3861 clandestine
1186 3785 1223 3860 ln
1254 3787 1400 3861 occulto
1430 3787 1587 3882 furatur,

419 3905 517 3980 uude
543 3907 603 3978 lur
627 3907 759 3980 dicitur
789 3927 812 3980 a
847 3906 966 3998 furvo,
996 3905 1096 3998 quod
1126 3911 1182 3978 est
1212 3905 1373 4000 nigrum,
1405 3916 1448 3983 ut
1475 3905 1587 4000 aliqui

420 4025 570 4098 volunt:
597 4025 723 4117 quinto
737 4015 787 4118 (⁷),
813 4043 963 4118 serpens
988 4029 1043 4096 est
1068 4023 1249 4096 horribilis
1273 4030 1435 4117 aspectu,
1453 4023 1501 4097 ita
1527 4025 1588 4097 lur

420 4152 476 4220 est
500 4143 662 4238 inlamis3
679 4145 777 4219 unde
802 4145 862 4218 lbr
887 4150 942 4217 est
966 4139 1135 4216 infamior
1161 4141 1303 4235 sicario,
1323 4143 1492 4235 quamvis
1518 4143 1588 4215 mi·

420 4285 490 4338 nus
514 4271 649 4358 peccet.
677 4265 780 4338 Nunc
804 4263 850 4338 ad
876 4263 1019 4336 literam
1046 4261 1130 4336 dicit
1154 4267 1282 4335 autor:
1309 4282 1328 4333 c
1353 4263 1459 4334 oidiot
1487 4270 1587 4334 cntro

419 4385 570 4456 enode
593 4386 697 4475 stipa,
722 4383 824 4476 idest,
850 4401 1017 4475 caveam,
1044 4381 1120 4455 sive
1149 4380 1307 4477 gablam,
1334 4399 1417 4473 quae
1446 4379 1531 4454 alibi
1547 4369 1583 4471 (⁸)

418 4502 551 4578 dicitur
575 4505 653 4574 otia.
680 4503 723 4575 Et
746 4502 832 4576 dicit
857 4507 1026 4575 notanter
1043 4503 1208 4591 terribile,
1225 4501 1312 4593 quia
1334 4501 1370 4572 in
1387 4503 1453 4573 stin
1471 4500 1587 4576 solent

419 4631 518 4698 stare
541 4643 629 4698 aves
653 4625 803 4716 pulcrae,
829 4628 1042 4715 mansuetae,
1069 4621 1161 4695 sicut
1194 4641 1361 4716 capones,
1392 4621 1587 4714 columbae,

484 4879 510 4942 ι’)
525 4877 550 4929 S.
567 4879 683 4942 ceperit
1007 4877 1034 4940 ι’)
1052 4883 1105 4939 tlt,
1121 4891 1152 4928 ea
1168 4892 1226 4941 qun
1244 4877 1323 4940 prlus.

484 4955 511 5020 ι’)
528 4960 583 5016 llo,
600 4956 720 5006 istorum.
1008 4956 1035 5018 ι’)
1051 4955 1082 5005 Ε.
1099 4953 1396 5018 proportionallsslmam.

485 5034 512 5092 ι’)
528 5033 553 5083 S.
570 5033 638 5082 unda
653 5033 723 5082 dlclt.
1009 5031 1036 5094 ι’)
1052 5032 1082 5082 ll.
1098 5035 1201 5095 quarto.
1217 5030 1278 5094 qula
1294 5038 1407 5092 arpena.

484 5109 511 5171 ι’)
528 5107 559 5160 ll·
574 5109 674 5174 quinae
690 5107 752 5174 qula
767 5115 880 5174 upana.
1008 5107 1036 5171 ι’)
1053 5111 1108 5168 ιιι)
1124 5105 1198 5158 allier
1211 5103 1317 5157 ficitur.
