4606 6840
690 959 829 1018 muros
851 957 1044 1018 vrorsmos
1066 957 1232 1028 somnus.
1478 941 1551 1016 aio

383 1109 516 1186 debeat
540 1107 650 1183 modo
674 1113 799 1183 tacere
822 1113 859 1182 st
883 1120 958 1182 non
982 1104 1132 1204 gloriari
1148 1103 1196 1180 de
1211 1105 1287 1180 suis
1311 1105 1551 1181 transforma-

385 1227 552 1322 tionibos,
576 1227 722 1302 dicens:
748 1223 821 1318 oid,
844 1226 948 1320 idest,
978 1225 1077 1320 quia,
1108 1227 1144 1298 to
1172 1241 1244 1298 non
1268 1227 1449 1316 tiammo,
1475 1226 1551 1300 imo

384 1347 504 1442 potius
528 1347 605 1442 ipse
628 1352 746 1442 potest
771 1344 935 1422 invidere
959 1345 1061 1440 mihi,
1084 1365 1122 1418 rc
1145 1351 1306 1418 corvem
1330 1347 1456 1437 pcto,
1482 1345 1553 1420 sci·

384 1467 469 1544 licet
501 1465 693 1558 Cadmum,
722 1467 759 1538 tn
795 1472 964 1558 tepente
993 1481 1080 1539 cnm
1119 1481 1239 1539 uxore
1269 1479 1337 1538 sua
1375 1463 1496 1557 simui,
1534 1483 1555 1537 c

385 1587 513 1678 pactio,
537 1583 673 1660 scilicet
698 1583 930 1678 Arethusam
954 1586 994 1657 ic
1026 1587 1135 1677 sorcoe,
1159 1583 1270 1658 simul
1298 1602 1386 1658 cum
1413 1582 1554 1676 Alpheo

386 1710 554 1792 amatore
578 1702 669 1797 eius,
691 1705 879 1795 portando,
904 1703 1006 1798 idest,
1023 1702 1165 1797 poetice
1188 1701 1376 1799 tingend03
1403 1707 1441 1777 et
1465 1719 1553 1777 eoos

388 1841 505 1918 quare
529 1843 603 1896 non
627 1821 784 1916 invideo,
807 1819 879 1913 cdc',
903 1822 1006 1917 idest,
1031 1822 1130 1917 quia,
1149 1841 1222 1896 scon
1245 1813 1440 1896 tromctd
1466 1823 1553 1912 moi,

388 1941 523 2017 scilieet
538 1939 662 2016 fictitie
676 1941 716 2016 in
731 1939 1389 2034 omnibustransiormationibnssnis,
1402 1942 1470 2014 droe
1484 1957 1554 2012 oo-

390 2070 478 2152 torc,
494 2060 630 2138 scilicet
645 2059 877 2136 diversarum
893 2061 1100 2156 specierum
1117 2067 1156 2136 ct
1171 2060 1376 2136 formarum
1393 2079 1419 2133 o
1437 2064 1555 2154 pionte

389 2185 557 2276 osrootc,
570 2178 662 2254 idest
677 2179 1031 2276 proportionabiliter
1040 2173 1093 2274 (⁴),
1104 2180 1155 2256 ita
1167 2181 1265 2275 quod
1282 2179 1454 2274 quaelibet
1469 2199 1555 2276 pars

389 2298 691 2394 corresponderet
714 2297 865 2373 cuilibet
886 2299 991 2395 perd,
1017 2299 1112 2374 sicut
1144 2319 1216 2396 ego
1246 2300 1349 2393 focio,
1380 2292 1555 2373 sicam-

388 2421 494 2494 dcdnc
517 2421 550 2492 tc
569 2422 699 2512 some,
718 2418 880 2493 duarum
896 2423 1128 2513 naturarum,
1142 2423 1258 2513 somer
1275 2425 1402 2512 monte
1417 2437 1442 2492 o
1458 2437 1556 2493 com-

387 2540 469 2613 bior
493 2541 551 2612 tor
573 2539 731 2628 motois,
748 2537 853 2630 quasi
876 2536 992 2612 dicatr
1013 2557 1085 2634 ego
1109 2557 1184 2612 non
1204 2538 1325 2612 solum
1350 2542 1455 2612 muto
1480 2537 1557 2613 ior·

388 2677 480 2752 mas,
504 2655 570 2732 sm
595 2654 708 2730 etiam
731 2655 1004 2751 dispositionem
1028 2656 1213 2750 materiae3
1235 2657 1559 2752 quisnamque

390 2781 470 2851 erat
495 2776 564 2850 sub
588 2774 708 2850 torma
731 2775 895 2852 humana
915 2782 953 2851 et
967 2775 1140 2871 disposita
1154 2777 1202 2852 ad
1218 2777 1468 2872 recipiendum
1486 2779 1557 2852 hn-

392 2915 519 2970 manes
543 2894 787 2988 alterationes,
804 2914 875 2991 ego
894 2901 1071 2972 converto
1087 2895 1126 2970 in
1146 2895 1417 2991 dispositionem
1434 2896 1482 2972 ad
1501 2899 1558 2972 at·

394 3013 587 3090 teredones
611 3013 836 3108 serpentinas
860 3020 899 3090 et
922 3033 945 3092 e
968 3034 1158 3090 converso.
1182 3016 1227 3088 Et
1251 3015 1311 3090 hic
1342 3023 1427 3092 nota
1457 3018 1557 3112 quod

392 3134 486 3210 sicut
509 3139 565 3210 est
587 3132 733 3208 difficile
758 3125 1008 3230 imaginaret&
1035 3133 1228 3210 materiam
1245 3134 1325 3210 sine
1340 3135 1458 3210 torma
1480 3143 1558 3212 cte
1588 3157 1591 3162 ·

393 3272 582 3347 converso,
607 3271 694 3327 cum
719 3271 794 3327 una
818 3251 897 3328 sins
920 3253 1036 3328 altera
1061 3271 1143 3328 esse
1173 3273 1248 3328 non
1272 3251 1402 3349 possit;
1426 3253 1477 3330 ita
1501 3261 1559 3330 est

392 3370 537 3448 difficile
569 3369 761 3468 imaginun·
794 3370 895 3464 quod
918 3370 1073 3446 materia
1108 3371 1280 3467 disposita
1307 3371 1356 3448 ad
1399 3369 1557 3448 iormam

394 3491 505 3568 unius
526 3489 659 3586 speciei
684 3490 730 3564 sit
754 3490 791 3564 in
814 3490 877 3566 illo
901 3491 1037 3568 iterum
1054 3491 1224 3588 <inposita
1249 3491 1294 3566 ad
1319 3491 1478 3568 formam
1502 3493 1559 3568 al·

393 3609 507 3688 terius
531 3609 674 3706 speciei.
701 3610 775 3686 Nec
800 3610 956 3704 mireris,
976 3611 1102 3706 tector,
1121 3611 1150 3685 si
1170 3612 1305 3690 Dentes
1329 3611 1560 3707 presumpsit

392 3729 582 3824 imponere
612 3728 797 3804 silentium
813 3719 849 3822 (³)
876 3729 1021 3804 duobus
1054 3730 1198 3827 magnis
1221 3730 1460 3826 postisque
1491 3747 1562 3825 pro

392 3853 494 3924 certo
519 3867 725 3942 numquam
749 3848 845 3924 raca
869 3847 937 3924 tuit
961 3848 1086 3924 similis
1116 3848 1226 3942 fictio,
1250 3869 1319 3926 nec
1343 3855 1420 3924 tarn
1443 3849 1560 3924 artifi-

391 3967 489 4042 ciosa
513 3966 897 4061 transmutationem
921 3967 1074 4062 ipsemet
1099 3973 1265 4042 testatur.
1292 3967 1410 4043 Credo
1435 3974 1559 4042 tamen

393 4086 493 4180 quod
516 4087 586 4160 hoo
609 4085 738 4162 iecerit
761 4105 834 4162 non
851 4091 995 4160 tantum
1011 4085 1058 4160 ad
1074 4103 1182 4160 suam
1199 4084 1359 4179 laudem,
1376 4089 1558 4180 quantum

393 4213 436 4280 nt
462 4204 631 4282 redderet
654 4205 861 4282 auditorem
894 4211 1076 4281 attentum
1100 4204 1148 4280 ad
1173 4219 1253 4280 rem
1278 4220 1426 4299 novam,
1451 4205 1559 4279 innu-

394 4324 508 4402 ditam
531 4331 572 4400 et
594 4324 888 4422 inexcogitatam.

466 4445 612 4518 larome
635 4447 667 4518 st
689 4448 878 4538 reponere.
896 4445 968 4522 Ista
984 4451 1040 4520 est
1059 4450 1192 4539 quarta
1212 4450 1251 4520 et
1264 4443 1392 4520 ultima
1406 4431 1443 4537 (⁴)
1461 4461 1561 4540 pars,

336 4604 339 4620 ·
395 4565 433 4638 in
448 4583 524 4658 qua
541 4569 651 4639 autor
672 4583 772 4640 nnnc
787 4564 960 4640 describit
974 4571 1145 4640 mutuam
1162 4564 1422 4660 particularem
1440 4569 1561 4639 nans

396 4683 636 4760 mutationem
651 4675 688 4776 (⁶)
716 4683 949 4759 membratim
969 4683 1147 4780 serpentis
1170 4683 1418 4780 percutientis,
1435 4689 1473 4760 et
1494 4685 1565 4759 ho⁴

458 4909 486 4972 (¹)
501 4910 533 4961 B.
548 4911 786 4976 proportionaliter.
987 4909 1016 4975 (¹)
1032 4912 1062 4962 E.
1078 4925 1093 4962 a
1110 4916 1165 4973 ito,
1180 4911 1323 4976 imaginari.

457 4985 484 5049 Γ)
501 4986 532 5036 tt.
548 4986 679 5036 silentium
695 4989 802 5051 mugnis.
988 4987 1017 5052 (⁸)
1032 4988 1063 5039 E.
1079 4987 1170 5038 nidmu
1185 5001 1245 5052 pm
1259 4988 1387 5053 meib
1401 4983 1517 5051 naun

459 5059 488 5124 (Ἰ
504 5061 535 5112 E.
551 5059 810 5125 transfigurationem.
