4606 6840
722 981 860 1037 caurus
886 981 1076 1036 vrossruus
1099 979 1276 1047 ounnnus.
1512 969 1583 1037 219

409 1130 554 1207 ditionis
580 1130 762 1222 etfama,
789 1127 852 1222 qui
878 1127 1122 1202 verisimiliter
1147 1125 1304 1201 debebat
1330 1126 1496 1220 rapuisse
1516 1127 1584 1201 ista

410 1271 526 1328 sacra.
553 1248 754 1343 Rampinus
778 1247 953 1324 continuo
978 1253 1106 1341 captus
1122 1241 1159 1337 (¹)
1181 1252 1218 1320 et
1242 1247 1381 1340 positus
1401 1247 1448 1320 ad
1466 1253 1587 1320 tortu-

411 1391 503 1464 ram,
538 1369 624 1443 nibil
654 1367 897 1444 manifestavit
918 1357 968 1459 (²),
1004 1372 1195 1460 tamquam
1228 1365 1362 1439 inscius
1394 1372 1432 1440 et
1464 1366 1586 1440 insons

410 1490 505 1565 lacti.
525 1491 700 1563 Parentes
722 1487 825 1561 istius
839 1477 877 1579 (³)
897 1487 1222 1579 conquerebantur
1239 1485 1275 1559 in
1293 1487 1439 1581 populo,
1457 1487 1584 1562 amicis

409 1617 448 1685 et
472 1609 655 1702 omnibus
682 1629 768 1682 cum
794 1607 998 1702 planctibus
1023 1614 1061 1681 et
1085 1607 1267 1701 precibus,
1286 1626 1333 1680 ne
1353 1607 1501 1702 juvenis
1528 1608 1585 1681 in-

413 1751 550 1805 nocens
589 1735 800 1803 moreretur
838 1728 982 1823 injuste.
1018 1729 1182 1802 Potestas
1225 1727 1416 1804 induratus
1457 1735 1585 1803 contra

411 1853 535 1944 istum,
553 1849 679 1925 statuit
699 1848 766 1922 sibi
784 1848 984 1923 terminum
1011 1848 1124 1922 trium
1149 1848 1295 1923 dierum
1321 1849 1367 1923 ad
1393 1849 1584 1946 resignan-

411 1949 502 2046 dum
519 1970 674 2062 lurtum,
686 1969 792 2043 aliter
805 1967 1101 2062 suspenderetur.
1116 1967 1218 2042 Unde
1234 1976 1405 2063 parentes
1421 1974 1457 2042 et
1473 1968 1584 2042 amici

410 2093 718 2182 deliberaverunt,
745 2088 844 2181 quod
869 2094 977 2162 nocte
1001 2088 1230 2182 precedente
1246 2087 1343 2162 diem
1357 2088 1507 2183 justitias
1525 2088 1583 2162 iu-

410 2213 587 2289 vaderent
613 2211 711 2284 lerro
735 2216 773 2283 et
806 2208 891 2305 igne
923 2209 1098 2303 palatium
1124 2209 1314 2283 Potestatis
1330 2197 1393 2301 (⁸):
1420 2209 1581 2283 secunda

407 2335 467 2410 die
496 2331 644 2407 termini
679 2329 823 2404 Vannes
853 2329 964 2423 lucii,
996 2329 1059 2422 qui
1094 2335 1175 2403 erat
1203 2337 1309 2404 extra
1338 2330 1375 2403 in
1405 2330 1583 2404 comitatu

409 2453 601 2528 Florentiae
626 2451 663 2524 in
689 2452 811 2524 Monte
835 2450 979 2544 Garelli,
1006 2449 1104 2522 misit
1127 2471 1195 2544 pro
1220 2456 1325 2544 patre
1341 2452 1519 2546 Rampini,
1547 2457 1584 2525 et

408 2575 570 2650 narravit
601 2572 668 2646 sibi
697 2578 817 2648 totum
843 2571 992 2646 lactum.
1024 2571 1086 2644 llle
1119 2590 1291 2645 reversus
1321 2571 1491 2646 celeriter
1522 2591 1584 2646 re-

407 2695 490 2770 tulit
519 2713 599 2767 rem
630 2691 813 2766 Potestati.
847 2691 1010 2765 Potestas
1039 2691 1214 2765 contiuuo
1245 2690 1331 2766 iecit
1363 2691 1443 2788 capi
1477 2692 1580 2766 illurn

408 2815 573 2890 Vannem
599 2811 783 2886 notarium
819 2801 991 2904 primot⁵)
1024 2811 1121 2884 luuae
1155 2811 1461 2907 quadragesimae,
1494 2831 1580 2886 oum

409 2934 532 3008 ivisset
554 2931 602 3006 ad
626 2951 745 3004 unum
763 2949 973 3004 sermonem
990 2930 1037 3003 ad
1054 2930 1177 3004 locum
1194 2930 1351 3004 iratrum
1373 2931 1580 3025 minorum3

410 3053 474 3148 qui
507 3062 636 3148 captus
676 3057 731 3126 est
763 3071 849 3124 curn
886 3070 1022 3146 magno
1056 3071 1252 3125 murmure
1285 3051 1464 3146 omnium,
1494 3053 1581 3144 quia

409 3179 490 3250 erat
519 3174 631 3247 bomo
665 3171 772 3245 bonae
799 3169 918 3245 iamae.
953 3170 1127 3245 llaledcio
1149 3161 1186 3262 (⁶)
1225 3170 1381 3264 detecto,
1416 3172 1521 3246 multi
1542 3163 1580 3264 (⁷)

410 3293 545 3370 conscii
562 3293 797 3388 aufugerunt.
816 3291 985 3365 Narravit
1001 3289 1078 3386 ipse
1093 3292 1249 3385 vannos,
1263 3291 1362 3383 quod
1380 3313 1477 3388 saepe
1493 3314 1580 3367 cum

411 3415 489 3489 fidis
514 3412 620 3488 sociis
646 3416 850 3488 tentaverat
873 3418 1063 3507 asportare
1086 3410 1225 3484 dictum
1257 3413 1492 3505 thesaurum;
1519 3411 1583 3486 sed

411 3535 604 3610 videbatur
633 3531 702 3606 sibi
731 3550 877 3625 semper
910 3530 1035 3605 videre
1066 3530 1241 3605 iamiliam
1268 3530 1470 3626 Potestatis‚
1498 3551 1582 3625 quae

410 3652 646 3750 perquirebat
671 3671 811 3726 omnes.
839 3650 935 3725 Scila
965 3650 1089 3743 itaque
1118 3650 1274 3725 veritate
1299 3657 1337 3724 et
1362 3659 1582 3746 recuperato

409 3776 596 3867 thesauro,
622 3771 822 3867 Rampinus
846 3770 914 3844 fuit
938 3770 1114 3844 liberatus
1136 3777 1174 3870 et
1188 3759 1224 3862 (⁸)
1244 3770 1409 3844 neurius
1429 3791 1584 3866 suspen-

409 3915 483 3968 sus.
510 3895 554 3966 Et
579 3898 676 3986 nota,
703 3911 750 3966 ne
773 3890 909 3966 fallaris
941 3890 1011 3964 sub
1039 3890 1242 3985 equivoco,
1267 3891 1366 3984 quod
1398 3897 1474 3966 tres
1499 3892 1581 3966 lue-

410 4017 499 4086 runt
536 4013 680 4086 Vanum
716 4011 754 4083 iu
791 4010 859 4084 isto
900 4009 1089 4103 maleficio,
1124 4010 1259 4084 scilicet
1290 4011 1435 4084 Vannes
1469 4011 1581 4105 Fusii,

410 4130 616 4228 principalis
653 4134 763 4204 autor
799 4129 899 4223 furti,
937 4131 1080 4204 Vannes
1114 4130 1160 4204 de
1193 4131 1228 4206 la
1253 4121 1291 4222 (⁹)
1321 4124 1424 4205 Ndna
1459 4136 1582 4204 reten-

409 4261 469 4328 tor
494 4251 595 4345 buti,
615 4257 653 4326 et
678 4249 826 4343 quidam
849 4250 978 4324 tertius
995 4252 1139 4325 Vannes
1154 4251 1202 4326 de
1222 4244 1421 4326 Lamindna
1446 4251 1596 4346 floren-J

410 4373 521 4467 tinus,
539 4369 659 4446 socius
684 4369 782 4446 iurti.
809 4370 914 4444 Nunc
937 4370 985 4447 ad
1010 4371 1174 4446 literam:
1198 4370 1284 4446 dicit
1308 4371 1452 4446 Vanoes
1478 4371 1577 4446 Fucii

409 4493 493 4567 iur:
519 4495 542 4565 i’
555 4511 628 4565 noo
647 4511 756 4583 posso
787 4511 913 4582 neqor,
939 4492 1025 4584 quia
1057 4492 1086 4566 si
1116 4511 1271 4587 possem,
1298 4491 1452 4568 libenter
1481 4473 1585 4567 iace-¹

410 4632 490 4688 rem
516 4617 665 4706 propter
690 4610 964 4705 verecundiam,
985 4616 1065 4702 quot
1078 4615 1138 4685 cte
1162 4620 1198 4686 tu
1222 4615 1343 4703 cltedi,
1361 4612 1507 4714 scilicet,
1524 4613 1581 4687 di-

469 4862 496 4926 (¹)
515 4865 567 4920 no.
584 4861 649 4914 elur.
659 4887 687 4898 -
698 4861 729 4912 R.
746 4861 819 4912 istius
834 4862 869 4912 ob
884 4862 935 4912 boo
951 4861 1185 4926 conquerebantur.

470 4937 497 5000 (η
514 4938 544 4987 ll.
561 4937 711 4999 nomon„
727 4942 755 4987 sl
770 4939 797 4987 iu
812 4938 863 4988 die.
1082 4938 1109 4998 (¹)
1125 4938 1150 4986 S.
1168 4937 1252 4999 primo
1268 4937 1310 4987 dla
1326 4937 1537 5002 quadragesimae.

471 5015 498 5078 ρ)
514 5015 545 5064 E.
561 5014 689 5064 maleficio
705 5018 762 5076 post
779 5014 829 5064 hoo
845 5015 956 5066 detecto.
1080 5013 1107 5075 (ll
1124 5013 1155 5063 Ε.
1171 5013 1246 5063 multi
1263 5013 1340 5063 buius
1355 5015 1459 5064 conscii.

469 5089 497 5156 ς’)
514 5091 545 5142 E.
560 5095 588 5142 et
603 5090 706 5144 Vanum
720 5091 843 5144 notarius.
1079 5089 1106 5153 (')
1123 5089 1154 5140 li.
1171 5089 1203 5140 ds
1219 5088 1244 5138 la
1260 5089 1340 5140 liora.
1439 5109 1445 5122 ·
