<?xml version="1.0" encoding="UTF-8"?>
<!DOCTYPE html PUBLIC "-//W3C//DTD XHTML 1.0 Transitional//EN"
    "http://www.w3.org/TR/xhtml1/DTD/xhtml1-transitional.dtd">
<html xmlns="http://www.w3.org/1999/xhtml" xml:lang="en" lang="en">
 <head>
  <title>
</title>
<meta http-equiv="Content-Type" content="text/html;charset=utf-8" />
  <meta name='ocr-system' content='tesseract 3.04.00' />
  <meta name='ocr-capabilities' content='ocr_page ocr_carea ocr_par ocr_line ocrx_word'/>
</head>
<body>
  <div class='ocr_page' id='page_1' title='image "./comentumsuperda01benvgoog_0229.png"; bbox 0 0 4606 6840; ppageno 0'>
   <div class='ocr_carea' id='block_1_1' title="bbox 733 941 1507 1005">
    <p class='ocr_par' dir='ltr' id='par_1_1' title="bbox 733 941 1507 1005">
     <span class='ocr_line' id='line_1_1' title="bbox 733 941 1507 1005; baseline -0.005 -1"><span class='ocrx_word' id='word_1_1' title='bbox 733 941 803 1005; x_wconf 77' lang='lat'><strong>220</strong></span> <span class='ocrx_word' id='word_1_2' title='bbox 1123 947 1328 1002; x_wconf 75' lang='lat' dir='ltr'><strong>GOMENTUM</strong></span> <span class='ocrx_word' id='word_1_3' title='bbox 1352 947 1507 1002; x_wconf 80' lang='lat' dir='ltr'><strong>INFERNI</strong></span> 
     </span>
    </p>
   </div>
   <div class='ocr_carea' id='block_1_2' title="bbox 729 1093 1928 4084">
    <p class='ocr_par' dir='ltr' id='par_1_2' title="bbox 729 1093 1928 4084">
     <span class='ocr_line' id='line_1_2' title="bbox 729 1093 1902 1192; baseline -0.001 -19"><span class='ocrx_word' id='word_1_4' title='bbox 729 1118 815 1174; x_wconf 90' lang='lat' dir='ltr'><strong>cere</strong></span> <span class='ocrx_word' id='word_1_5' title='bbox 840 1119 915 1191; x_wconf 87' lang='lat' dir='ltr'><strong>qua</strong></span> <span class='ocrx_word' id='word_1_6' title='bbox 939 1097 1047 1192; x_wconf 85' lang='lat' dir='ltr'><strong>culpa</strong></span> <span class='ocrx_word' id='word_1_7' title='bbox 1072 1095 1131 1169; x_wconf 87' lang='lat' dir='ltr'><strong>hic</strong></span> <span class='ocrx_word' id='word_1_8' title='bbox 1155 1115 1239 1170; x_wconf 90' lang='lat' dir='ltr'><strong>sum</strong></span> <span class='ocrx_word' id='word_1_9' title='bbox 1266 1094 1461 1170; x_wconf 87' lang='lat' dir='ltr'><strong>damnatus</strong></span> <span class='ocrx_word' id='word_1_10' title='bbox 1478 1100 1515 1170; x_wconf 90' lang='lat' dir='ltr'><strong>et</strong></span> <span class='ocrx_word' id='word_1_11' title='bbox 1535 1093 1731 1169; x_wconf 89' lang='lat' dir='ltr'><strong>eruciatus.</strong></span> <span class='ocrx_word' id='word_1_12' title='bbox 1751 1093 1795 1168; x_wconf 84' lang='lat' dir='ltr'><strong>Et</strong></span> <span class='ocrx_word' id='word_1_13' title='bbox 1814 1115 1902 1172; x_wconf 89' lang='lat' dir='ltr'><strong>ecce</strong></span> 
     </span>
     <span class='ocr_line' id='line_1_3' title="bbox 730 1211 1903 1314; baseline -0.004 -21"><span class='ocrx_word' id='word_1_14' title='bbox 730 1219 877 1314; x_wconf 84' lang='lat' dir='ltr'><strong>culpam</strong></span> <span class='ocrx_word' id='word_1_15' title='bbox 892 1242 901 1292; x_wconf 93' lang='lat'><strong>:</strong></span> <span class='ocrx_word' id='word_1_16' title='bbox 919 1221 954 1290; x_wconf 84' lang='lat' dir='ltr'><strong>ie</strong></span> <span class='ocrx_word' id='word_1_17' title='bbox 969 1239 1035 1291; x_wconf 83' lang='lat' dir='ltr'><strong>scu</strong></span> <span class='ocrx_word' id='word_1_18' title='bbox 1052 1238 1163 1289; x_wconf 77' lang='lat' dir='ltr'><strong>masso</strong></span> <span class='ocrx_word' id='word_1_19' title='bbox 1181 1223 1277 1290; x_wconf 81' lang='lat' dir='ltr'><strong>tanto</strong></span> <span class='ocrx_word' id='word_1_20' title='bbox 1292 1219 1331 1289; x_wconf 82' lang='lat' dir='ltr'><strong>iu</strong></span> <span class='ocrx_word' id='word_1_21' title='bbox 1346 1211 1418 1308; x_wconf 74' lang='lat' dir='ltr'><strong>ptri,</strong></span> <span class='ocrx_word' id='word_1_22' title='bbox 1436 1214 1570 1290; x_wconf 88' lang='lat' dir='ltr'><strong>scilicet</strong></span> <span class='ocrx_word' id='word_1_23' title='bbox 1591 1215 1628 1288; x_wconf 91' lang='lat' dir='ltr'><strong>iu</strong></span> <span class='ocrx_word' id='word_1_24' title='bbox 1649 1214 1773 1311; x_wconf 80' lang='lat' dir='ltr'><strong>buigia</strong></span> <span class='ocrx_word' id='word_1_25' title='bbox 1793 1215 1903 1310; x_wconf 90' lang='lat' dir='ltr'><strong>septi-</strong></span> 
     </span>
     <span class='ocr_line' id='line_1_4' title="bbox 731 1335 1900 1433; baseline -0.003 -21"><span class='ocrx_word' id='word_1_26' title='bbox 731 1340 956 1433; x_wconf 84' lang='lat' dir='ltr'><strong>maturum,</strong></span> <span class='ocrx_word' id='word_1_27' title='bbox 983 1338 1046 1412; x_wconf 92' lang='lat' dir='ltr'><strong>ubi</strong></span> <span class='ocrx_word' id='word_1_28' title='bbox 1071 1337 1277 1412; x_wconf 82' lang='lat' dir='ltr'>debuissem</span> <span class='ocrx_word' id='word_1_29' title='bbox 1306 1356 1386 1411; x_wconf 92' lang='lat' dir='ltr'><strong>esse</strong></span> <span class='ocrx_word' id='word_1_30' title='bbox 1412 1336 1550 1431; x_wconf 89' lang='lat' dir='ltr'><strong>positus</strong></span> <span class='ocrx_word' id='word_1_31' title='bbox 1576 1336 1693 1410; x_wconf 90' lang='lat' dir='ltr'><strong>multo</strong></span> <span class='ocrx_word' id='word_1_32' title='bbox 1720 1335 1900 1430; x_wconf 92' lang='lat' dir='ltr'><strong>superius,</strong></span> 
     </span>
     <span class='ocr_line' id='line_1_5' title="bbox 731 1457 1903 1550; baseline -0.006 -16"><span class='ocrx_word' id='word_1_33' title='bbox 731 1458 865 1534; x_wconf 90' lang='lat' dir='ltr'><strong>scilicet</strong></span> <span class='ocrx_word' id='word_1_34' title='bbox 891 1458 927 1530; x_wconf 96' lang='lat' dir='ltr'><strong>in</strong></span> <span class='ocrx_word' id='word_1_35' title='bbox 954 1457 1092 1532; x_wconf 88' lang='lat' dir='ltr'><strong>circuio</strong></span> <span class='ocrx_word' id='word_1_36' title='bbox 1118 1457 1376 1549; x_wconf 85' lang='lat' dir='ltr'><strong>violentorum,</strong></span> <span class='ocrx_word' id='word_1_37' title='bbox 1399 1459 1564 1548; x_wconf 71' lang='lat' dir='ltr'><strong>percitis</strong></span> <span class='ocrx_word' id='word_1_38' title='bbox 1593 1458 1647 1550; x_wconf 78' lang='lat' dir='ltr'><strong>stri</strong></span> <span class='ocrx_word' id='word_1_39' title='bbox 1679 1457 1783 1530; x_wconf 81' lang='lat' dir='ltr'><strong>ludro</strong></span> <span class='ocrx_word' id='word_1_40' title='bbox 1817 1459 1903 1528; x_wconf 88' lang='lat' dir='ltr'><strong>ata</strong></span> 
     </span>
     <span class='ocr_line' id='line_1_6' title="bbox 731 1575 1904 1670; baseline 0 -20"><span class='ocrx_word' id='word_1_41' title='bbox 731 1581 905 1669; x_wconf 75' lang='lat' dir='ltr'><strong>suprestis</strong></span> <span class='ocrx_word' id='word_1_42' title='bbox 936 1579 989 1651; x_wconf 70' lang='lat' dir='ltr'><strong>de</strong></span> <span class='ocrx_word' id='word_1_43' title='bbox 1002 1578 1080 1650; x_wconf 77' lang='lat' dir='ltr'><strong>cete</strong></span> <span class='ocrx_word' id='word_1_44' title='bbox 1111 1579 1246 1667; x_wconf 84' lang='lat' dir='ltr'><strong>urredi,</strong></span> <span class='ocrx_word' id='word_1_45' title='bbox 1272 1577 1374 1670; x_wconf 93' lang='lat' dir='ltr'><strong>idest,</strong></span> <span class='ocrx_word' id='word_1_46' title='bbox 1401 1575 1492 1670; x_wconf 69' lang='lat' dir='ltr'><strong>quia.</strong></span> <span class='ocrx_word' id='word_1_47' title='bbox 1517 1575 1570 1650; x_wconf 84' lang='lat' dir='ltr'><strong>iui</strong></span> <span class='ocrx_word' id='word_1_48' title='bbox 1599 1575 1743 1650; x_wconf 88' lang='lat' dir='ltr'><strong>iuratus</strong></span> <span class='ocrx_word' id='word_1_49' title='bbox 1775 1575 1904 1670; x_wconf 89' lang='lat' dir='ltr'><strong>pulcra</strong></span> 
     </span>
     <span class='ocr_line' id='line_1_7' title="bbox 731 1689 1904 1788; baseline 0.001 -17"><span class='ocrx_word' id='word_1_50' title='bbox 731 1697 865 1772; x_wconf 86' lang='lat' dir='ltr'><strong>arnisia</strong></span> <span class='ocrx_word' id='word_1_51' title='bbox 880 1689 916 1788; x_wconf 78' lang='lat'><strong>(¹)</strong></span> <span class='ocrx_word' id='word_1_52' title='bbox 952 1697 1115 1772; x_wconf 84' lang='lat' dir='ltr'><strong>ecclesiae</strong></span> <span class='ocrx_word' id='word_1_53' title='bbox 1148 1696 1364 1772; x_wconf 83' lang='lat' dir='ltr'><strong>cathedralis</strong></span> <span class='ocrx_word' id='word_1_54' title='bbox 1398 1695 1444 1771; x_wconf 92' lang='lat' dir='ltr'><strong>de</strong></span> <span class='ocrx_word' id='word_1_55' title='bbox 1479 1695 1643 1770; x_wconf 85' lang='lat' dir='ltr'><strong>Pistorio.</strong></span> <span class='ocrx_word' id='word_1_56' title='bbox 1675 1697 1719 1772; x_wconf 87' lang='lat' dir='ltr'><strong>Et</strong></span> <span class='ocrx_word' id='word_1_57' title='bbox 1751 1695 1904 1772; x_wconf 86' lang='lat' dir='ltr'><strong>adverte</strong></span> 
     </span>
     <span class='ocr_line' id='line_1_8' title="bbox 732 1816 1904 1912; baseline 0.002 -21"><span class='ocrx_word' id='word_1_58' title='bbox 732 1817 829 1912; x_wconf 89' lang='lat' dir='ltr'><strong>quod</strong></span> <span class='ocrx_word' id='word_1_59' title='bbox 860 1839 926 1912; x_wconf 90' lang='lat' dir='ltr'><strong>per</strong></span> <span class='ocrx_word' id='word_1_60' title='bbox 952 1817 1206 1892; x_wconf 86' lang='lat' dir='ltr'><strong>excellentiam</strong></span> <span class='ocrx_word' id='word_1_61' title='bbox 1230 1817 1316 1891; x_wconf 87' lang='lat' dir='ltr'><strong>dicit</strong></span> <span class='ocrx_word' id='word_1_62' title='bbox 1343 1818 1489 1912; x_wconf 82' lang='lat' dir='ltr'><strong>pulcra3</strong></span> <span class='ocrx_word' id='word_1_63' title='bbox 1520 1816 1607 1909; x_wconf 88' lang='lat' dir='ltr'><strong>quia</strong></span> <span class='ocrx_word' id='word_1_64' title='bbox 1636 1817 1731 1893; x_wconf 82' lang='lat' dir='ltr'><strong>forte</strong></span> <span class='ocrx_word' id='word_1_65' title='bbox 1760 1816 1797 1891; x_wconf 92' lang='lat' dir='ltr'><strong>in</strong></span> <span class='ocrx_word' id='word_1_66' title='bbox 1829 1823 1904 1893; x_wconf 85' lang='lat' dir='ltr'><strong>teta</strong></span> 
     </span>
     <span class='ocr_line' id='line_1_9' title="bbox 731 1925 1901 2033; baseline 0 -23"><span class='ocrx_word' id='word_1_67' title='bbox 731 1939 833 2014; x_wconf 87' lang='lat' dir='ltr'><strong>ltalia</strong></span> <span class='ocrx_word' id='word_1_68' title='bbox 857 1959 931 2013; x_wconf 92' lang='lat' dir='ltr'><strong>non</strong></span> <span class='ocrx_word' id='word_1_69' title='bbox 956 1943 1012 2013; x_wconf 88' lang='lat' dir='ltr'><strong>est</strong></span> <span class='ocrx_word' id='word_1_70' title='bbox 1040 1937 1111 2014; x_wconf 86' lang='lat' dir='ltr'><strong>alia</strong></span> <span class='ocrx_word' id='word_1_71' title='bbox 1144 1938 1306 2013; x_wconf 79' lang='lat' dir='ltr'><strong>sacristia</strong></span> <span class='ocrx_word' id='word_1_72' title='bbox 1335 1938 1443 2012; x_wconf 84' lang='lat' dir='ltr'><strong>ditior</strong></span> <span class='ocrx_word' id='word_1_73' title='bbox 1468 1938 1548 2031; x_wconf 92' lang='lat' dir='ltr'><strong>ista,</strong></span> <span class='ocrx_word' id='word_1_74' title='bbox 1574 1937 1716 2012; x_wconf 87' lang='lat' dir='ltr'><strong>caeteris</strong></span> <span class='ocrx_word' id='word_1_75' title='bbox 1741 1925 1901 2033; x_wconf 74' lang='lat' dir='ltr'><strong>paribus.</strong></span> 
     </span>
     <span class='ocr_line' id='line_1_10' title="bbox 732 2057 1901 2152; baseline 0 -20"><span class='ocrx_word' id='word_1_76' title='bbox 732 2061 776 2133; x_wconf 85' lang='lat' dir='ltr'><strong>Et</strong></span> <span class='ocrx_word' id='word_1_77' title='bbox 801 2058 886 2152; x_wconf 89' lang='lat' dir='ltr'><strong>quia</strong></span> <span class='ocrx_word' id='word_1_78' title='bbox 912 2059 1056 2134; x_wconf 88' lang='lat' dir='ltr'><strong>Vannes</strong></span> <span class='ocrx_word' id='word_1_79' title='bbox 1083 2059 1270 2135; x_wconf 89' lang='lat' dir='ltr'><strong>accusavit</strong></span> <span class='ocrx_word' id='word_1_80' title='bbox 1303 2079 1355 2152; x_wconf 91' lang='lat' dir='ltr'><strong>se,</strong></span> <span class='ocrx_word' id='word_1_81' title='bbox 1381 2058 1463 2133; x_wconf 88' lang='lat' dir='ltr'><strong>ideo</strong></span> <span class='ocrx_word' id='word_1_82' title='bbox 1492 2063 1645 2132; x_wconf 84' lang='lat' dir='ltr'><strong>excusat</strong></span> <span class='ocrx_word' id='word_1_83' title='bbox 1679 2057 1806 2152; x_wconf 88' lang='lat' dir='ltr'><strong>alium,</strong></span> <span class='ocrx_word' id='word_1_84' title='bbox 1838 2059 1901 2151; x_wconf 89' lang='lat' dir='ltr'><strong>qui</strong></span> 
     </span>
     <span class='ocr_line' id='line_1_11' title="bbox 732 2169 1904 2273; baseline -0.001 -20"><span class='ocrx_word' id='word_1_85' title='bbox 732 2179 852 2254; x_wconf 85' lang='lat' dir='ltr'><strong>iuerat</strong></span> <span class='ocrx_word' id='word_1_86' title='bbox 877 2178 966 2253; x_wconf 81' lang='lat' dir='ltr'><strong>salse</strong></span> <span class='ocrx_word' id='word_1_87' title='bbox 991 2186 1195 2254; x_wconf 89' lang='lat' dir='ltr'><strong>accusatus.</strong></span> <span class='ocrx_word' id='word_1_88' title='bbox 1227 2178 1329 2253; x_wconf 85' lang='lat' dir='ltr'><strong>Unde</strong></span> <span class='ocrx_word' id='word_1_89' title='bbox 1362 2179 1470 2252; x_wconf 90' lang='lat' dir='ltr'><strong>dicit:</strong></span> <span class='ocrx_word' id='word_1_90' title='bbox 1501 2201 1519 2251; x_wconf 88' lang='lat' dir='ltr'><strong>c</strong></span> <span class='ocrx_word' id='word_1_91' title='bbox 1548 2181 1755 2273; x_wconf 76' lang='lat' dir='ltr'><em>falsamente</em></span> <span class='ocrx_word' id='word_1_92' title='bbox 1779 2169 1841 2270; x_wconf 73' lang='lat' dir='ltr'><strong>put</strong></span> <span class='ocrx_word' id='word_1_93' title='bbox 1863 2183 1904 2273; x_wconf 81' lang='lat' dir='ltr'><strong>su</strong></span> 
     </span>
     <span class='ocr_line' id='line_1_12' title="bbox 731 2297 1902 2395; baseline 0 -21"><span class='ocrx_word' id='word_1_94' title='bbox 731 2307 878 2394; x_wconf 82' lang='lat' dir='ltr'><strong>apposto</strong></span> <span class='ocrx_word' id='word_1_95' title='bbox 903 2300 1023 2390; x_wconf 77' lang='lat' dir='ltr'><strong>altrei,</strong></span> <span class='ocrx_word' id='word_1_96' title='bbox 1054 2298 1190 2372; x_wconf 85' lang='lat' dir='ltr'><strong>scilieet</strong></span> <span class='ocrx_word' id='word_1_97' title='bbox 1218 2299 1396 2395; x_wconf 89' lang='lat' dir='ltr'><strong>Rampino</strong></span> <span class='ocrx_word' id='word_1_98' title='bbox 1429 2297 1612 2394; x_wconf 85' lang='lat' dir='ltr'><strong>praedicto.</strong></span> <span class='ocrx_word' id='word_1_99' title='bbox 1644 2299 1689 2372; x_wconf 84' lang='lat' dir='ltr'><strong>Et</strong></span> <span class='ocrx_word' id='word_1_100' title='bbox 1721 2299 1772 2374; x_wconf 90' lang='lat' dir='ltr'><strong>sic</strong></span> <span class='ocrx_word' id='word_1_101' title='bbox 1805 2304 1902 2392; x_wconf 86' lang='lat' dir='ltr'><strong>nota,</strong></span> 
     </span>
     <span class='ocr_line' id='line_1_13' title="bbox 732 2418 1902 2516; baseline -0.003 -20"><span class='ocrx_word' id='word_1_102' title='bbox 732 2421 831 2516; x_wconf 90' lang='lat' dir='ltr'><strong>quod</strong></span> <span class='ocrx_word' id='word_1_103' title='bbox 856 2419 1004 2495; x_wconf 80' lang='lat' dir='ltr'><strong>infamia</strong></span> <span class='ocrx_word' id='word_1_104' title='bbox 1035 2420 1107 2493; x_wconf 86' lang='lat' dir='ltr'><strong>cite</strong></span> <span class='ocrx_word' id='word_1_105' title='bbox 1132 2419 1216 2494; x_wconf 88' lang='lat' dir='ltr'><strong>iacit</strong></span> <span class='ocrx_word' id='word_1_106' title='bbox 1250 2418 1348 2494; x_wconf 90' lang='lat' dir='ltr'><strong>credi</strong></span> <span class='ocrx_word' id='word_1_107' title='bbox 1378 2419 1502 2496; x_wconf 90' lang='lat' dir='ltr'><strong>omnia</strong></span> <span class='ocrx_word' id='word_1_108' title='bbox 1533 2421 1630 2494; x_wconf 86' lang='lat' dir='ltr'><strong>mala</strong></span> <span class='ocrx_word' id='word_1_109' title='bbox 1662 2419 1710 2494; x_wconf 87' lang='lat' dir='ltr'><strong>de</strong></span> <span class='ocrx_word' id='word_1_110' title='bbox 1743 2419 1902 2513; x_wconf 85' lang='lat' dir='ltr'><strong>homine,</strong></span> 
     </span>
     <span class='ocr_line' id='line_1_14' title="bbox 733 2539 1900 2636; baseline -0.003 -21"><span class='ocrx_word' id='word_1_111' title='bbox 733 2561 817 2636; x_wconf 84' lang='lat' dir='ltr'><strong>quae</strong></span> <span class='ocrx_word' id='word_1_112' title='bbox 842 2560 1047 2634; x_wconf 83' lang='lat' dir='ltr'><strong>numquam</strong></span> <span class='ocrx_word' id='word_1_113' title='bbox 1077 2539 1258 2636; x_wconf 84' lang='lat' dir='ltr'><strong>cogitavit</strong></span> <span class='ocrx_word' id='word_1_114' title='bbox 1293 2541 1384 2614; x_wconf 91' lang='lat' dir='ltr'><strong>Nota</strong></span> <span class='ocrx_word' id='word_1_115' title='bbox 1415 2540 1539 2635; x_wconf 85' lang='lat' dir='ltr'><strong>etiam,</strong></span> <span class='ocrx_word' id='word_1_116' title='bbox 1570 2539 1670 2634; x_wconf 90' lang='lat' dir='ltr'><strong>quod</strong></span> <span class='ocrx_word' id='word_1_117' title='bbox 1700 2559 1900 2634; x_wconf 88' lang='lat' dir='ltr'><strong>pravorum</strong></span> 
     </span>
     <span class='ocr_line' id='line_1_15' title="bbox 733 2659 1902 2754; baseline -0.002 -18"><span class='ocrx_word' id='word_1_118' title='bbox 733 2660 962 2737; x_wconf 85' lang='lat' dir='ltr'><strong>conversatio</strong></span> <span class='ocrx_word' id='word_1_119' title='bbox 991 2659 1128 2734; x_wconf 81' lang='lat' dir='ltr'>inducit</span> <span class='ocrx_word' id='word_1_120' title='bbox 1159 2660 1346 2735; x_wconf 91' lang='lat' dir='ltr'><strong>hominem</strong></span> <span class='ocrx_word' id='word_1_121' title='bbox 1376 2661 1424 2735; x_wconf 85' lang='lat' dir='ltr'><strong>ad</strong></span> <span class='ocrx_word' id='word_1_122' title='bbox 1455 2668 1531 2736; x_wconf 86' lang='lat' dir='ltr'><strong>tam</strong></span> <span class='ocrx_word' id='word_1_123' title='bbox 1566 2661 1746 2737; x_wconf 79' lang='lat' dir='ltr'><strong>infelicem</strong></span> <span class='ocrx_word' id='word_1_124' title='bbox 1773 2661 1902 2754; x_wconf 82' lang='lat' dir='ltr'><strong>tinem3</strong></span> 
     </span>
     <span class='ocr_line' id='line_1_16' title="bbox 735 2781 1902 2877; baseline 0 -21"><span class='ocrx_word' id='word_1_125' title='bbox 735 2804 820 2858; x_wconf 88' lang='lat' dir='ltr'><strong>nam</strong></span> <span class='ocrx_word' id='word_1_126' title='bbox 851 2781 1015 2856; x_wconf 84' lang='lat' dir='ltr'><strong>notarius</strong></span> <span class='ocrx_word' id='word_1_127' title='bbox 1041 2782 1107 2856; x_wconf 91' lang='lat' dir='ltr'><strong>iste</strong></span> <span class='ocrx_word' id='word_1_128' title='bbox 1133 2781 1196 2875; x_wconf 91' lang='lat' dir='ltr'><strong>qui</strong></span> <span class='ocrx_word' id='word_1_129' title='bbox 1225 2791 1306 2859; x_wconf 89' lang='lat' dir='ltr'><strong>erat</strong></span> <span class='ocrx_word' id='word_1_130' title='bbox 1335 2783 1446 2856; x_wconf 88' lang='lat' dir='ltr'><strong>home</strong></span> <span class='ocrx_word' id='word_1_131' title='bbox 1477 2782 1591 2858; x_wconf 88' lang='lat' dir='ltr'><strong>civilis</strong></span> <span class='ocrx_word' id='word_1_132' title='bbox 1624 2790 1661 2858; x_wconf 91' lang='lat' dir='ltr'><strong>ct</strong></span> <span class='ocrx_word' id='word_1_133' title='bbox 1691 2785 1902 2877; x_wconf 91' lang='lat' dir='ltr'><strong>honoratus,</strong></span> 
     </span>
     <span class='ocr_line' id='line_1_17' title="bbox 734 2901 1904 2998; baseline -0.002 -19"><span class='ocrx_word' id='word_1_134' title='bbox 734 2909 862 2979; x_wconf 87' lang='lat' dir='ltr'><strong>centra</strong></span> <span class='ocrx_word' id='word_1_135' title='bbox 888 2903 983 2978; x_wconf 88' lang='lat' dir='ltr'><strong>veile</strong></span> <span class='ocrx_word' id='word_1_136' title='bbox 1007 2922 1117 2976; x_wconf 91' lang='lat' dir='ltr'><strong>suum</strong></span> <span class='ocrx_word' id='word_1_137' title='bbox 1144 2902 1260 2979; x_wconf 85' lang='lat' dir='ltr'><strong>iactus</strong></span> <span class='ocrx_word' id='word_1_138' title='bbox 1292 2908 1348 2977; x_wconf 90' lang='lat' dir='ltr'><strong>est</strong></span> <span class='ocrx_word' id='word_1_139' title='bbox 1376 2901 1555 2997; x_wconf 78' lang='lat' dir='ltr'><strong>particeps</strong></span> <span class='ocrx_word' id='word_1_140' title='bbox 1585 2903 1684 2997; x_wconf 88' lang='lat' dir='ltr'><strong>iurti,</strong></span> <span class='ocrx_word' id='word_1_141' title='bbox 1711 2903 1809 2997; x_wconf 86' lang='lat' dir='ltr'><strong>quod</strong></span> <span class='ocrx_word' id='word_1_142' title='bbox 1839 2923 1904 2998; x_wconf 92' lang='lat' dir='ltr'><strong>per</strong></span> 
     </span>
     <span class='ocr_line' id='line_1_18' title="bbox 736 3023 1901 3119; baseline -0.002 -19"><span class='ocrx_word' id='word_1_143' title='bbox 736 3043 776 3100; x_wconf 90' lang='lat' dir='ltr'><strong>se</strong></span> <span class='ocrx_word' id='word_1_144' title='bbox 801 3045 1007 3117; x_wconf 89' lang='lat' dir='ltr'><strong>numquam</strong></span> <span class='ocrx_word' id='word_1_145' title='bbox 1033 3024 1260 3118; x_wconf 84' lang='lat' dir='ltr'><strong>somniasset,</strong></span> <span class='ocrx_word' id='word_1_146' title='bbox 1280 3028 1316 3097; x_wconf 93' lang='lat' dir='ltr'><strong>et</strong></span> <span class='ocrx_word' id='word_1_147' title='bbox 1333 3023 1459 3098; x_wconf 87' lang='lat' dir='ltr'><strong>iniami</strong></span> <span class='ocrx_word' id='word_1_148' title='bbox 1476 3029 1597 3099; x_wconf 92' lang='lat' dir='ltr'><strong>morte</strong></span> <span class='ocrx_word' id='word_1_149' title='bbox 1623 3030 1811 3119; x_wconf 90' lang='lat' dir='ltr'><strong>peremtus</strong></span> <span class='ocrx_word' id='word_1_150' title='bbox 1835 3031 1901 3099; x_wconf 91' lang='lat' dir='ltr'><strong>est.</strong></span> 
     </span>
     <span class='ocr_line' id='line_1_19' title="bbox 735 3140 1928 3240; baseline 0.001 -21"><span class='ocrx_word' id='word_1_151' title='bbox 735 3185 785 3198; x_wconf 91' lang='lat'>-</span> <span class='ocrx_word' id='word_1_152' title='bbox 801 3149 864 3219; x_wconf 82' lang='lat' dir='ltr'><strong>Ma</strong></span> <span class='ocrx_word' id='word_1_153' title='bbox 883 3140 1013 3238; x_wconf 73' lang='lat' dir='ltr'><strong>percit</strong></span> <span class='ocrx_word' id='word_1_154' title='bbox 1034 3147 1072 3218; x_wconf 83' lang='lat' dir='ltr'><strong>dt</strong></span> <span class='ocrx_word' id='word_1_155' title='bbox 1095 3148 1147 3218; x_wconf 84' lang='lat' dir='ltr'><strong>tat</strong></span> <span class='ocrx_word' id='word_1_156' title='bbox 1171 3147 1260 3218; x_wconf 74' lang='lat' dir='ltr'><strong>vestr</strong></span> <span class='ocrx_word' id='word_1_157' title='bbox 1285 3149 1319 3217; x_wconf 83' lang='lat' dir='ltr'><strong>tu</strong></span> <span class='ocrx_word' id='word_1_158' title='bbox 1344 3165 1417 3216; x_wconf 86' lang='lat' dir='ltr'><strong>nen</strong></span> <span class='ocrx_word' id='word_1_159' title='bbox 1436 3145 1530 3235; x_wconf 77' lang='lat' dir='ltr'><strong>pedi.</strong></span> <span class='ocrx_word' id='word_1_160' title='bbox 1556 3143 1621 3220; x_wconf 89' lang='lat' dir='ltr'><strong>Hic</strong></span> <span class='ocrx_word' id='word_1_161' title='bbox 1641 3144 1787 3220; x_wconf 88' lang='lat' dir='ltr'><strong>Vannes</strong></span> <span class='ocrx_word' id='word_1_162' title='bbox 1810 3143 1928 3240; x_wconf 46' lang='lat' dir='ltr'><strong>prae·N</strong></span> 
     </span>
     <span class='ocr_line' id='line_1_20' title="bbox 735 3263 1904 3360; baseline 0.002 -22"><span class='ocrx_word' id='word_1_163' title='bbox 735 3264 864 3359; x_wconf 90' lang='lat' dir='ltr'><strong>dictus,</strong></span> <span class='ocrx_word' id='word_1_164' title='bbox 891 3265 954 3358; x_wconf 84' lang='lat' dir='ltr'><strong>qui</strong></span> <span class='ocrx_word' id='word_1_165' title='bbox 980 3263 1092 3340; x_wconf 85' lang='lat' dir='ltr'><strong>invite</strong></span> <span class='ocrx_word' id='word_1_166' title='bbox 1125 3263 1316 3339; x_wconf 81' lang='lat' dir='ltr'><strong>detexerat</strong></span> <span class='ocrx_word' id='word_1_167' title='bbox 1348 3264 1470 3340; x_wconf 88' lang='lat' dir='ltr'><strong>autori</strong></span> <span class='ocrx_word' id='word_1_168' title='bbox 1504 3284 1610 3360; x_wconf 90' lang='lat' dir='ltr'><strong>suam</strong></span> <span class='ocrx_word' id='word_1_169' title='bbox 1643 3265 1904 3340; x_wconf 87' lang='lat' dir='ltr'><strong>verecundiam</strong></span> 
     </span>
     <span class='ocr_line' id='line_1_21' title="bbox 734 3384 1906 3481; baseline 0.003 -24"><span class='ocrx_word' id='word_1_170' title='bbox 734 3385 971 3481; x_wconf 77' lang='lat' dir='ltr'><strong>praeteritam,</strong></span> <span class='ocrx_word' id='word_1_171' title='bbox 997 3385 1078 3460; x_wconf 90' lang='lat' dir='ltr'><strong>ideo</strong></span> <span class='ocrx_word' id='word_1_172' title='bbox 1103 3384 1254 3459; x_wconf 89' lang='lat' dir='ltr'><strong>nuncin</strong></span> <span class='ocrx_word' id='word_1_173' title='bbox 1272 3384 1466 3460; x_wconf 88' lang='lat' dir='ltr'><strong>vindictam</strong></span> <span class='ocrx_word' id='word_1_174' title='bbox 1488 3385 1710 3478; x_wconf 77' lang='lat' dir='ltr'><strong>prenuntiat</strong></span> <span class='ocrx_word' id='word_1_175' title='bbox 1726 3385 1793 3461; x_wconf 90' lang='lat' dir='ltr'><strong>sibi</strong></span> <span class='ocrx_word' id='word_1_176' title='bbox 1810 3386 1906 3460; x_wconf 90' lang='lat' dir='ltr'><strong>iniu-</strong></span> 
     </span>
     <span class='ocr_line' id='line_1_22' title="bbox 735 3503 1905 3602; baseline 0.003 -25"><span class='ocrx_word' id='word_1_177' title='bbox 735 3504 829 3578; x_wconf 89' lang='lat' dir='ltr'><strong>riam</strong></span> <span class='ocrx_word' id='word_1_178' title='bbox 855 3505 893 3579; x_wconf 90' lang='lat' dir='ltr'><strong>in</strong></span> <span class='ocrx_word' id='word_1_179' title='bbox 917 3504 1021 3580; x_wconf 89' lang='lat' dir='ltr'><strong>brevi</strong></span> <span class='ocrx_word' id='word_1_180' title='bbox 1046 3504 1221 3578; x_wconf 81' lang='lat' dir='ltr'><strong>futuram.</strong></span> <span class='ocrx_word' id='word_1_181' title='bbox 1240 3505 1283 3577; x_wconf 83' lang='lat' dir='ltr'><strong>Et</strong></span> <span class='ocrx_word' id='word_1_182' title='bbox 1307 3503 1354 3578; x_wconf 87' lang='lat' dir='ltr'><strong>ad</strong></span> <span class='ocrx_word' id='word_1_183' title='bbox 1372 3504 1481 3578; x_wconf 85' lang='lat' dir='ltr'><strong>huius</strong></span> <span class='ocrx_word' id='word_1_184' title='bbox 1498 3503 1613 3580; x_wconf 77' lang='lat' dir='ltr'><strong>litere</strong></span> <span class='ocrx_word' id='word_1_185' title='bbox 1629 3505 1905 3602; x_wconf 82' lang='lat' dir='ltr'><strong>intelligentiam</strong></span> 
     </span>
     <span class='ocr_line' id='line_1_23' title="bbox 734 3623 1907 3720; baseline 0.002 -21"><span class='ocrx_word' id='word_1_186' title='bbox 734 3631 879 3719; x_wconf 89' lang='lat' dir='ltr'><strong>oportet</strong></span> <span class='ocrx_word' id='word_1_187' title='bbox 903 3625 1084 3720; x_wconf 77' lang='lat' dir='ltr'><strong>prescire,</strong></span> <span class='ocrx_word' id='word_1_188' title='bbox 1111 3625 1209 3718; x_wconf 86' lang='lat' dir='ltr'><strong>quod</strong></span> <span class='ocrx_word' id='word_1_189' title='bbox 1234 3624 1271 3698; x_wconf 94' lang='lat' dir='ltr'><strong>in</strong></span> <span class='ocrx_word' id='word_1_190' title='bbox 1296 3623 1426 3717; x_wconf 83' lang='lat' dir='ltr'><strong>MGCC,</strong></span> <span class='ocrx_word' id='word_1_191' title='bbox 1452 3645 1527 3718; x_wconf 87' lang='lat' dir='ltr'><strong>quo</strong></span> <span class='ocrx_word' id='word_1_192' title='bbox 1559 3645 1656 3700; x_wconf 87' lang='lat' dir='ltr'><strong>anno</strong></span> <span class='ocrx_word' id='word_1_193' title='bbox 1686 3627 1820 3702; x_wconf 88' lang='lat' dir='ltr'><strong>Dantes</strong></span> <span class='ocrx_word' id='word_1_194' title='bbox 1851 3628 1907 3701; x_wconf 87' lang='lat' dir='ltr'><strong>in-</strong></span> 
     </span>
     <span class='ocr_line' id='line_1_24' title="bbox 736 3738 1907 3842; baseline 0.003 -23"><span class='ocrx_word' id='word_1_195' title='bbox 736 3745 845 3840; x_wconf 88' lang='lat' dir='ltr'><strong>coepit</strong></span> <span class='ocrx_word' id='word_1_196' title='bbox 862 3745 958 3820; x_wconf 90' lang='lat' dir='ltr'><strong>istud</strong></span> <span class='ocrx_word' id='word_1_197' title='bbox 971 3738 1008 3837; x_wconf 76' lang='lat'><strong>(²)</strong></span> <span class='ocrx_word' id='word_1_198' title='bbox 1029 3765 1121 3841; x_wconf 90' lang='lat' dir='ltr'><strong>opus</strong></span> <span class='ocrx_word' id='word_1_199' title='bbox 1147 3745 1350 3842; x_wconf 87' lang='lat' dir='ltr'><strong>egregium,</strong></span> <span class='ocrx_word' id='word_1_200' title='bbox 1369 3745 1493 3820; x_wconf 86' lang='lat' dir='ltr'><strong>civitas</strong></span> <span class='ocrx_word' id='word_1_201' title='bbox 1511 3745 1653 3823; x_wconf 88' lang='lat' dir='ltr'><strong>Pistorii</strong></span> <span class='ocrx_word' id='word_1_202' title='bbox 1670 3754 1752 3822; x_wconf 88' lang='lat' dir='ltr'><strong>erat</strong></span> <span class='ocrx_word' id='word_1_203' title='bbox 1767 3747 1805 3822; x_wconf 94' lang='lat' dir='ltr'><strong>in</strong></span> <span class='ocrx_word' id='word_1_204' title='bbox 1821 3749 1907 3826; x_wconf 89' lang='lat' dir='ltr'><strong>satis</strong></span> 
     </span>
     <span class='ocr_line' id='line_1_25' title="bbox 737 3866 1906 3964; baseline 0.003 -24"><span class='ocrx_word' id='word_1_205' title='bbox 737 3887 872 3964; x_wconf 86' lang='lat' dir='ltr'><strong>magno</strong></span> <span class='ocrx_word' id='word_1_206' title='bbox 888 3867 996 3960; x_wconf 84' lang='lat' dir='ltr'><strong>flore3</strong></span> <span class='ocrx_word' id='word_1_207' title='bbox 1019 3871 1055 3940; x_wconf 91' lang='lat' dir='ltr'><strong>et</strong></span> <span class='ocrx_word' id='word_1_208' title='bbox 1073 3867 1109 3940; x_wconf 93' lang='lat' dir='ltr'><strong>in</strong></span> <span class='ocrx_word' id='word_1_209' title='bbox 1127 3887 1172 3942; x_wconf 89' lang='lat' dir='ltr'><strong>ea</strong></span> <span class='ocrx_word' id='word_1_210' title='bbox 1190 3875 1277 3943; x_wconf 92' lang='lat' dir='ltr'><strong>tunc</strong></span> <span class='ocrx_word' id='word_1_211' title='bbox 1295 3866 1478 3961; x_wconf 85' lang='lat' dir='ltr'><strong>praecipue</strong></span> <span class='ocrx_word' id='word_1_212' title='bbox 1494 3867 1642 3963; x_wconf 81' lang='lat' dir='ltr'><strong>vigebat</strong></span> <span class='ocrx_word' id='word_1_213' title='bbox 1662 3867 1794 3944; x_wconf 89' lang='lat' dir='ltr'><strong>demus</strong></span> <span class='ocrx_word' id='word_1_214' title='bbox 1811 3869 1906 3944; x_wconf 88' lang='lat' dir='ltr'><strong>Can·</strong></span> 
     </span>
     <span class='ocr_line' id='line_1_26' title="bbox 737 3985 1907 4084; baseline 0.003 -22"><span class='ocrx_word' id='word_1_215' title='bbox 737 3985 983 4080; x_wconf 89' lang='lat' dir='ltr'><strong>cellariorum,</strong></span> <span class='ocrx_word' id='word_1_216' title='bbox 1013 4007 1175 4080; x_wconf 86' lang='lat' dir='ltr'><strong>quorum</strong></span> <span class='ocrx_word' id='word_1_217' title='bbox 1207 3985 1344 4061; x_wconf 78' lang='lat' dir='ltr'><strong>familia</strong></span> <span class='ocrx_word' id='word_1_218' title='bbox 1373 3993 1454 4060; x_wconf 88' lang='lat' dir='ltr'><strong>erat</strong></span> <span class='ocrx_word' id='word_1_219' title='bbox 1484 4007 1683 4063; x_wconf 88' lang='lat' dir='ltr'><strong>numerosa</strong></span> <span class='ocrx_word' id='word_1_220' title='bbox 1713 3988 1830 4084; x_wconf 87' lang='lat' dir='ltr'><strong>valde,</strong></span> <span class='ocrx_word' id='word_1_221' title='bbox 1856 3991 1907 4066; x_wconf 87' lang='lat' dir='ltr'><strong>ita</strong></span> 
     </span>
    </p>
   </div>
   <div class='ocr_carea' id='block_1_3' title="bbox 735 4107 1909 4912">
    <p class='ocr_par' dir='ltr' id='par_1_3' title="bbox 735 4107 1909 4912">
     <span class='ocr_line' id='line_1_27' title="bbox 737 4107 1905 4208; baseline 0.003 -26"><span class='ocrx_word' id='word_1_222' title='bbox 737 4109 836 4202; x_wconf 89' lang='lat' dir='ltr'><strong>quod</strong></span> <span class='ocrx_word' id='word_1_223' title='bbox 861 4107 1018 4184; x_wconf 87' lang='lat' dir='ltr'><strong>hahebat</strong></span> <span class='ocrx_word' id='word_1_224' title='bbox 1043 4109 1139 4182; x_wconf 86' lang='lat' dir='ltr'><strong>ultra</strong></span> <span class='ocrx_word' id='word_1_225' title='bbox 1166 4113 1315 4183; x_wconf 87' lang='lat' dir='ltr'><strong>centum</strong></span> <span class='ocrx_word' id='word_1_226' title='bbox 1342 4107 1507 4182; x_wconf 90' lang='lat' dir='ltr'><strong>homines</strong></span> <span class='ocrx_word' id='word_1_227' title='bbox 1533 4127 1579 4181; x_wconf 83' lang='lat' dir='ltr'><strong>ex</strong></span> <span class='ocrx_word' id='word_1_228' title='bbox 1607 4129 1684 4183; x_wconf 92' lang='lat' dir='ltr'><strong>uno</strong></span> <span class='ocrx_word' id='word_1_229' title='bbox 1714 4111 1905 4208; x_wconf 81' lang='lat' dir='ltr'><strong>sanguiue,</strong></span> 
     </span>
     <span class='ocr_line' id='line_1_28' title="bbox 737 4228 1907 4326; baseline 0 -21"><span class='ocrx_word' id='word_1_230' title='bbox 737 4238 773 4306; x_wconf 90' lang='lat' dir='ltr'><strong>et</strong></span> <span class='ocrx_word' id='word_1_231' title='bbox 798 4235 926 4326; x_wconf 87' lang='lat' dir='ltr'><strong>potens</strong></span> <span class='ocrx_word' id='word_1_232' title='bbox 950 4231 1048 4304; x_wconf 86' lang='lat' dir='ltr'><strong>ultra</strong></span> <span class='ocrx_word' id='word_1_233' title='bbox 1069 4247 1198 4304; x_wconf 91' lang='lat' dir='ltr'><strong>omnes</strong></span> <span class='ocrx_word' id='word_1_234' title='bbox 1217 4228 1359 4322; x_wconf 88' lang='lat' dir='ltr'><strong>domos,</strong></span> <span class='ocrx_word' id='word_1_235' title='bbox 1377 4228 1515 4304; x_wconf 91' lang='lat' dir='ltr'><strong>nedum</strong></span> <span class='ocrx_word' id='word_1_236' title='bbox 1536 4229 1691 4324; x_wconf 86' lang='lat' dir='ltr'><strong>Pistorii,</strong></span> <span class='ocrx_word' id='word_1_237' title='bbox 1710 4231 1772 4305; x_wconf 90' lang='lat' dir='ltr'><strong>sed</strong></span> <span class='ocrx_word' id='word_1_238' title='bbox 1797 4231 1907 4308; x_wconf 91' lang='lat' dir='ltr'><strong>totius</strong></span> 
     </span>
     <span class='ocr_line' id='line_1_29' title="bbox 737 4350 1908 4452; baseline 0 -25"><span class='ocrx_word' id='word_1_239' title='bbox 737 4350 895 4444; x_wconf 80' lang='lat' dir='ltr'><strong>Tusciae5</strong></span> <span class='ocrx_word' id='word_1_240' title='bbox 913 4350 950 4424; x_wconf 94' lang='lat' dir='ltr'><strong>in</strong></span> <span class='ocrx_word' id='word_1_241' title='bbox 976 4354 1156 4442; x_wconf 85' lang='lat' dir='ltr'><strong>quaerat</strong></span> <span class='ocrx_word' id='word_1_242' title='bbox 1183 4368 1339 4452; x_wconf 86' lang='lat' dir='ltr'><strong>magnus</strong></span> <span class='ocrx_word' id='word_1_243' title='bbox 1365 4369 1546 4424; x_wconf 91' lang='lat' dir='ltr'><strong>numerus</strong></span> <span class='ocrx_word' id='word_1_244' title='bbox 1573 4350 1741 4426; x_wconf 87' lang='lat' dir='ltr'><strong>militum.</strong></span> <span class='ocrx_word' id='word_1_245' title='bbox 1769 4353 1908 4427; x_wconf 88' lang='lat' dir='ltr'><strong>Domus</strong></span> 
     </span>
     <span class='ocr_line' id='line_1_30' title="bbox 737 4467 1909 4566; baseline 0.003 -21"><span class='ocrx_word' id='word_1_246' title='bbox 737 4491 827 4566; x_wconf 82' lang='lat' dir='ltr'><strong>ergo</strong></span> <span class='ocrx_word' id='word_1_247' title='bbox 853 4469 919 4546; x_wconf 88' lang='lat' dir='ltr'><strong>ista</strong></span> <span class='ocrx_word' id='word_1_248' title='bbox 944 4488 991 4542; x_wconf 82' lang='lat' dir='ltr'><strong>en</strong></span> <span class='ocrx_word' id='word_1_249' title='bbox 1017 4468 1078 4542; x_wconf 91' lang='lat' dir='ltr'><strong>lite</strong></span> <span class='ocrx_word' id='word_1_250' title='bbox 1104 4474 1190 4541; x_wconf 86' lang='lat' dir='ltr'><strong>nata</strong></span> <span class='ocrx_word' id='word_1_251' title='bbox 1216 4467 1409 4562; x_wconf 87' lang='lat' dir='ltr'><strong>intereos,</strong></span> <span class='ocrx_word' id='word_1_252' title='bbox 1436 4490 1520 4562; x_wconf 85' lang='lat' dir='ltr'><strong>quae</strong></span> <span class='ocrx_word' id='word_1_253' title='bbox 1549 4469 1677 4544; x_wconf 86' lang='lat' dir='ltr'><strong>habuit</strong></span> <span class='ocrx_word' id='word_1_254' title='bbox 1706 4479 1831 4546; x_wconf 87' lang='lat' dir='ltr'><strong>crtum</strong></span> <span class='ocrx_word' id='word_1_255' title='bbox 1860 4473 1909 4548; x_wconf 86' lang='lat' dir='ltr'><strong>ab</strong></span> 
     </span>
     <span class='ocr_line' id='line_1_31' title="bbox 737 4585 1909 4687; baseline 0.003 -24"><span class='ocrx_word' id='word_1_256' title='bbox 737 4610 812 4664; x_wconf 92' lang='lat' dir='ltr'><strong>uno</strong></span> <span class='ocrx_word' id='word_1_257' title='bbox 838 4587 1006 4683; x_wconf 88' lang='lat' dir='ltr'><strong>pessimo,</strong></span> <span class='ocrx_word' id='word_1_258' title='bbox 1031 4585 1078 4661; x_wconf 90' lang='lat' dir='ltr'><strong>de</strong></span> <span class='ocrx_word' id='word_1_259' title='bbox 1107 4607 1182 4680; x_wconf 89' lang='lat' dir='ltr'><strong>quo</strong></span> <span class='ocrx_word' id='word_1_260' title='bbox 1207 4585 1350 4661; x_wconf 90' lang='lat' dir='ltr'><strong>dicetur</strong></span> <span class='ocrx_word' id='word_1_261' title='bbox 1378 4589 1472 4663; x_wconf 87' lang='lat' dir='ltr'><strong>inira</strong></span> <span class='ocrx_word' id='word_1_262' title='bbox 1502 4589 1659 4686; x_wconf 82' lang='lat' dir='ltr'><strong>capituto</strong></span> <span class='ocrx_word' id='word_1_263' title='bbox 1686 4592 1827 4687; x_wconf 83' lang='lat' dir='ltr'>XXXII,</span> <span class='ocrx_word' id='word_1_264' title='bbox 1852 4593 1909 4666; x_wconf 92' lang='lat' dir='ltr'><strong>di·</strong></span> 
     </span>
     <span class='ocr_line' id='line_1_32' title="bbox 735 4687 1908 4808; baseline 0.003 -24"><span class='ocrx_word' id='word_1_265' title='bbox 735 4709 812 4785; x_wconf 88' lang='lat' dir='ltr'><strong>visa</strong></span> <span class='ocrx_word' id='word_1_266' title='bbox 834 4687 905 4780; x_wconf 80' lang='lat' dir='ltr'><strong>iutt</strong></span> <span class='ocrx_word' id='word_1_267' title='bbox 929 4705 966 4780; x_wconf 90' lang='lat' dir='ltr'><strong>in</strong></span> <span class='ocrx_word' id='word_1_268' title='bbox 991 4706 1083 4780; x_wconf 91' lang='lat' dir='ltr'><strong>duas</strong></span> <span class='ocrx_word' id='word_1_269' title='bbox 1109 4716 1242 4802; x_wconf 89' lang='lat' dir='ltr'><strong>partes,</strong></span> <span class='ocrx_word' id='word_1_270' title='bbox 1264 4706 1401 4782; x_wconf 86' lang='lat' dir='ltr'><strong>scilicet</strong></span> <span class='ocrx_word' id='word_1_271' title='bbox 1422 4707 1532 4784; x_wconf 74' lang='lat' dir='ltr'><strong>Albos</strong></span> <span class='ocrx_word' id='word_1_272' title='bbox 1552 4717 1589 4786; x_wconf 86' lang='lat' dir='ltr'><strong>et</strong></span> <span class='ocrx_word' id='word_1_273' title='bbox 1614 4712 1756 4808; x_wconf 83' lang='lat' dir='ltr'><strong>Nigrus,</strong></span> <span class='ocrx_word' id='word_1_274' title='bbox 1775 4720 1812 4788; x_wconf 92' lang='lat' dir='ltr'><strong>et</strong></span> <span class='ocrx_word' id='word_1_275' title='bbox 1833 4719 1908 4788; x_wconf 88' lang='lat' dir='ltr'><strong>tota</strong></span> 
     </span>
     <span class='ocr_line' id='line_1_33' title="bbox 736 4827 1908 4912; baseline 0.007 -8"><span class='ocrx_word' id='word_1_276' title='bbox 736 4827 862 4904; x_wconf 84' lang='lat' dir='ltr'><strong>civitas</strong></span> <span class='ocrx_word' id='word_1_277' title='bbox 886 4827 999 4903; x_wconf 81' lang='lat' dir='ltr'><strong>divisa</strong></span> <span class='ocrx_word' id='word_1_278' title='bbox 1025 4834 1080 4902; x_wconf 87' lang='lat' dir='ltr'><strong>est</strong></span> <span class='ocrx_word' id='word_1_279' title='bbox 1112 4848 1198 4903; x_wconf 90' lang='lat' dir='ltr'><strong>cum</strong></span> <span class='ocrx_word' id='word_1_280' title='bbox 1232 4827 1310 4902; x_wconf 88' lang='lat' dir='ltr'><strong>iliis.</strong></span> <span class='ocrx_word' id='word_1_281' title='bbox 1345 4828 1542 4906; x_wconf 84' lang='lat' dir='ltr'><strong>Florentini</strong></span> <span class='ocrx_word' id='word_1_282' title='bbox 1576 4837 1703 4908; x_wconf 90' lang='lat' dir='ltr'><strong>autem</strong></span> <span class='ocrx_word' id='word_1_283' title='bbox 1738 4834 1908 4912; x_wconf 90' lang='lat' dir='ltr'><strong>timentes</strong></span> 
     </span>
    </p>
   </div>
   <div class='ocr_carea' id='block_1_4' title="bbox 799 5065 1640 5144">
    <p class='ocr_par' dir='ltr' id='par_1_4' title="bbox 799 5065 1640 5144">
     <span class='ocr_line' id='line_1_34' title="bbox 799 5065 1640 5144; baseline 0.005 -4"><span class='ocrx_word' id='word_1_284' title='bbox 799 5065 995 5142; x_wconf 56' lang='lat' dir='ltr'><strong>iimm-</strong></span> <span class='ocrx_word' id='word_1_285' title='bbox 1408 5075 1640 5144; x_wconf 52' lang='lat' dir='ltr'><strong>(5ssth-</strong></span> 
     </span>
    </p>
   </div>
   <div class='ocr_carea' id='block_1_5' title="bbox 0 0 2321 6836">
    <p class='ocr_par' dir='ltr' id='par_1_5' title="bbox 0 0 2321 6836">
     <span class='ocr_line' id='line_1_35' title="bbox 0 0 2321 6836; baseline 0 0"><span class='ocrx_word' id='word_1_286' title='bbox 0 0 2321 6836; x_wconf 95' lang='lat' dir='ltr'><strong> </strong></span> 
     </span>
    </p>
   </div>
  </div>
 </body>
</html>
