4566 6844
715 958 786 1027 aso
1111 967 1314 1027 domuit
1338 967 1488 1026 munera

711 1113 816 1190 brevi
850 1111 1080 1188 verificatum
1119 1115 1185 1188 est.
1223 1115 1315 1189 Nam
1350 1114 1656 1210 arehieptsoopm,
1689 1111 1799 1188 cuius
1831 1114 1887 1189 la-

712 1253 804 1309 vore
818 1225 854 1326 (⁴)
882 1253 923 1308 se
949 1227 1082 1307 iultum
1107 1235 1290 1330 sperabat,
1315 1236 1442 1310 statuit
1471 1234 1657 1331 depellere
1687 1233 1809 1330 ipsum
1840 1234 1888 1310 de

712 1351 885 1430 dominio.
911 1351 956 1426 Et
980 1351 1018 1426 iu
1043 1351 1170 1428 lurore
1194 1354 1317 1450 populi
1343 1353 1428 1430 iecit
1452 1353 1574 1450 ipsum
1600 1353 1722 1428 invadi
1746 1353 1795 1428 ad
1820 1371 1888 1450 pu-

711 1471 861 1568 latium;
881 1471 972 1548 dans
988 1471 1193 1572 intelligere
1209 1471 1356 1570 populo,
1377 1474 1535 1570 qualiter
1552 1474 1630 1570 ipse
1645 1491 1772 1549 eomes
1789 1475 1888 1571 Ugu-

711 1594 808 1668 linus
840 1593 986 1668 volebat
1019 1593 1176 1688 prodere
1210 1593 1321 1688 Pisas,
1351 1593 1471 1669 dando
1506 1593 1654 1669 radella
1685 1593 1888 1669 florentinis

711 1719 825 1806 atque
859 1713 1008 1787 lucanis
1036 1715 1076 1787 ln
1108 1715 1273 1790 tumultu
1305 1714 1418 1811 igitur
1449 1714 1518 1788 ibit
1545 1711 1762 1792 interiectus
1786 1733 1886 1788 unus

712 1835 808 1910 tilius
832 1835 1009 1910 naturalis
1039 1835 1131 1930 eius,
1156 1842 1195 1910 et
1225 1856 1322 1910 unus
1355 1853 1478 1932 nepos,
1510 1851 1600 1910 vere
1631 1829 1766 1929 nucu,
1797 1833 1884 1929 quia
1918 1827 1922 1842 '

712 1976 785 2030 non
811 1955 988 2030 reservati
1013 1955 1160 2029 suntad
1178 1953 1266 2030 illud
1287 1953 1438 2032 crudele
1454 1953 1695 2030 intortunium
1712 1969 1881 2028 suorum.

712 2075 843 2150 Comes
859 2093 949 2150 vero
967 2074 1099 2150 dedidit
1124 2065 1211 2169 seli
1231 2074 1439 2170 captivum3
1465 2083 1503 2151 et
1526 2091 1613 2148 cum
1638 2072 1783 2148 duobus
1803 2071 1885 2146 tiliis

711 2201 858 2268 etcum
885 2192 1031 2268 duobus
1063 2192 1255 2288 nepotibus
1279 2192 1435 2268 traditus
1464 2196 1520 2267 est
1552 2191 1716 2266 cameri:
1750 2209 1883 2265 omnes

711 2311 791 2387 eius
815 2312 1011 2386 familiares
1037 2319 1073 2388 et
1098 2318 1285 2387 eonsortes
1310 2311 1405 2408 pulsi
1426 2317 1523 2404 sunt,
1541 2317 1727 2386 eteorum
1744 2329 1882 2404 sequa-

710 2451 783 2527 ces,
807 2431 904 2505 siout
935 2429 1115 2525 Obriacbi,
1146 2431 1314 2526 Gnatam,
1348 2436 1386 2506 et
1415 2430 1496 2504 alia
1525 2429 1673 2504 tamiliae
1700 2426 1879 2503 nobilium

711 2553 969 2648 guelpbomm.
984 2553 1037 2624 Er
1051 2551 1230 2647 praedictis
1243 2557 1353 2646 patet,
1367 2549 1694 2644 quomodueomee
1706 2545 1882 2644 Ugolinus

710 2667 866 2766 prodidit
879 2671 1247 2768 consanguinitatem,
1260 2669 1445 2746 civitatem
1461 2676 1498 2744 et
1510 2668 1786 2764 partialitatem3
1800 2667 1883 2742 ideo

710 2789 874 2885 proditor
896 2789 1062 2884 proditus
1083 2797 1140 2865 est
1160 2811 1182 2864 a
1200 2789 1395 2886 proditore.
1414 2789 1507 2862 Nam
1526 2807 1572 2862 er
1589 2787 1659 2862 ista
1676 2786 1883 2861 mutatione

711 2909 892 3003 Pisamm,
916 2929 1002 3005 pars
1027 2908 1186 3006 guelpba
1212 2905 1248 2982 in
1273 2909 1404 2984 l’useia
1420 2907 1490 2982 luit
1508 2908 1546 2982 in
1567 2925 1700 3004 magna
1722 2906 1883 2982 declina·

710 3030 809 3105 tione
833 3037 983 3126 propter
1008 3030 1105 3104 vires
1130 3029 1370 3123 aretinorum,
1387 3033 1425 3103 et
1442 3027 1642 3122 potentiam
1659 3027 1796 3102 domini
1818 3027 1882 3101 Ja-

709 3151 792 3226 oobi
817 3151 864 3226 de
887 3149 1070 3247 aragonia
1094 3168 1182 3224 oum
1208 3148 1330 3223 siculis
1356 3154 1393 3224 et
1415 3147 1589 3224 catelanis
1605 3154 1734 3222 eontra
1761 3149 1880 3222 baere·

707 3270 792 3346 dem
818 3269 948 3345 Caroli.
975 3269 1108 3344 Comes
1132 3267 1245 3366 igitur
1267 3263 1390 3342 inlelix
1411 3287 1496 3342 cum
1518 3267 1599 3341 tiliis
1624 3273 1660 3342 et
1686 3268 1881 3364 nepotibus

707 3389 846 3486 positus
871 3396 926 3464 est
951 3389 989 3462 in
1022 3387 1155 3462 turrim
1171 3379 1207 3480 (³)
1236 3405 1347 3483 super
1376 3387 1534 3482 plateam
1561 3387 1668 3482 juxta
1700 3389 1877 3484 palatium

707 3508 968 3601 Antianorum3
994 3514 1032 3582 et
1057 3507 1180 3582 clausa
1202 3517 1307 3602 porta
1332 3503 1454 3582 claves
1473 3503 1625 3581 deieuae
1643 3513 1728 3580 suut
1749 3509 1787 3580 in
1810 3507 1881 3582 Ar-

707 3647 811 3720 num,
837 3637 875 3702 et
897 3625 1101 3722 denegatus
1126 3625 1253 3699 osteis
1273 3626 1392 3698 omnis
1413 3625 1541 3721 dctus,
1560 3626 1608 3700 ita
1629 3625 1728 3719 quod
1748 3641 1906 3744 omness

707 3746 845 3820 mortui
870 3753 957 3820 sunt
982 3745 1079 3820 lame
1103 3743 1141 3819 in
1166 3744 1280 3819 brevi.
1300 3742 1354 3818 lid
1373 3745 1599 3841 pmpositum
1621 3764 1723 3842 ergo,
1750 3765 1877 3821 eomes

707 3867 791 3944 dicit
816 3866 922 3942 Danti
947 3887 988 3942 se
1014 3865 1108 3941 velle
1132 3865 1304 3941 omittere
1329 3864 1435 3940 istam
1458 3873 1600 3960 partem
1626 3865 1773 3962 negotii,
1792 3885 1878 3960 qua

707 3987 815 4063 debet
840 4005 921 4062 esse
945 3985 1012 4061 sibi
1038 3985 1241 4079 manifesta,
1263 3990 1300 4060 et
1326 4003 1367 4059 se
1390 3985 1487 4060 velle
1507 3984 1630 4060 dicere
1654 3985 1762 4060 aliam
1788 4005 1877 4082 par-

709 4112 797 4201 tem,
822 4125 907 4200 quae
932 4109 986 4180 est
1011 4102 1077 4180 sibi
1103 4105 1259 4198 occulta,
1286 4101 1420 4178 seilicet
1449 4103 1608 4180 turmam
1642 4105 1770 4179 mortis
1800 4125 1877 4180 suae

706 4223 933 4301 miserande.
962 4224 1063 4300 Unde
1088 4225 1192 4302 dicit:
1206 4216 1299 4318 perd
1323 4227 1455 4316 odiret,
1472 4223 1620 4320 seilicet,
1640 4245 1662 4300 a
1684 4245 1745 4300 me
1765 4245 1875 4320 nune,

706 4349 785 4438 puel
805 4348 866 4420 ebe
889 4365 962 4418 non
984 4348 1071 4438 puoi
1093 4337 1876 4439 menomabaltmuotoomeumore

704 4469 777 4540 mio
798 4469 839 4560 lb
864 4468 990 4558 mdo,
1015 4463 1119 4558 idest,
1139 4463 1315 4540 cmdelis:
1341 4475 1379 4542 et
1402 4464 1498 4539 bene
1522 4464 1618 4560 dicit,
1639 4465 1727 4560 quia
1752 4463 1873 4538 nullus

704 4584 799 4659 alius
829 4584 957 4660 vivens
990 4589 1134 4680 poterat
1168 4583 1261 4658 seire
1291 4583 1415 4659 dicere
1448 4583 1553 4660 Danti
1585 4582 1738 4659 modum
1772 4583 1874 4658 istius

705 4703 846 4798 mortis,
871 4704 958 4798 quia
984 4703 1107 4778 nullus
1132 4724 1295 4798 unquam
1326 4704 1466 4780 viderat
1495 4725 1559 4780 eos
1592 4711 1787 4800 postquam
1818 4704 1875 4778 in-

703 4823 794 4898 clusi
812 4824 959 4900 inerant
973 4811 1028 4920 (ἧς
1046 4823 1128 4900 ideo
1144 4823 1247 4899 dicit:
1264 4827 1426 4918 esoprui
1440 4845 1478 4897 se
1500 4827 1600 4898 m'bo
1619 4829 1740 4918 offero,
1754 4847 1802 4900 ne
1820 4825 1875 4900 ri-

766 5009 794 5071 p)
809 5009 835 5060 e.
852 5010 975 5061 ravam.
1163 5009 1189 5068 lt
1208 5014 1260 5070 ne.
1278 5011 1388 5062 meatui
1404 5011 1520 5062 se-rt
1537 5011 1608 5063 matt
1623 5027 1659 5065 oe.

765 5085 792 5148 n
808 5085 839 5136 lu
856 5087 933 5162 mm.
1164 5086 1191 5148 (¹)
1207 5085 1268 5138 lte
1288 5090 1343 5150 tro,
1360 5087 1476 5140 memet
