4566 6844
691 983 833 1041 caurus
856 983 1071 1042 morsurus
1095 982 1291 1040 muudus.
1508 976 1578 1043 505

412 1126 606 1203 tinuative:
626 1129 751 1221 posue
777 1130 891 1204 oid'io
915 1130 1007 1202 mide
1031 1131 1097 1202 orbi
1119 1131 1307 1221 coenari,
1324 1129 1427 1225 idest,
1444 1130 1580 1206 multas

410 1247 520 1324 iacies
540 1249 689 1340 caninas
702 1241 754 1342 (¹),
767 1251 848 1343 [otti
865 1269 935 1341 per
956 1249 1106 1343 [reddm
1123 1247 1174 1324 ita
1190 1249 1290 1344 quod
1312 1270 1387 1324 non
1404 1250 1580 1326 rideban-

409 1373 472 1441 tur
495 1367 652 1464 amplius
677 1369 867 1443 bumanae:
884 1372 923 1444 et
941 1367 988 1444 de
1008 1369 1063 1444 rei
1079 1369 1234 1444 veritate
1250 1390 1324 1444 uon
1344 1369 1481 1445 babent
1496 1391 1579 1446 am-

407 1486 502 1583 plius
527 1487 669 1581 taciem,
694 1507 762 1562 nec
787 1492 951 1562 mentem
977 1487 1191 1583 humanam,
1209 1489 1286 1564 imo
1310 1489 1491 1582 caninam,
1512 1490 1577 1585 qui

296 1625 298 1630 ’
407 1612 485 1680 tam
509 1605 706 1683 crudeliter
722 1605 961 1702 prodiderunt
976 1605 1145 1702 patriam,
1164 1608 1241 1682 imo
1257 1627 1366 1684 canes
1382 1615 1469 1682 sunt
1485 1609 1578 1684 dde-

407 1725 461 1802 les
477 1726 603 1801 domui
619 1717 656 1819 (¹)
680 1747 770 1821 sue,
787 1731 825 1802 et
841 1733 1074 1824 pmpugnant
1089 1746 1158 1823 pro
1177 1747 1222 1804 ea
1235 1717 1295 1823 (³),
1311 1729 1369 1803 isti
1389 1743 1479 1804 vero
1496 1729 1577 1804 vio-

408 1846 483 1922 lata
497 1834 533 1940 (⁴)
560 1845 632 1922 ilde
657 1845 969 1944 impugnaverunt
989 1845 1162 1940 patriam,
1187 1845 1270 1922 ideo
1295 1846 1392 1942 dicit,
1417 1851 1508 1930 erade
1528 1851 1578 1922 mi

408 1987 473 2040 oen
496 1965 675 2057 mezzo,
699 1964 802 2059 idest,
819 1965 931 2060 rigor,
957 1963 1194 2060 horripilatio,
1211 1987 1231 2038 e
1252 1957 1360 2041 oerrd
1383 1989 1521 2061 sempre
1539 1969 1579 2041 dt

407 2089 514 2179 petati
522 2089 668 2178 pnazzi,
680 2084 826 2178 scilicet,
840 2084 877 2157 iu
891 2084 1030 2178 tuturo,
1044 2084 1192 2178 quando
1205 2086 1440 2162 recordabor.
1450 2088 1495 2161 Et
1507 2088 1577 2164 boc

406 2213 526 2302 potest
550 2204 698 2300 intelligi
723 2202 770 2278 ad
794 2201 951 2297 literam,
969 2202 1055 2297 quia
1073 2205 1241 2304 naturaie
1265 2210 1321 2280 est
1346 2206 1446 2300 quod
1464 2207 1576 2281 bomo

407 2325 532 2400 tremit
555 2326 594 2398 iu
619 2325 699 2398 loco
724 2321 955 2420 frigidissimo
972 2323 1091 2418 qualis
1112 2330 1194 2398 erat
1210 2323 1295 2420 iste3
1320 2332 1359 2401 et
1384 2333 1503 2422 potest
1520 2327 1578 2401 in-

405 2444 518 2541 telligi
542 2441 731 2518 moraliter
744 2434 782 2535 (ὅ)
803 2442 903 2537 quod
928 2442 985 2517 vir
1009 2443 1190 2530 bonuset
1214 2444 1375 2540 prudeus
1400 2446 1576 2522 abhorret

404 2563 472 2638 ista
490 2561 643 2637 crimina
660 2566 735 2635 tam
752 2560 927 2656 crudelia,
945 2561 1021 2636 imo
1041 2561 1288 2638 communiter
1306 2565 1453 2659 quando
1468 2564 1575 2640 audi-

404 2702 489 2755 mus
518 2679 604 2755 talia
635 2680 817 2756 nominari
851 2680 1065 2778 stringimus
1098 2702 1177 2777 uos,
1208 2688 1245 2758 et
1276 2685 1443 2760 membra
1477 2685 1575 2783 rigo-

403 2806 521 2895 scunt,
547 2799 641 2875 sicut
666 2799 703 2873 iu
728 2819 817 2875 casu
842 2799 986 2875 comitis
1011 2801 1165 2898 Ugolini,
1190 2802 1238 2877 de
1266 2824 1343 2897 quo
1368 2804 1511 2880 dicetur
1536 2805 1574 2879 in

403 2922 477 2997 flue
493 2920 603 2996 buius
623 2919 781 3016 capituli.
795 2959 845 2974 -
856 2925 890 2994 Ε
903 2929 1045 2996 mentre.
1063 2922 1129 2998 llic
1143 2929 1254 2998 autor
1273 2928 1406 2998 tractat
1425 2924 1573 3000 curiose

404 3043 450 3118 de
475 3061 551 3116 uno
576 3041 704 3136 spiritu
730 3040 919 3135 mederno,
947 3041 1009 3135 qui
1035 3040 1190 3137 prodidit
1213 3042 1370 3136 patriam
1395 3063 1516 3137 suam,
1536 3048 1575 3118 et

404 3162 473 3237 iuit
497 3182 609 3238 causa
635 3179 782 3256 magne
805 3159 958 3234 lusionis
973 3151 1010 3253 (⁶)
1037 3160 1240 3257 sauguinis;
1267 3168 1304 3235 et
1327 3161 1448 3257 primo
1471 3161 1576 3258 fingit

401 3303 445 3358 se
471 3283 591 3378 ipsum
616 3279 839 3374 percussisse
865 3279 968 3352 illum
986 3269 1022 3372 C)
1042 3299 1128 3353 cum
1154 3277 1258 3375 pede,
1278 3269 1452 3372 ueseioff)
1480 3299 1576 3375 quo-

403 3399 524 3474 modo.
552 3398 687 3473 Ordiua
712 3397 764 3472 sic
788 3397 953 3472 literam:
979 3419 998 3470 e
1021 3419 1093 3471 uou
1124 3419 1165 3471 so
1195 3419 1234 3472 se
1259 3403 1301 3492 su
1329 3401 1440 3490 bobr,
1465 3420 1487 3472 o
1512 3400 1575 3473 de·

401 3523 506 3612 sem,
522 3542 544 3594 o
561 3522 722 3614 forban,
739 3518 845 3613 quasi
861 3517 975 3593 dicat:
997 3518 1075 3594 sive
1092 3519 1162 3596 boc
1178 3517 1351 3594 acciderit
1367 3539 1415 3594 ex
1430 3520 1575 3596 animo-

402 3639 507 3717 sitate
530 3659 642 3735 quam
668 3637 850 3714 habebam
871 3636 918 3712 ad
938 3636 1062 3733 istum,
1081 3637 1158 3714 sive
1184 3657 1231 3712 ex
1256 3638 1575 3734 predestinatione

401 3758 536 3852 diviua,
560 3758 638 3833 sive
663 3777 710 3832 er
737 3755 924 3831 intlueutia
950 3756 1045 3851 coeli,
1072 3757 1140 3832 iste
1168 3757 1332 3853 proditor
1359 3759 1480 3855 primo
1511 3779 1575 3833 oc-

402 3879 519 3951 currit
543 3876 657 3950 menti
682 3895 777 3950 meae
803 3895 849 3949 ex
875 3874 1047 3948 omuibus
1071 3873 1319 3970 proditoribus
1342 3875 1481 3970 patriae,
1514 3897 1574 3948 ma

399 3997 660 4088 pnsseppteudo
678 3999 743 4088 fra
762 3997 793 4067 le
810 3999 902 4084 teste,
919 3991 1024 4085 idest,
1040 3991 1310 4068 deambulando
1335 3993 1430 4068 iuter
1454 3994 1574 4088 capita

402 4113 631 4212 proditorum
658 4113 721 4208 qui
754 4111 937 4187 habebant
967 4112 1088 4186 solum
1107 4112 1237 4206 ¹capita
1269 4118 1374 4187 extra
1404 4112 1572 4208 glaciem,

398 4241 492 4330 sorte
513 4236 670 4327 percussi
698 4236 727 4306 il
749 4235 807 4325 pet
828 4234 887 4305 uel
915 4234 1007 4305 vodo
1031 4233 1082 4305 ad
1104 4251 1187 4306 mm.
1218 4233 1264 4308 Et
1293 4233 1351 4306 bic
1374 4238 1461 4306 uota
1490 4233 1574 4329 pul-

402 4355 599 4431 cerrimam
624 4353 833 4428 fictionem:
860 4351 963 4448 tingit
985 4351 1082 4427 enim
1110 4353 1209 4446 quod
1238 4372 1323 4426 cum
1350 4351 1454 4448 pede,
1484 4353 1576 4428 idest

401 4497 489 4551 cum
514 4474 708 4551 allectione
731 4473 954 4569 percusserit
969 4462 1006 4565 (⁹)
1029 4471 1160 4547 taciem
1179 4471 1281 4547 istim
1300 4472 1454 4568 sortiter,
1472 4471 1574 4568 idest,

402 4594 482 4670 eius
507 4595 699 4688 bonorem,
717 4592 804 4688 quia
822 4611 1028 4686 numquam
1055 4591 1204 4667 babebit
1219 4584 1272 4683 (⁴⁰)
1297 4591 1456 4668 irontem
1476 4591 1573 4668 inter

463 4781 490 4840 (¹)
506 4781 537 4831 ll.
554 4782 679 4844 caprinas.
751 4777 779 4842 (¹)
794 4779 826 4828 E.
842 4778 941 4829 domini
956 4778 1003 4828 sui.
1070 4777 1097 4840 (¹)
1113 4777 1144 4828 li.
1160 4791 1208 4840 pro
1223 4789 1263 4828 eo.

461 4857 489 4917 (⁸)
505 4858 537 4908 li.
553 4857 681 4908 violenter
696 4861 724 4907 et
738 4854 875 4906 infideliter
890 4857 1127 4919 propagaverunt.

461 4933 489 4996 (⁸)
504 4933 535 4983 lt.
551 4933 688 4984 moraliter
702 4934 783 4984 ulam
797 4932 876 4997 quod.
1068 4929 1095 4992 i'i
1110 4929 1141 4980 Β·
1157 4943 1173 4980 0
1188 4929 1214 4980 S·
1230 4929 1370 4982 emollit·

461 5009 489 5071 Γ)
504 5009 536 5059 E.
552 5007 641 5059 ilium.
1069 5005 1096 5068 Ρ)
1111 5006 1143 5056 ll.
1158 5018 1175 5057 ο
1191 5009 1245 5067 tlt,
1262 5007 1386 5057 nebim.

461 5085 710 5150 prtem-u
1058 5081 1276 5146 pannosae.
