4526 6836
408 1311 573 1386 CANTUS
607 1311 796 1380 DECIMUS
830 1311 983 1392 NONUS,
1016 1312 1052 1378 in
1081 1331 1141 1396 quo
1174 1316 1292 1379 tradat
1325 1311 1364 1378 do
1396 1309 1579 1380 simoniacis

475 1425 574 1516 papis
589 1425 766 1508 preteritis
793 1425 915 1490 odilus
943 1425 979 1489 io
1005 1423 1165 1506 lapidoso
1187 1425 1433 1509 propaginotis3
1457 1431 1487 1492 ct
1514 1427 1579 1492 ista

478 1541 525 1602 est
546 1535 641 1602 totio
664 1535 789 1622 incipio:
818 1542 849 1603 et
877 1538 958 1602 sicut
986 1536 1107 1602 tonnus
1136 1541 1183 1628 est
1213 1535 1338 1603 Dcntcs
1369 1557 1438 1602 arm
1471 1535 1576 1620 aliquo

481 1667 588 1713 comm
602 1646 677 1713 olim
684 1668 779 1731 popo
800 1647 839 1714 dc
867 1645 1001 1727 Ursinis,
1018 1653 1048 1714 ct
1061 1647 1227 1714 ocriculo
1243 1647 1412 1714 modiatam
1429 1647 1575 1715 numm.

486 1961 708 2130 Osruon
721 2075 876 2148 moggo
892 2057 1010 2128 moeri
1027 2056 1176 2148 separari.
1194 2054 1393 2150 Postquam
1411 2056 1448 2130 in
1465 2080 1577 2154 supe-

405 2174 492 2250 riori
518 2175 677 2272 capitulo
702 2173 871 2271 proxime
895 2175 1114 2269 precedenti
1131 2181 1241 2250 autor
1261 2185 1384 2252 noster
1406 2179 1576 2254 tractavit

405 2303 442 2372 et
466 2296 723 2374 determinavit
752 2297 798 2372 de
827 2296 942 2394 poenis
974 2296 1149 2370 lenonum
1175 2304 1213 2372 et
1237 2296 1484 2392 adulatorum,
1511 2299 1575 2392 qui

404 2415 609 2511 puniuntur
633 2416 670 2491 in
696 2416 869 2511 primast
890 2415 1050 2490 secunda
1068 2415 1210 2512 bulgia;
1230 2436 1328 2491 nunc
1344 2436 1575 2512 consequen·
1709 2403 1714 2410 ’

406 2543 462 2612 ter
486 2537 562 2632 agit
586 2544 624 2612 et
649 2542 779 2613 tractat
804 2537 850 2611 de
876 2536 983 2612 tertia
997 2529 1034 2630 (¹)
1060 2535 1180 2632 specie
1205 2537 1352 2632 fraudis,
1373 2537 1508 2614 scilicet
1528 2539 1577 2612 si-

407 2656 530 2732 monia
554 2663 592 2731 et
616 2655 901 2731 simoniacorum
925 2677 1046 2754 poena,
1071 2657 1135 2750 qui
1166 2657 1370 2753 puniuntur
1404 2657 1442 2733 in
1468 2658 1576 2733 tertia

406 2778 539 2874 bulgia.
567 2779 611 2857 Et
635 2798 794 2874 presens
813 2777 1015 2874 capitulum
1034 2777 1116 2852 Xlll
1140 2783 1259 2874 potest
1283 2778 1390 2853 dividi
1417 2779 1454 2854 in
1480 2799 1574 2873 qua-

405 2904 489 2974 tuor
522 2905 643 2994 partes
671 2897 872 2996 generales.
900 2897 939 2970 lu
965 2917 1126 2992 quarum
1155 2897 1274 2994 prima
1299 2906 1408 2973 autor
1432 2899 1569 2974 descri-

401 3017 453 3092 bit
477 3039 626 3114 poenam
651 3017 938 3096 simoniacorum
968 3017 1005 3090 in
1037 3018 1211 3115 generali.
1242 3019 1281 3092 ln
1316 3020 1476 3095 secunda
1509 3021 1565 3093 in-

399 3139 559 3214 troducit
591 3160 707 3214 unnim
733 3138 941 3236 pontificem
967 3159 1145 3234 magnum
1171 3137 1425 3233 simoniacum,
1450 3140 1515 3234 qui
1528 3131 1564 3236 (ἵ)

399 3259 541 3336 confert
566 3280 694 3336 secum
712 3260 839 3354 multa,
857 3259 925 3333 ibi:
947 3261 1007 3332 coi
1022 3251 1060 3332 io
1074 3266 1237 3333 moestro.
1260 3260 1299 3333 ln
1321 3260 1427 3338 tertia
1452 3261 1571 3337 dictus

401 3379 561 3475 pontiler
595 3380 759 3457 nominat
797 3379 887 3456 alios
925 3379 1142 3454 simoniacos
1176 3386 1214 3453 et
1250 3399 1291 3454 se
1327 3399 1413 3454 cum
1428 3370 1466 3476 (³)
1493 3380 1571 3477 illis,

399 3501 470 3575 ibi:
497 3506 541 3576 Se
564 3504 603 3576 di
624 3523 739 3594 saper.
767 3502 806 3574 ln
832 3507 964 3594 quarta
989 3506 1027 3576 et
1053 3498 1183 3574 ultima
1213 3499 1376 3595 increpat
1405 3507 1443 3574 et
1474 3501 1571 3576 vitu-

400 3627 505 3717 perat
533 3641 661 3696 amare
692 3619 922 3714 simoniacos,
949 3640 1109 3714 quorum
1142 3619 1295 3696 avaritia
1325 3620 1487 3695 mundus
1515 3628 1571 3696 est

401 3761 609 3836 perversus,
635 3741 704 3817 ihi:
730 3745 772 3814 lo
796 3761 869 3816 non
892 3761 942 3814 so.
970 3739 1024 3814 Ad
1048 3739 1210 3836 primum
1237 3760 1328 3838 ergo
1352 3741 1444 3836 dico,
1470 3743 1570 3836 quod

401 3861 437 3936 in
462 3861 581 3957 prima
606 3868 711 3957 parte
735 3869 845 3938 autor
869 3860 1039 3938 describit
1060 3881 1208 3956 poenam
1230 3859 1515 3938 simoniacorum
1533 3863 1572 3938 iu

400 3981 579 4078 generali3
596 3993 635 4060 et
653 3983 772 4079 primo
792 3981 1041 4078 descripturus
1061 4001 1206 4076 poenam
1227 3979 1431 4058 mirabilem
1451 4004 1496 4058 ex
1516 3984 1571 4058 in-

399 4101 607 4198 dignatione
623 4108 661 4177 et
677 4101 733 4177 ira
749 4102 930 4177 exclamat
946 4105 1073 4175 contra
1094 4100 1324 4194 simoniacos,
1342 4101 1514 4197 incipiens
1531 4092 1568 4196 (⁴)

398 4244 421 4297 a
446 4221 595 4298 Simone
620 4241 729 4317 mago
754 4219 872 4318 primo
897 4223 1029 4294 autore
1059 4219 1234 4295 simonia.
1267 4219 1338 4296 Sed
1368 4226 1568 4316 antequam

396 4342 614 4419 descendam
639 4342 687 4420 ad
700 4332 736 4435 (⁵)
760 4340 876 4417 literae
896 4339 1172 4436 expositionem,
1190 4339 1236 4416 ad
1256 4340 1475 4416 evidentiam
1494 4343 1569 4419 cla·

398 4463 534 4540 riorem
562 4463 646 4540 volo
671 4461 790 4561 primo
816 4481 1028 4540 memorare
1052 4461 1116 4538 tibi
1141 4461 1251 4556 quod,
1277 4461 1372 4536 sicut
1395 4461 1567 4539 scribitur

396 4583 433 4659 in
458 4583 601 4660 actibus
625 4583 887 4679 apostolorum,
913 4582 981 4657 iste
1003 4581 1129 4658 Simon
1146 4580 1214 4656 luit
1229 4581 1376 4676 judaeus
1396 4603 1420 4656 a
1430 4585 1567 4679 juven·

398 4711 477 4780 tute
508 4724 575 4780 sua
604 4704 848 4802 philosophus,
874 4703 1081 4800 astrologus
1111 4708 1149 4778 et
1174 4702 1461 4800 nigromanticus
1486 4726 1568 4780 ma-

459 4917 488 4987 l't
504 4921 536 4974 lt
552 4921 584 4974 os
600 4920 698 4986 coortu
714 4921 806 4986 specs
1009 4919 1037 4984 n
1054 4921 1085 4972 rc
1101 4915 1147 4986 qn
1162 4913 1265 4972 onnon
1280 4919 1394 4974 murrum
1411 4932 1508 4982 mum,
1526 4921 1570 4972 nr.

461 4995 488 5061 r)
504 4998 535 5050 u
552 5011 613 5049 oum
630 4996 694 5058 um
711 4997 755 5050 nt.
1010 4997 1253 5064 cressoneres.

460 5072 487 5142 l'l
504 5078 559 5136 ¹¹⁸,
575 5075 608 5128 td
624 5074 736 5138 sstem,
752 5075 785 5127 «l
799 5073 962 5132 ulmum.
