4606 6840
714 1029 852 1084 caurus
877 1030 1067 1085 uonsruus
1091 1030 1267 1096 cusanus.
1503 1019 1574 1086 209

404 1173 464 1247 vel
490 1171 645 1268 refugio,
670 1172 751 1247 ideo
777 1173 878 1248 dicit:
903 1195 1014 1246 senza
1037 1195 1166 1268 speras·
1185 1181 1331 1268 perirem
1355 1196 1378 1248 o
1401 1177 1579 1270 clitropio,

405 1292 499 1367 sicut
524 1293 691 1368 videmus
717 1315 814 1389 saepe
839 1295 885 1369 de
910 1295 1006 1370 iacto
1031 1296 1068 1370 in
1094 1295 1234 1369 mundo
1255 1296 1334 1391 isto,
1352 1293 1451 1390 quod
1477 1296 1578 1372 sures

405 1422 597 1488 currentes
622 1420 659 1489 et
683 1414 863 1512 fugientes
888 1437 911 1490 a
936 1416 1028 1491 iacie
1047 1416 1238 1490 bominum
1262 1423 1435 1510 quaerunt
1460 1437 1579 1514 angu-

406 1535 483 1608 lum
510 1535 568 1609 vel
593 1534 760 1611 toramen
785 1537 849 1610 ubi
875 1538 1012 1611 lateant
1037 1557 1105 1612 nec
1123 1537 1287 1632 reperire
1308 1544 1469 1632 possunt,
1491 1537 1577 1632 quia

406 1654 572 1730 nesciunt
590 1660 733 1730 tantum
751 1657 929 1753 ingeniari
947 1657 1046 1752 quod
1064 1678 1137 1732 non
1156 1659 1426 1753 suspendantur
1442 1660 1577 1753 laqueo

406 1775 464 1849 vel
489 1774 595 1850 aliter
620 1783 838 1851 mactentur.
858 1779 902 1851 Et
924 1778 982 1852 hic
1006 1785 1091 1852 nota
1113 1778 1211 1873 quod
1238 1779 1451 1873 heliotropia
1466 1772 1502 1870 t')
1523 1784 1577 1852 est

406 1894 495 1989 lapis
518 1895 651 1991 viridis,
670 1897 865 1993 smeragdo
883 1897 1019 1992 similis,
1042 1919 1230 1992 respersus
1256 1898 1465 1996 sanguineis
1491 1904 1578 1993 gut-

405 2015 462 2109 tis,
488 2016 550 2112 qui
578 2015 782 2092 secundum
813 2018 1003 2092 Albesium
1037 2018 1170 2093 dicitur
1202 2019 1356 2094 reddere
1388 2018 1576 2092 hominem

405 2135 512 2210 bonae
536 2136 644 2212 tame
665 2144 701 2212 et
719 2137 956 2232 incolumem,
973 2144 1010 2212 et
1027 2138 1124 2212 valet
1141 2146 1269 2214 contra
1290 2159 1442 2215 venena.
1461 2135 1578 2211 *ideo

406 2257 500 2333 bene
538 2257 599 2332 iur
637 2258 812 2333 voluisset
850 2260 1006 2334 libenter
1039 2259 1204 2335 invenire
1238 2259 1504 2354 heliotropium,
1537 2264 1579 2330 ut

406 2376 552 2474 lugeret
577 2378 777 2474 infamiam,
803 2379 1014 2474 acquireret
1049 2381 1218 2474 salutem,
1244 2384 1281 2454 et
1306 2379 1439 2454 vitaret
1468 2397 1580 2454 vene·

407 2519 498 2571 num
524 2499 701 2594 serpentis
726 2500 989 2595 persequentis.
1016 2499 1109 2573 Dicit
1134 2500 1245 2574 etiam
1271 2499 1370 2593 quod
1401 2498 1460 2572 bic
1490 2497 1580 2592 lapis

408 2624 541 2693 unctus
556 2610 594 2710 (²)
621 2619 735 2694 herba
759 2620 815 2694 sui
842 2619 999 2695 nominis
1024 2619 1114 2695 saliit
1139 2620 1259 2695 visum
1273 2621 1295 2666 *
1308 2609 1358 2714 (³),
1384 2625 1421 2693 et
1446 2638 1580 2693 secun-

407 2737 497 2810 dum
524 2739 593 2813 boc
618 2740 697 2813 vult
721 2739 845 2814 dicere
861 2747 984 2833 autor,
1005 2740 1104 2835 quod
1125 2739 1226 2816 tures
1247 2739 1382 2815 vellent
1407 2739 1462 2813 ire
1488 2737 1581 2814 invi-

410 2857 542 2952 sibiles,
562 2868 599 2936 et
618 2858 733 2934 iurari
759 2861 837 2935 sine
861 2859 1025 2955 periculo
1043 2861 1103 2937 vel
1122 2860 1303 2955 scandalo,
1325 2859 1388 2934 sed
1406 2879 1479 2933 non
1496 2879 1581 2953 pos-

409 2990 504 3074 sunt,
530 2979 625 3054 sicut
658 3000 728 3077 ego
763 2981 847 3056 novi
881 2981 1024 3075 aliquos
1056 2981 1194 3056 nobiles
1224 2988 1260 3055 et
1292 2981 1432 3075 divites,
1458 2981 1522 3074 qui
1550 2979 1580 3052 si

407 3099 552 3198 lugiunt
575 3102 825 3199 suspendium,
844 3122 918 3176 non
936 3108 1059 3177 tamen
1082 3102 1268 3176 infamiam
1286 3108 1322 3178 et
1340 3101 1577 3198 ignominiam

406 3220 609 3295 bominum.
636 3223 681 3294 Et
712 3222 828 3318 tangit
857 3224 1071 3319 generalem
1096 3243 1244 3318 poenam
1274 3223 1399 3297 lurum
1430 3222 1576 3296 dicens:

405 3346 442 3414 et
467 3341 533 3435 ipsi
558 3341 779 3436 furesacco
804 3345 908 3434 ligate
932 3346 963 3416 le
987 3365 1072 3416 mua
1096 3346 1209 3418 detra
1234 3365 1301 3418 coa
1320 3346 1432 3438 scrps':
1449 3342 1498 3417 ita
1516 3363 1576 3417 so-

351 3523 357 3532 .
406 3460 481 3536 lent
498 3461 603 3558 ligari
620 3461 721 3538 iures
739 3463 885 3557 quando
902 3463 1091 3539 ducuntur
1107 3465 1153 3539 ad
1170 3464 1407 3560 supplicium,
1426 3467 1597 3570 equetus,-

405 3582 541 3658 scilicet
566 3590 764 3679 serpentes
787 3586 949 3676 finenem
974 3588 1011 3657 ta
1035 3588 1126 3659 codo
1150 3588 1211 3659 e't
1232 3606 1321 3678 capo
1340 3607 1409 3680 per
1435 3589 1466 3659 le
1489 3586 1578 3657 reni.

406 3703 525 3778 Debes
558 3704 762 3801 imaginari,
796 3704 895 3799 quod
921 3726 1070 3800 serpens
1086 3694 1122 3798 (⁴)
1155 3724 1242 3780 cum
1273 3705 1394 3781 medio
1424 3725 1579 3801 corpore

407 3821 544 3921 ligabat
558 3817 595 3918 (Β)
622 3847 754 3901 manus
780 3825 935 3901 istorum
962 3834 1042 3921 post
1068 3834 1215 3923 tergum
1242 3834 1279 3902 et
1308 3827 1529 3902 extendebat
1544 3815 1581 3918 (⁰)

409 3951 519 4039 caput
543 3966 691 4020 sursum
717 3968 784 4042 per
810 3968 917 4022 renes
944 3967 1074 4022 versus
1099 3953 1209 4042 caput
1234 3948 1403 4042 bominis,
1425 3947 1580 4023 caudam

409 4083 500 4139 vero
530 4067 751 4143 extendebat
780 4067 954 4144 deorsum
988 4088 1055 4162 per
1086 4088 1192 4142 renes
1225 4088 1354 4142 versus
1379 4067 1517 4158 culum,
1544 4070 1582 4140 et

409 4205 521 4281 supra
547 4194 583 4262 et
608 4187 700 4262 inira
726 4188 928 4284 applicabat
959 4207 1000 4262 se
1032 4187 1143 4282 spinae
1176 4186 1344 4280 bominis,
1376 4192 1417 4260 ut
1451 4184 1582 4259 metius

409 4316 551 4384 teneret
562 4297 598 4402 (⁷)
617 4331 705 4384 eum
724 4307 875 4384 firmum
893 4315 930 4384 et
947 4308 1120 4405 ligatum,
1138 4307 1219 4382 ideo
1236 4306 1340 4380 dicit:
1357 4313 1390 4379 et
1408 4326 1497 4380 eran
1514 4326 1581 4397 op-

471 4555 498 4616 (¹t
515 4557 569 4612 itt,
581 4553 725 4616 belitropis,
736 4554 803 4603 sicut
817 4553 897 4616 aliqui
911 4553 1010 4612 solunt,
1027 4556 1066 4603 est
1082 4553 1162 4604 heris
1178 4566 1237 4616 quse
1253 4552 1320 4603 sslet
1337 4554 1429 4601 eontra
1445 4561 1581 4610 venenum,

407 4635 436 4681 et
450 4631 485 4682 sio
501 4635 578 4681 autor
595 4629 695 4680 slsletur
711 4630 798 4680 dicere
814 4627 884 4692 quot
901 4631 1008 4692 propter
1024 4641 1118 4679 eorum
1134 4640 1243 4679 currere
1259 4641 1311 4679 non
1327 4631 1434 4691 possunt
1446 4625 1582 4676 ssssleres

408 4719 497 4756 manu
517 4711 668 4769 serpentum
684 4709 714 4756 nt
729 4719 781 4756 non
803 4705 957 4754 inficiantur.
979 4705 1125 4768 Helitropis
1145 4706 1224 4754 etism
1246 4711 1285 4754 est
1301 4704 1419 4768 quedam
1436 4707 1508 4766 pstrs
1523 4714 1583 4764 qun

408 4783 535 4832 tnuntsts
551 4783 599 4832 sub
615 4787 686 4832 certe
703 4780 898 4832 constellatione
915 4779 1000 4831 reddit
1017 4779 1149 4830 bominem
1165 4781 1326 4840 invisibilem,
1337 4777 1517 4830 etsscunslnsn
1533 4777 1584 4828 boc

408 4859 466 4910 vult
482 4859 568 4910 dicere
583 4865 660 4910 sutor
676 4859 745 4922 quod
762 4857 841 4909 iures.
1083 4856 1111 4919 (¹)
1127 4857 1153 4906 S.
1166 4858 1274 4922 junctus
1290 4856 1379 4908 berlin

471 4935 497 4998 (b
514 4936 562 4988 Nel
578 4935 671 4986 Codice
689 4935 796 4986 Estenso
812 4947 939 4986 mancsno
954 4935 980 4984 ls
996 4933 1087 4997 parole
1104 4947 1239 4998 compress
1256 4933 1297 4984 irs
1313 4934 1321 4982 i
1337 4933 1389 4983 due
1404 4931 1548 4984 ssterlsobi.

471 5013 498 5076 (⁸)
515 5013 546 5063 Ε.
563 5019 703 5077 serpentes.
1083 5009 1110 5074 (⁸)
1126 5011 1158 5062 Ε.
1174 5010 1296 5076 llgsbsnt.

472 5089 499 5152 (⁸)
516 5090 547 5142 B.
563 5095 589 5142 ot
605 5089 776 5142 ostendebant
798 5103 891 5142 manus
909 5103 1014 5141 sursum
1035 5101 1082 5150 psr
1103 5100 1178 5138 renes
1200 5100 1289 5138 versus
1306 5083 1405 5148 culum,
1421 5089 1448 5137 et
1463 5095 1541 5147 suprs
1557 5087 1583 5133 et

412 5167 480 5219 lnlrs
496 5169 666 5233 spplicsbent.
780 5163 783 5168 ’
1082 5165 1301 5228 missenensis

545 5277 577 5323 11.
1421 5273 1448 5317 14
