4550 6844
700 992 839 1050 cunnus
862 993 1080 1050 adiuuemus
1104 993 1247 1049 ramus.
1488 981 1561 1048 lib

390 1159 525 1236 magna
549 1159 624 1236 spe.
649 1139 721 1214 Sed
737 1141 814 1215 sola
830 1159 913 1236 spes
932 1139 1267 1236 carthaginensium
1288 1144 1370 1214 erat
1387 1145 1562 1233 protunc

391 1261 429 1334 in
452 1261 656 1369 Asdrubale
680 1281 749 1336 suo
781 1268 821 1336 et
853 1261 1017 1358 Syphace
1049 1279 1138 1356 rege
1171 1259 1356 1354 predicto,
1388 1259 1451 1352 qui
1482 1266 1563 1334 erat

392 1381 510 1456 lactum
534 1401 650 1478 gener
675 1381 787 1477 ipsius
811 1379 1041 1475 Asdrubalis3
1062 1399 1149 1456 uum
1165 1399 1287 1474 nuper
1305 1383 1500 1474 acceperat
1525 1377 1565 1450 in

393 1520 551 1578 uxorem
585 1500 849 1598 Sophonisbam
884 1499 997 1574 liliam
1026 1499 1106 1575 eius
1135 1498 1395 1594 pulcerrimum
1432 1496 1568 1571 mulie.

393 1641 498 1716 rum3
525 1629 563 1696 et
586 1621 652 1716 ipsi
676 1619 787 1695 ambo
807 1621 976 1715 juvenes'
991 1619 1152 1694 fecerant
1177 1618 1297 1693 loedns
1321 1617 1483 1692 intense
1517 1615 1565 1691 ad

393 1741 621 1836 Carthaginis
646 1739 906 1816 defensionem.
929 1739 1067 1816 Deinde
1097 1757 1184 1814 cnm
1214 1737 1334 1834 Scipio
1358 1737 1565 1812 intenderet

393 1861 477 1935 totis
501 1859 640 1936 viribus
664 1859 712 1934 ad
736 1857 1045 1956 oppugnationem
1059 1851 1097 1950 (¹)
1128 1857 1240 1933 Uticae
1269 1857 1423 1934 civitatis
1449 1876 1563 1951 quam

391 1978 596 2073 obsederat,
621 1977 722 2054 venit
745 1977 925 2052 Asdrubal
950 1996 1037 2051 cnm
1063 1976 1181 2052 tribus
1201 1976 1361 2051 millibus
1381 1975 1562 2071 equitnm,

242 2133 248 2148 ·
391 2099 461 2176 *et
485 2098 634 2196 triginta
650 2097 810 2172 millibus
831 2095 1012 2192 peditum;
1030 2102 1165 2191 etpost
1182 2115 1269 2171 eum
1289 2095 1390 2172 venit
1409 2116 1476 2172 rex
1494 2096 1562 2192 Sy-

391 2220 488 2316 pbax
514 2238 601 2293 cnm
627 2217 754 2292 decem
778 2215 936 2290 millibus
953 2217 1121 2310 equitum
1138 2225 1176 2292 et
1193 2217 1458 2314 quinquaginta
1478 2215 1563 2289 mil-

391 2338 487 2414 libus
511 2327 772 2434 peditum*(¹)‚
802 2336 866 2429 qui
895 2335 1098 2411 coniunctis
1126 2335 1348 2412 exercitibus
1378 2341 1563 2411 uenerunt

391 2477 522 2533 sersus
547 2456 688 2531 Uticam
713 2461 751 2531 et
774 2463 977 2550 posuerunt
1002 2462 1122 2531 castra
1143 2475 1211 2532 sua
1230 2456 1268 2530 iu
1285 2455 1373 2532 locis
1391 2475 1466 2532 uon
1483 2455 1564 2529 lou·

392 2576 538 2674 ginquis
561 2575 610 2650 ab
635 2575 803 2668 invicem,
829 2586 873 2653 ut
901 2573 1019 2670 Scipio
1049 2574 1307 2650 intermitteret
1337 2573 1562 2650 obsidionem

391 2696 494 2771 lortis
519 2695 683 2770 civitatis.
710 2695 827 2790 Scipio
853 2701 983 2770 exacta
1014 2695 1150 2791 byeme
1184 2693 1360 2790 premisit
1384 2693 1564 2768 llussinis·

391 2837 471 2891 sam
497 2823 535 2892 et
558 2815 712 2890 Laelium
737 2815 902 2912 legatum
928 2835 1040 2890 suum
1062 2814 1242 2910 optimum
1268 2814 1431 2889 amicum
1449 2823 1488 2891 et
1503 2833 1564 2888 so-

392 2936 503 3030 cium,
530 2935 593 3030 qui
618 2935 665 3010 de
688 2935 862 3010 mandato
887 2934 1062 3030 Scipionis
1086 2939 1254 3029 tempore
1284 2939 1467 3008 nocturno
1492 2933 1564 3008 im-

391 3055 571 3130 miserunt
585 3045 623 3147 (³)
649 3055 772 3152 iguem
798 3054 837 3128 in
861 3065 981 3132 castra
1007 3054 1115 3150 regis,
1141 3073 1227 3148 quae
1251 3060 1358 3129 erant
1382 3059 1504 3128 storea
1525 3059 1563 3127 et

390 3175 604 3250 arundinea.
639 3175 767 3250 Milites
798 3179 969 3270 putantes
1002 3172 1210 3249 incendium
1248 3173 1330 3248 lore
1366 3172 1560 3248 fortuitum

389 3295 550 3371 inermes
575 3301 613 3370 et
636 3295 834 3390 semisopiti
856 3293 1117 3388 accurrebant3
1143 3299 1180 3369 et
1205 3291 1376 3368 omnibus
1400 3291 1562 3369 attonitis

390 3422 428 3490 et
444 3416 610 3510 turbatis,
628 3415 771 3491 romani
789 3415 956 3490 lecerunt
974 3433 1148 3511 magnum
1165 3413 1302 3489 cedem
1321 3413 1368 3488 de
1387 3412 1451 3489 eis.
1469 3413 1560 3490 Car-

390 3535 622 3632 lbaginenses
637 3540 765 3610 autem
781 3533 947 3609 similiter
963 3533 1155 3608 credentes
1171 3532 1379 3608 incendium
1394 3552 1562 3608 nonense

390 3653 564 3730 iniectum
590 3653 653 3728 sed
679 3659 866 3748 exortum,
892 3651 1092 3727 currebant
1122 3650 1171 3726 ad
1195 3651 1500 3748 extinguendmu,
1525 3657 1563 3726 et

390 3773 628 3851 incurrebant
643 3763 680 3865 (⁴)
706 3772 744 3847 in
769 3793 902 3847 munus
927 3773 1101 3866 bostium,
1119 3778 1158 3847 et
1173 3770 1324 3866 dispersi
1347 3778 1433 3848 sunt
1458 3790 1565 3846 more

391 3892 574 3988 pecudum
600 3891 837 3966 incidentium
863 3891 900 3964 in
925 3910 1059 3987 greges
1083 3890 1269 3985 luporum.
1291 3890 1410 3986 Scipio
1433 3896 1563 3965 autem

391 4011 569 4086 accedens
594 4010 640 4085 ad
665 4017 786 4084 castra
810 4008 1146 4104 carthaginensium
1172 4007 1331 4086 incendit
1355 4007 1427 4102 illa,
1449 4014 1487 4084 et
1511 4009 1563 4084 sic

391 4129 554 4204 breviter
578 4129 678 4204 lerro
705 4135 745 4203 et
768 4127 854 4224 igne
883 4133 1003 4202 castra
1030 4127 1193 4202 duorum
1225 4128 1457 4203 exercituum
1487 4149 1563 4204 uua

392 4256 500 4324 nocte
524 4255 742 4344 consumpta
759 4254 854 4321 sunt.
874 4247 950 4322 Rex
970 4253 1008 4322 et
1024 4247 1203 4324 Asdrubal
1219 4267 1307 4323 enm
1326 4267 1442 4344 parva
1458 4255 1564 4344 parte

391 4369 525 4444 lucere
549 4367 791 4442 multitudinis
815 4368 1062 4464 aufugerunt:
1089 4366 1332 4464 quadraginin
1357 4367 1470 4444 millia
1494 4367 1564 4442 bo-

392 4489 504 4566 stium
527 4487 738 4586 perierunt3
759 4487 925 4583 quinque
949 4487 1062 4564 millia
1086 4493 1124 4562 et
1148 4489 1230 4584 plus
1249 4495 1355 4585 capta
1371 4495 1458 4562 sunt
1474 4507 1562 4564 cum

392 4629 456 4685 sex
474 4607 736 4706 elephantibus.
754 4606 934 4682 Asdrubal
952 4626 1124 4683 reversus
1144 4607 1401 4708 Carthaginem
1423 4628 1562 4683 novum

394 4729 598 4806 exercitum
624 4727 820 4826 reparavit,
847 4733 884 4802 et
910 4747 977 4804 rex
1001 4727 1138 4803 iterum
1160 4749 1247 4804 cum
1274 4749 1342 4804 suu
1367 4735 1478 4828 geute
1502 4747 1565 4803 re·

456 4941 485 5006 (¹)
501 4943 528 4994 S.
543 4956 559 4993 e
574 4943 607 4992 ll.
622 4945 847 5008 expugnabam.

456 5017 484 5082 (¹)
500 5020 537 5070 l.e
553 5019 644 5083 pnrole
659 5018 700 5069 lra
709 5019 718 5069 l
727 5019 779 5071 due
791 5019 925 5070 annunt
935 5033 1000 5071 rouo
1008 5025 1074 5072 utute
1085 5021 1206 5086 uggiuma
1216 5021 1257 5072 dul
1268 5019 1355 5072 Codici
1365 5018 1473 5070 Eunus
1483 5031 1500 5068 e
1510 5019 1567 5068 tto.

457 5095 484 5160 ι’)
500 5097 530 5148 a.
545 5097 680 5147 miserunt.
866 5096 893 5159 (⁸)
909 5096 934 5148 S.
951 5097 1099 5149 cumbunt.
