4526 6836
726 919 748 987 l
1123 934 1327 990 counnruu
1351 936 1504 990 rursum
1573 931 1575 934 ·

723 1079 833 1154 etiam
860 1077 1065 1154 munimine
1089 1100 1287 1174 aquarum,
1313 1101 1332 1153 c
1359 1083 1482 1172 scopli,
1508 1079 1599 1154 idest
1631 1086 1758 1175 pontes
1782 1079 1896 1178 saxei,

720 1199 781 1271 cbc
805 1202 982 1291 recidente,
1007 1198 1098 1274 idest
1122 1198 1330 1274 dividebant
1356 1200 1659 1294 transversaliter,
1684 1203 1736 1292 pli
1760 1202 1893 1291 multu,

721 1318 812 1392 idest
837 1320 932 1414 ripas
958 1320 1154 1414 vallorum,
1179 1341 1198 1392 c
1222 1323 1236 1394 i
1256 1324 1357 1414 sossi,
1374 1321 1466 1396 idest
1490 1328 1528 1396 et
1552 1321 1646 1416 ipsas
1669 1322 1792 1415 valles,
1811 1341 1894 1414 quae
1999 1327 2003 1336 '

721 1445 818 1515 stant
846 1441 883 1514 in
913 1441 1068 1514 circuitu
1099 1440 1136 1512 in
1170 1439 1322 1514 modum
1351 1440 1546 1535 fossorum,
1578 1445 1663 1534 mtto
1697 1445 1736 1514 ol
1757 1443 1893 1534 poccio,
1939 1461 1943 1469 ’

720 1560 855 1635 scilicet
888 1561 1121 1656 predictum,
1158 1563 1218 1634 ebe
1255 1567 1398 1652 boma,
1438 1561 1525 1656 quia
1558 1561 1607 1646 ibi
1649 1559 1894 1638 terminantur

695 1739 700 1750 .
720 1682 855 1776 omnia,
881 1703 900 1754 c
924 1685 1092 1774 roocopli,
1109 1682 1196 1776 quia
1211 1672 1248 1774 (¹)
1275 1681 1398 1755 omnia
1416 1681 1570 1758 tendunt
1592 1680 1640 1756 ad
1655 1688 1837 1776 centrum,
1854 1689 1894 1757 et

720 1821 849 1876 omnes
867 1823 975 1897 aquae
993 1809 1267 1899 congregantur
1285 1801 1345 1897 ibi,
1365 1809 1402 1878 et
1418 1807 1598 1898 stagnant,
1612 1802 1698 1896 quia
1715 1822 1789 1877 non
1808 1823 1894 1898 pos-

719 1929 804 1996 sunt
830 1924 985 1999 ulterius
1010 1924 1243 2018 descendere,
1270 1944 1430 2015 mocon,
1456 1922 1548 1998 idest
1579 1923 1761 1998 habebant
1791 1924 1892 2019 prin-

718 2044 865 2140 cipium,
883 2045 960 2120 sive
973 2045 1202 2140 incipiebant,
1220 2046 1269 2118 do
1285 2047 1356 2118 imo
1372 2045 1416 2117 de
1432 2046 1468 2116 la
1487 2047 1619 2136 roccio,
1637 2043 1767 2120 idesta
1784 2044 1892 2118 basso

717 2164 829 2259 ipsius
860 2165 959 2260 ripae,
990 2165 1084 2239 sicut
1110 2164 1277 2239 videmus
1302 2162 1401 2258 quod
1427 2163 1627 2238 fundantur
1655 2163 1890 2240 artificialiter

716 2292 844 2381 pontes
874 2285 1003 2381 lapidei
1035 2285 1236 2359 inmundo
1271 2291 1407 2378 nostro,
1437 2304 1549 2380 super
1578 2284 1790 2358 iluminibus
1823 2307 1891 2360 no-

715 2407 810 2499 strie,
832 2405 959 2498 quales
984 2411 1071 2478 sunt
1094 2404 1288 2478 Florentiae
1307 2424 1419 2499 super
1443 2404 1555 2497 Arno,
1573 2410 1610 2478 et
1626 2404 1753 2480 Romae
1778 2423 1890 2499 super

715 2525 847 2618 Tiberi,
874 2531 912 2598 et
935 2523 1113 2599 Avinione
1137 2543 1248 2618 super
1273 2523 1467 2618 Rhodano,
1497 2516 1569 2598 cosi
1593 2545 1689 2598 conte
1714 2527 1892 2616 pontioetli

713 2665 802 2718 sono
819 2665 843 2716 a
860 2646 910 2717 tui
922 2647 1092 2739 sortezze,
1110 2643 1202 2718 idest
1225 2643 1272 2717 ad
1295 2643 1380 2718 talia
1402 2645 1548 2720 castella
1564 2643 1679 2739 posita
1705 2643 1742 2718 in
1767 2646 1886 2739 plano,

715 2767 866 2838 duitor
889 2767 992 2856 copti,
1012 2763 1104 2840 idest
1127 2764 1175 2838 ab
1200 2763 1301 2838 ostiis
1322 2759 1567 2860 portarum,'a
1584 2769 1622 2840 lo
1641 2768 1723 2857 ripa
1739 2765 1777 2838 dt
1789 2769 1884 2858 fuer.

715 2887 759 2960 llt
785 2886 844 2960 bic
868 2892 954 2960 nota
980 2885 1187 2981 allegorice,
1208 2884 1306 2979 quod
1323 2891 1433 2960 autor
1449 2904 1516 2979 per
1541 2887 1610 2962 boc
1635 2885 1771 2981 figurat
1787 2885 1887 2980 quod

716 3031 783 3106 per
808 3031 922 3085 unam
948 3010 1104 3105 speciem
1133 3010 1271 3085 iraudis
1288 3011 1471 3106 cognitam
1491 3011 1684 3088 devenitur
1701 3011 1739 3085 in
1758 3011 1885 3107 cogni-

713 3132 851 3208 tionem
877 3131 1046 3226 alterius;
1073 3131 1160 3224 quia
1185 3131 1332 3206 fraudes
1357 3138 1443 3205 sunt
1468 3131 1563 3207 inter
1588 3153 1628 3206 se
1652 3123 1886 3224 contextael²l

713 3260 750 3328 et
774 3260 1035 3347 concatenata,
1060 3251 1154 3326 sicut
1179 3253 1335 3327 maculat
1361 3252 1491 3326 terreae
1515 3252 1551 3327 in
1573 3253 1698 3346 lorica,
1716 3253 1765 3327 ita
1787 3252 1886 3347 quod

715 3395 788 3450 una
808 3395 882 3450 non
899 3381 1018 3469 potest
1034 3373 1154 3469 frangi
1171 3373 1230 3447 vel
1246 3371 1401 3448 lacerari
1418 3364 1453 3464 (³)
1474 3373 1563 3468 quin
1581 3372 1708 3446 multae
1726 3395 1886 3468 sequen

712 3500 792 3590 tur,
810 3501 848 3569 et
865 3493 914 3567 ita
932 3513 1007 3567 una
1025 3491 1154 3566 fraude
1170 3498 1297 3586 aperta
1314 3491 1435 3566 statim
1452 3499 1605 3588 paratur
1622 3493 1681 3568 via
1698 3493 1745 3566 ad
1761 3493 1882 3567 aliam.

709 3616 807 3712 lirgo
832 3615 928 3689 bene
945 3613 1047 3710 lingit
1065 3612 1163 3707 quod
1181 3611 1310 3687 eadem
1337 3612 1394 3686 via
1418 3613 1493 3686 itur
1512 3612 1549 3686 in
1566 3633 1695 3687 omnes
1712 3612 1758 3687 de
1774 3618 1888 3708 ponte'

709 3737 746 3810 in
772 3740 934 3830 pontem,
959 3733 1051 3807 idest
1068 3731 1114 3806 de
1134 3731 1253 3828 gradu
1270 3732 1307 3805 in
1323 3732 1492 3828 gradum.
1508 3773 1557 3788 -
1569 3737 1614 3807 lu
1633 3741 1759 3825 pucsb.
1777 3735 1882 3808 Nunc

708 3863 829 3950 autor,
855 3855 1035 3949 descripto
1061 3859 1140 3928 toto
1171 3833 1309 3928 circulo
1341 3859 1472 3928 octavo
1497 3853 1534 3926 in
1559 3855 1733 3950 generali,
1760 3855 1883 3952 incipit
1955 3857 1960 3864 '

708 3975 917 4052 describere
947 3975 1103 4071 primam
1130 3973 1274 4068 vallem,
1300 3972 1338 4046 in
1368 3995 1442 4068 qua
1474 3975 1624 4070 punitur
1648 3976 1767 4071 prima
1798 3999 1882 4072 spe·

708 4099 783 4172 cies
809 4096 957 4172 fraudis.
984 4097 1027 4169 Et
1051 4095 1172 4192 primo
1196 4095 1413 4170 continuans
1438 4095 1532 4170 dicta
1550 4095 1709 4171 dicendis
1724 4099 1879 4176 ostendit

707 4218 894 4313 quomodo
919 4217 1135 4292 intraverint
1160 4215 1317 4312 primam
1343 4215 1489 4309 vallem,
1502 4215 1646 4290 dicens:
1673 4219 1734 4289 uoi
1755 4221 1876 4310 scossi,

706 4337 798 4413 idest
823 4337 1023 4430 exonerati,
1048 4335 1212 4430 depositi,
1239 4337 1282 4409 de
1306 4338 1505 4409 locotione
1527 4337 1565 4408 di
1592 4339 1721 4408 Germn
1745 4339 1778 4410 ci
1802 4344 1878 4412 tro-

706 4477 845 4530 vommo
861 4459 899 4530 in
919 4461 1036 4548 questo
1054 4457 1143 4547 loco,
1160 4455 1295 4531 scilicet
1311 4453 1348 4528 in
1367 4453 1444 4549 ripa
1460 4454 1622 4551 generali
1639 4455 1742 4530 istius
1758 4459 1877 4533 octavi

705 4577 832 4652 circuli
857 4575 1067 4672 praescripti,
1093 4578 1154 4649 e'l
1170 4581 1289 4670 poeto,
1316 4573 1450 4648 scilicet
1475 4574 1645 4671 Virgilius
1675 4577 1874 4653 ascendens

704 4697 866 4794 primum
892 4703 1053 4792 pontem,
1080 4703 1178 4770 bone
1202 4717 1227 4768 o
1250 4698 1407 4788 cobbo,
1432 4702 1466 4768 ct
1487 4698 1523 4768 io
1547 4699 1596 4769 mi
1619 4685 1726 4770 mosei
1749 4701 1871 4796 dicero,

703 4840 861 4914 sequens
886 4817 1038 4915 vestigia
1063 4817 1154 4894 eius.
1167 4823 1258 4892 -Α
1292 4820 1328 4890 lo
1359 4838 1453 4890 man.
1480 4816 1545 4891 llic
1570 4824 1679 4894 autor
1703 4818 1874 4895 describit

765 5008 796 5070 (¹)
811 5010 865 5066 tto,
882 5006 942 5070 qnia
957 5005 1044 5056 omnia
1059 5009 1185 5070 stagnant,
1195 5005 1255 5069 qnia
1268 5018 1320 5056 non
1330 5008 1437 5068 possum
1447 5005 1558 5058 ulterius
1568 5006 1877 5061 dumdercettanduut

703 5086 736 5138 ud
752 5089 881 5136 cenbnm.
1022 5081 1051 5147 (¹)
1066 5083 1091 5134 S.
1108 5096 1239 5135 connexo.
1374 5082 1402 5146 (⁸)
1419 5087 1473 5143 tta,
1489 5083 1617 5136 membri
1632 5087 1685 5136 rire
1702 5085 1821 5138 beornrl.
