4606 6840
722 939 794 1006 add
1111 949 1317 1008 commun
1340 951 1493 1008 turnnru

721 1115 872 1192 serpens
896 1094 981 1171 date
1006 1081 1160 1170 vulnere
1185 1095 1335 1190 bomini,
1357 1099 1420 1188 poi
1441 1098 1552 1172 cedde
1575 1098 1688 1189 manc,
1708 1097 1887 1176 sciliceta

722 1222 852 1292 ventre
867 1215 1023 1291 bominis
1035 1214 1072 1289 in
1089 1221 1239 1310 terram,
1257 1217 1622 1309 demordemus,
1639 1216 1742 1313 idest,
1760 1239 1886 1295 coram

725 1335 872 1412 bomine
895 1335 959 1430 qui
984 1340 1065 1411 erat
1087 1341 1346 1430 assumpturus
1374 1334 1531 1412 sormam
1562 1337 1809 1432 serpentinam
1839 1337 1888 1414 ab

724 1476 780 1532 ee.
810 1495 860 1510 -
887 1459 934 1532 nt
964 1457 1105 1550 captu
1136 1455 1202 1530 Hic
1230 1465 1340 1532 anter
1370 1455 1542 1532 describit
1571 1463 1695 1535 actum
1730 1457 1889 1534 beminis

723 1575 897 1672 percussi,
916 1575 1056 1651 dicens:
1082 1578 1115 1650 et
1137 1577 1281 1669 trafitto,
1300 1574 1436 1652 scilicet
1452 1577 1667 1654 vulneratus
1684 1577 1721 1654 in
1746 1584 1888 1673 ventre,

723 1691 878 1792 itma’rd,
902 1697 1038 1774 scilicet
1062 1696 1164 1772 illum
1177 1704 1397 1793 serpentem
1421 1705 1592 1774 autorem
1619 1699 1795 1796 vulneris,
1828 1720 1889 1774 mc

724 1822 822 1894 cndu
846 1821 949 1910 dbse,
965 1817 1052 1912 qnia
1069 1817 1129 1892 sur
1145 1837 1341 1915 percussus
1357 1817 1553 1913 cupiditate
1565 1812 1603 1911 (¹)
1625 1818 1712 1894 inrti
1734 1819 1784 1894 ita
1800 1818 1889 1894 alie·

726 1945 836 2016 natur
849 1943 984 2034 mente,
1000 1937 1099 2032 qued
1113 1957 1187 2012 nen
1199 1936 1308 2014 sentit
1324 1957 1430 2014 suam
1444 1937 1787 2016 transmutationem
1800 1958 1888 2014 cnm

725 2067 825 2138 ianm
850 2057 1072 2135 verecundia
1096 2064 1134 2133 et
1150 2077 1277 2154 poena;
1303 2057 1386 2134 ideo
1410 2057 1515 2134 dicit:
1546 2061 1633 2134 cmi
1655 2059 1889 2152 sbudiptinvc,

725 2180 830 2276 quasi
861 2179 978 2256 dicat:
1013 2178 1089 2256 imo
1121 2179 1192 2253 boc
1221 2177 1389 2256 obstante
1402 2169 1440 2272 (²)
1472 2177 1634 2258 inhiabat
1658 2199 1725 2256 ore
1750 2185 1890 2276 apertu,

726 2301 825 2377 iurtc
840 2291 877 2394 (³)
908 2299 1181 2396 committendo,
1206 2301 1262 2374 cci
1285 2294 1346 2393 pic*
1370 2302 1526 2393 snum,
1551 2299 1654 2394 idest,
1683 2319 1770 2376 cnm
1800 2299 1891 2376 atie-

726 2422 847 2499 ctione
870 2420 1015 2496 firmata
1039 2425 1077 2496 et
1101 2418 1294 2514 obstinata,
1311 2419 1409 2514 qnia,
1426 2426 1471 2494 ut
1490 2419 1628 2495 dictum
1648 2428 1715 2516 est,
1733 2419 1791 2496 isti
1807 2425 1893 2494 sunt

726 2541 791 2638 qni
823 2539 1003 2618 accedunt
1034 2539 1081 2616 ad
1114 2538 1255 2614 furtum
1289 2541 1466 2616 consulto.
1500 2541 1545 2616 Et
1577 2540 1738 2618 declarat
1766 2547 1892 2616 actum

728 2649 830 2738 is'tirm
853 2681 921 2757 per
944 2659 1256 2756 comparationem
1281 2661 1420 2736 claram
1452 2667 1490 2738 et
1518 2661 1717 2758 propriam,
1745 2661 1891 2737 dicens:

725 2803 796 2878 pur
819 2803 915 2856 come
935 2781 1053 2876 scindre
1077 2802 1100 2854 n
1122 2799 1236 2856 sonno
1264 2783 1485 2856 incautius:
1517 2801 1603 2858 nam
1635 2781 1780 2858 affectio
1805 2781 1893 2856 iurti

727 2901 995 2998 excupiditate
1024 2900 1118 2976 lucri
1148 2890 1449 2994 inflammabat(⁴)
1481 2900 1646 2977 animum
1679 2902 1770 2996 eins,
1799 2901 1894 2977 sicut

727 3022 837 3098 febris
862 3022 1064 3098 inflammat
1087 3041 1233 3118 corpus,
1253 3028 1292 3098 et
1310 3021 1475 3121 sepiebat
1490 3027 1666 3117 mentem,
1684 3022 1777 3098 sicut
1792 3042 1893 3097 snm-

728 3163 809 3238 nns,
838 3142 888 3218 ita
917 3141 1016 3236 quud
1049 3140 1226 3237 perdebat
1255 3161 1366 3216 nsum
1401 3141 1551 3219 rationis
1581 3142 1628 3218 ad
1659 3149 1815 3239 tempus.
1848 3143 1893 3216 Et

727 3261 849 3338 subdit
877 3273 1049 3340 mutuum
1080 3269 1288 3358 respectum
1317 3267 1354 3338 et
1384 3269 1510 3338 actum
1542 3262 1699 3341 beminis
1730 3263 1894 3358 percussi

727 3391 766 3460 et
789 3382 965 3481 serpentis
995 3382 1229 3482 percutientis
1257 3382 1404 3458 dicens:
1429 3384 1499 3476 etti,
1524 3381 1662 3458 scilicet
1693 3383 1817 3477 home,
1842 3385 1895 3456 ri-

727 3507 917 3597 pncrdcvc
944 3507 978 3580 ct
1005 3511 1173 3598 superam,
1198 3502 1285 3597 qnia
1316 3502 1463 3579 volebat
1493 3501 1572 3576 deri
1603 3502 1729 3578 similis
1757 3503 1819 3598 illi,
1844 3501 1897 3578 *c

729 3628 819 3720 pact,
844 3623 978 3700 scilicet
1001 3629 1040 3699 et
1063 3643 1086 3699 e
1110 3641 1288 3698 converso
1309 3641 1471 3717 serpens,
1491 3625 1715 3714 noncrdncc
1739 3625 1800 3716 tui,
1825 3623 1896 3699 sci·

730 3746 814 3822 licet
837 3744 1036 3838 hominem,
1052 3742 1139 3837 quia
1164 3743 1310 3818 volebat
1334 3740 1413 3818 fieri
1438 3742 1563 3818 similis
1588 3741 1670 3817 illi*
1684 3733 1735 3837 (⁵),
1759 3765 1779 3818 c
1802 3745 1896 3838 tun,

729 3865 865 3942 scilicet
894 3865 1017 3958 bomo,
1038 3865 1186 3958 macana
1213 3866 1306 3956 sorte
1330 3881 1400 3955 per
1429 3864 1466 3936 ta
1494 3864 1618 3955 mapa,
1643 3861 1731 3955 quia
1761 3861 1898 3940 scilicet

730 3984 921 4062 emittebat
944 3983 1110 4078 spiritum
1135 4002 1246 4056 sunm
1272 3981 1309 4056 in
1334 3987 1553 4077 serpentem,
1570 4003 1590 4056 c
1608 3985 1747 4075 Immo,
1762 3982 1899 4060 scilicet

730 4125 893 4201 serpens,
914 4107 1061 4200 prmncc
1085 4123 1155 4197 per
1184 4106 1221 4178 tu
1251 4103 1371 4195 dcccc,
1396 4102 1483 4196 qnia
1516 4103 1651 4181 scilicet
1686 4125 1793 4182 versa
1818 4103 1898 4180 vice

730 4224 1006 4302 transfundebat
1018 4213 1055 4317 (θ)
1081 4224 1250 4320 spiritum
1276 4244 1387 4299 sunm
1403 4213 1452 4318 (⁷),
1471 4227 1505 4300 et
1516 4227 1617 4320 mmo
1640 4227 1897 4316 ε’ὑωοηιναυα,

730 4349 817 4444 quia
842 4347 967 4422 sumus
992 4344 1117 4420 exiens
1141 4365 1208 4440 per
1237 4344 1384 4441 plagam
1413 4343 1571 4420 beminis
1601 4345 1760 4422 intrabat
1791 4345 1829 4420 in
1857 4363 1899 4420 os

730 4467 922 4566 serpentis;
948 4471 984 4542 et
1009 4465 1134 4541 tumus
1155 4464 1281 4542 eniens
1302 4484 1369 4561 per
1388 4485 1431 4542 ns
1448 4465 1626 4562 serpentis
1643 4465 1802 4542 intrabat
1820 4465 1899 4561 pla·

729 4609 816 4686 gam
840 4585 1009 4680 bominis,
1034 4592 1073 4661 et
1097 4583 1148 4662 ita
1173 4586 1433 4680 permutabant
1457 4585 1605 4682 spiritns
1628 4585 1725 4664 inter
1741 4605 1793 4682 se,
1811 4585 1900 4681 quia

793 4780 821 4844 (“)
838 4783 893 4840 tta,
908 4777 1036 4831 ariditate.
1182 4777 1210 4841 (¹)
1227 4779 1258 4830 B.
1274 4793 1326 4830 non
1342 4777 1466 4832 obstante.

794 4853 868 4920 (bit.
884 4855 986 4906 inrtnm
1000 4854 1070 4920 qnod
1086 4855 1273 4912 committebat,
1287 4855 1333 4906 ant

793 4931 822 4996 θ)
837 4933 869 4984 Β.
884 4931 1060 4988 mamma
1074 4943 1171 4996 cerpus
1186 4937 1213 4984 ct
1228 4931 1352 4996 mpicbnt.

794 5004 1790 5072 (¹)tapamtonntmwtsrnentronnppttmdmtrmrtmacottu.

794 5085 821 5153 p)
837 5087 870 5140 n
885 5085 1084 5139 ammireus.
1187 5085 1216 5148 p)
1231 5085 1267 5146 s..
1285 5088 1331 5138 us
1346 5097 1361 5136 e
1377 5083 1409 5136 n
1425 5097 1503 5136 nun
1519 5085 1545 5134 tn
1562 5084 1704 5140 nomin.
1719 5083 1744 5133 a
1758 5083 1839 5146 pan
