4580 6844
724 965 864 1024 murus
884 967 1078 1024 rmnsmus
1102 964 1286 1020 susurrus.
1517 952 1587 1020 329

419 1109 506 1186 tium
532 1109 706 1204 emissis,
732 1117 769 1186 et
794 1132 887 1208 pepe
912 1110 1093 1187 Honorius
1117 1110 1182 1205 qui
1203 1116 1292 1184 tuuc
1311 1108 1474 1202 sedebat,
1491 1107 1587 1182 misit

417 1249 505 1303 eum
531 1229 579 1304 nd
603 1229 760 1307 confinia
789 1231 827 1306 in
856 1230 1139 1308 Pedemnntium
1168 1230 1216 1305 nd
1244 1229 1429 1306 civitatem
1459 1228 1590 1304 Anten-

417 1367 517 1443 sem;
542 1355 580 1425 et
605 1349 702 1426 misit
726 1351 953 1446 prccumite
978 1349 1014 1424 in
1040 1347 1315 1424 Romandioinm
1339 1348 1590 1445 GuglieImum

364 1559 375 1580 θ
417 1468 618 1544 Ducentem
658 1469 705 1544 de
734 1469 932 1566 provincia,
967 1467 1031 1564 qui
1064 1468 1132 1543 iuit
1164 1485 1321 1565 mugnus
1341 1467 1589 1563 jurisperitus.

416 1585 515 1662 Fecit
540 1587 640 1662 euim
665 1587 801 1662 librum
827 1589 891 1682 qui
915 1587 1125 1663 intitulatur
1150 1587 1341 1684 speculum
1367 1587 1512 1682 injure
1537 1585 1590 1661 ci·

418 1705 490 1800 viii,
509 1705 606 1782 unde
631 1716 669 1784 et
692 1729 716 1782 e
735 1707 876 1803 juristis
898 1714 1052 1784 vocetur
1069 1708 1297 1803 speculatum
1317 1707 1381 1782 sed
1400 1713 1482 1802 post
1497 1706 1591 1780 duos

418 1845 534 1901 annos
558 1846 685 1902 eomes
708 1827 826 1902 Guidc
852 1827 969 1922 ruptis
994 1825 1198 1903 confinibus
1221 1826 1321 1902 venit
1346 1825 1457 1920 Pisas,
1475 1826 1592 1902 iectus

419 1946 630 2040 capitaneus
657 1946 870 2041 pisanorum
885 1938 922 2040 (¹)
950 1967 1037 2021 cum
1069 1934 1192 2041 ample
1217 1950 1398 2041 potestate
1427 1947 1622 2068 tempores

419 2065 563 2140 acerbe
580 2066 712 2140 mortis
725 2066 868 2141 comitis
887 2066 1037 2163 Ugotini.
1056 2065 1194 2141 Deinde
1210 2084 1340 2139 comes
1357 2072 1484 2140 narrat
1499 2084 1594 2158 quo·

420 2183 530 2260 modo
554 2183 719 2260 diabotus
743 2187 915 2280 occurrit,
933 2192 971 2261 et
993 2176 1229 2288 respondite)
1256 2184 1449 2280 quoestioui
1475 2182 1594 2258 tecitae

421 2323 534 2397 quem
560 2305 736 2399 potuisset
759 2304 882 2381 iecere
898 2306 1138 2400 Franciscus3
1156 2305 1332 2401 potuisset
1347 2304 1447 2380 enim
1472 2302 1594 2380 dicere

420 2422 468 2497 nd
493 2424 767 2499 exeusationem
792 2424 935 2500 comitis
949 2416 1011 2517 (³):
1045 2443 1167 2500 nonne
1197 2443 1290 2518 pepe
1319 2422 1474 2497 absolvit
1504 2442 1592 2497 eum

421 2546 508 2615 ante
532 2541 700 2616 iactum?
724 2543 930 2639 Respondet
954 2542 1140 2618 diabolus:
1158 2548 1260 2617 certe
1286 2562 1371 2635 nun,
1390 2541 1489 2636 quod
1506 2562 1594 2637 pro-

422 2659 498 2755 bet,
514 2659 660 2736 dicens:
686 2663 737 2735 ctr'
749 2665 908 2736 muniver
923 2683 996 2736 nnn
1012 2656 1141 2755 sipnd,
1159 2664 1213 2736 cti
1228 2681 1299 2734 non
1317 2665 1349 2734 si
1364 2667 1477 2754 pente,
1495 2661 1594 2755 quod

423 2786 524 2876 petet
548 2799 614 2875 per
637 2780 888 2857 diffinitionem
914 2782 1146 2878 poenitentiae.
1174 2781 1390 2857 Poenitentin
1414 2780 1513 2855 enim
1539 2789 1594 2856 est

423 2899 608 2994 praetcrite
638 2906 786 2994 peccata
821 2902 1008 2998 plsngere,
1040 2907 1077 2976 et
1110 2901 1246 2976 iterum
1280 2898 1486 2997 plangenda
1522 2919 1595 2973 non

423 3019 669 3114 committere;
695 3019 778 3095 ideo
796 3019 902 3095 dicit:
928 3018 975 3096 rte*
982 3025 1121 3115 pertire
1135 3042 1156 3094 e
1170 3024 1288 3095 volere
1305 3023 1447 3094 insieme
1459 3020 1596 3112 pucsrt,

418 3159 487 3230 per
511 3142 549 3212 tn
574 3142 819 3214 mrwndizicn
844 3142 904 3214 cite
928 3144 991 3215 rrnl
1013 3148 1182 3215 retunde.
1209 3140 1341 3216 Dicere
1370 3139 1466 3214 enim
1497 3137 1597 3232 quod

424 3255 507 3348 quis
522 3255 735 3332 absolvetur
751 3259 798 3334 de
814 3259 969 3334 crimine
986 3258 1151 3334 nondum
1165 3259 1273 3353 iectu,
1287 3265 1343 3334 est
1359 3258 1481 3334 dicere
1498 3256 1597 3352 quod

423 3373 598 3471 poeniteet
622 3382 660 3452 et
684 3398 758 3452 nen
783 3377 970 3474 poeniteet,
997 3377 1098 3474 quod
1129 3385 1186 3454 est
1209 3379 1397 3475 implicare
1421 3375 1599 3452 conditio-

426 3513 511 3570 nem
524 3483 632 3588 (⁸).-
648 3491 754 3570 Oimd.
781 3497 846 3572 iiic
862 3517 988 3574 nomes
1003 3504 1132 3573 narrat
1148 3499 1338 3594 quomode
1355 3497 1449 3572 ratic
1465 3496 1598 3571 diaboii

424 3614 618 3707 praeraiuit
641 3621 679 3689 et
704 3615 811 3692 datus
828 3622 884 3692 est
901 3616 984 3711 sibi3
1003 3616 1085 3692 ideo
1104 3619 1288 3694 exclamat
1304 3637 1383 3712 pree
1396 3608 1432 3711 (ὓ)
1451 3616 1597 3692 delore:

423 3725 524 3824 oded,
549 3733 651 3828 idest,
679 3735 753 3810 heu
781 3756 844 3812 me
868 3735 1059 3832 miserum,
1086 3738 1222 3812 dolente
1250 3757 1347 3811 come
1371 3739 1446 3810 mat
1475 3739 1524 3810 mi
1546 3739 1600 3808 η’-

423 3856 545 3944 sccrsi,
574 3853 677 3948 idest,
708 3876 823 3949 quam
851 3857 947 3932 maie
976 3857 1078 3952 potui
1108 3875 1170 3930 me
1202 3855 1433 3932 redimeres
1457 3855 1599 3931 ratione

424 3969 567 4046 diaboli.
602 3975 654 4048 ite
668 3963 706 4066 (⁰)
725 3973 867 4050 dicebat
883 3975 978 4050 ratio
990 3966 1027 4066 (⁷)
1045 3974 1223 4048 dnboiiea
1247 3973 1370 4048 comiti
1396 3973 1433 4046 in
1458 3977 1597 4046 morte:

424 4090 481 4164 Ah
506 4091 644 4168 inieiixt
670 4099 711 4168 tu
737 4094 894 4189 peccasti
920 4093 989 4168 sub
1015 4112 1079 4188 spe
1104 4092 1240 4167 iuturae
1265 4092 1393 4186 renim,
1420 4091 1519 4186 qued
1544 4097 1600 4166 est

425 4229 580 4304 peccare
596 4211 634 4286 in
653 4213 820 4308 spiritum
838 4219 1018 4307 sanetum,
1037 4213 1181 4303 qnando
1197 4215 1246 4284 mi
1258 4213 1600 4305 praemonuerit:

426 4335 463 4402 tn
476 4351 560 4404 *con
577 4336 728 4424 muni
742 4337 840 4428 serre
856 4336 915 4408 cte
932 4335 1023 4407 tcico
1037 4335 1138 4427 sossi,
1159 4331 1223 4407 sed
1240 4332 1335 4408 bene
1351 4332 1427 4407 scio
1448 4351 1600 4427 respou-

425 4448 514 4526 dere
539 4453 611 4526 tuis
636 4454 864 4550 argumentis
881 4453 1092 4549 sophisticis,
1113 4452 1199 4546 quia
1226 4453 1314 4527 nihii
1333 4453 1468 4548 proiuit
1486 4452 1549 4528 tibi
1564 4443 1601 4544 (⁸)

489 4743 518 4808 (¹)
533 4745 564 4796 E.
580 4747 738 4810 pisanorum,
754 4749 800 4814 qui
816 4763 876 4800 cum
893 4747 979 4812 impu
996 4753 1122 4812 potestne
1138 4748 1188 4799 tuit
1204 4753 1330 4812 tempore.

489 4818 727 4886 rinmunt
1102 4823 1272 4888 <surmus
1287 4825 1399 4878 emtus.

490 4894 518 4955 ι’)
535 4895 566 4947 Β.
583 4900 823 4952 mntrnuteuouem.
1104 4901 1132 4962 (⁸)
1148 4904 1203 4959 tie,
1220 4915 1267 4964 pro
1283 4900 1384 4954 dolore.

491 4969 518 5030 (¹)
534 4971 560 5021 S.
576 4971 612 5022 ita
627 4975 697 5037 quod
713 4975 822 5026 dicem.
1102 4975 1130 5037 (¹)
1147 4980 1202 5037 tte,
1213 4977 1321 5028 oenutic
1331 4977 1426 5030 detuit
1441 4981 1540 5032 comiti.

492 5043 519 5106 (¹)
536 5045 567 5096 Ε.
584 5047 629 5097 tihi
646 5053 690 5099 tun
707 5049 799 5114 iogicn.
