4606 6840
753 977 891 1038 caurus
915 981 1106 1038 vroasnrus
1131 981 1314 1036 susumus.
1551 970 1621 1038 303

453 1120 592 1217 Popule
616 1123 790 1218 marcide,
816 1126 898 1222 tego
922 1132 1068 1202 statuta.
1094 1125 1139 1200 Et
1162 1125 1284 1200 subdit
1307 1125 1621 1202 confirmationem
1737 1151 1740 1156 ’

452 1261 531 1316 suae
555 1241 747 1338 petitionis,
772 1243 909 1320 dicens:
928 1244 1003 1321 imo
1015 1237 1052 1337 (⁴)
1070 1245 1189 1339 potius
1205 1251 1290 1340 peto
1307 1245 1354 1321 de
1370 1244 1642 1360 Romandiolafl
1712 1333 1715 1340 ,

453 1359 539 1454 quia
560 1360 628 1434 tuit
650 1361 697 1436 de
718 1363 882 1458 partibus
898 1364 976 1438 titis.
997 1364 1100 1441 Unde
1115 1364 1215 1439 dicit:
1241 1365 1335 1437 ct'io
1356 1367 1412 1459 sut
1434 1367 1487 1438 dr·
1500 1367 1621 1456 moad,

453 1479 558 1572 quasi
582 1480 691 1556 dicat:
718 1482 770 1556 iui
794 1483 841 1558 de
869 1483 1116 1579 Montcieitr03
1141 1505 1229 1558 nam
1247 1483 1484 1559 Montiieltrus
1498 1475 1535 1576 (¹)
1567 1471 1636 1560 es?

454 1619 528 1674 una
553 1607 718 1676 contrata
743 1601 779 1676 in
799 1603 1049 1697 Romandiola,
1066 1604 1255 1680 continens
1271 1605 1406 1680 multos
1424 1611 1567 1679 montes
1585 1610 1623 1678 et

454 1717 571 1794 muita
603 1721 763 1816 castella,
795 1730 837 1795 ut
868 1722 1010 1798 dicetur
1041 1722 1149 1798 aiibi:
1184 1729 1222 1798 et
1246 1723 1298 1798 sic
1322 1722 1416 1816 ride,
1442 1722 1540 1818 quod
1565 1721 1623 1796 isti

454 1837 606 1912 comites
639 1838 792 1916 suerunt
822 1839 869 1916 de
902 1841 1151 1935 Romandioia,
1184 1847 1308 1916 tamen
1345 1841 1571 1917 accederunt
1584 1831 1621 1932 (³)

454 1977 566 2031 suum
591 1957 794 2033 dominium
814 1959 852 2034 in
872 1959 1080 2055 Marchiam,
1106 1961 1200 2035 sicut
1225 1966 1261 2035 et
1283 1961 1477 2036 Malatestae
1495 1958 1541 2034 de
1561 1978 1623 2033 ea·

454 2074 539 2150 dem
565 2082 731 2152 contrata
755 2078 884 2155 diebus
909 2079 1052 2174 nostris,
1074 2080 1283 2154 habuerunt
1301 2080 1378 2156 iere
1398 2087 1512 2154 totam
1530 2081 1625 2154 Mar-

455 2195 594 2290 chiam3
621 2196 830 2272 habuerunt
856 2198 954 2274 enim
980 2197 1180 2293 Anconam,
1207 2220 1291 2294 que
1316 2207 1372 2274 est
1396 2203 1506 2295 caput
1529 2197 1625 2271 iltius

444 2315 663 2411 provinciae,
681 2324 717 2392 et
733 2317 919 2413 Escuium,
937 2318 1035 2414 quod
1052 2319 1122 2396 iuit
1137 2319 1225 2393 oiim
1241 2327 1351 2414 caput
1370 2319 1462 2412 eius,
1479 2325 1516 2392 et
1535 2316 1624 2390 aiias

455 2435 591 2511 multas
624 2436 789 2512 civitates
821 2444 860 2513 et
893 2445 1030 2532 terras,
1056 2447 1094 2513 et
1119 2438 1213 2513 sicut
1240 2437 1379 2534 Ugucio
1404 2437 1451 2512 de
1479 2434 1626 2532 Fagioia

455 2552 502 2629 de
526 2554 664 2630 eisdem
690 2555 887 2651 montibus,
913 2557 977 2650 qui
1003 2557 1129 2630 habuit
1152 2557 1355 2632 dominium
1381 2556 1418 2629 in
1439 2555 1567 2628 Tuscia
1587 2552 1640 2648 in,

454 2672 601 2748 civitate
625 2673 749 2769 pisana
775 2681 812 2750 et
836 2677 985 2751 lucana:
1012 2681 1049 2750 et
1075 2675 1190 2771 tangit
1223 2675 1379 2751 confinia
1412 2673 1554 2748 dicens:
1589 2660 1625 2744 Ιὰ

429 2793 432 2800 ‘
454 2795 551 2866 ituro
579 2794 718 2867 Urdino.
746 2795 925 2869 Urbicum
951 2800 1006 2869 est
1022 2795 1148 2871 civitas
1166 2794 1203 2868 in
1219 2793 1378 2869 Maronia
1395 2778 1635 2884 anconitana)

458 2911 555 2987 circa
589 2913 745 2990 confinia
778 2915 1038 3010 Romandioiae,
1074 2915 1136 2990 ubi
1174 2914 1231 2989 isti
1266 2914 1417 2988 comites
1451 2910 1626 2987 dominati

457 3038 542 3105 sunt
567 3033 646 3128 jam
679 3053 746 3129 per
778 3041 831 3110 tot
865 3041 1043 3130 tempora,
1078 3033 1177 3129 quod
1208 3053 1281 3109 non
1307 3040 1408 3108 extat
1428 3031 1643 3134 memoria&

460 3152 520 3224 e’l
541 3154 661 3244 moyn,
678 3152 824 3248 scilicet,
843 3154 975 3228 montis
999 3152 1175 3250 Apennini
1192 3140 1242 3245 (⁸),
1267 3155 1306 3226 di
1329 3155 1388 3226 cue
1411 3155 1439 3225 o
1467 3157 1573 3224 Teoer
1597 3153 1629 3222 si

459 3270 630 3361 ἀεὶςεοννα,
660 3272 762 3368 idest,
795 3272 841 3349 de
872 3294 948 3368 quo
969 3274 1062 3372 jugo
1087 3273 1207 3347 oritur
1230 3272 1364 3347 fluvius
1389 3271 1538 3364 Tiberis,
1564 3259 1644 3364 un

458 3388 579 3464 oritur
605 3390 643 3464 in
666 3392 819 3488 alpibus,
845 3414 929 3487 quae
954 3393 1119 3468 dividunt
1142 3391 1418 3467 Romandiolam
1444 3411 1467 3466 a
1498 3389 1629 3488 Tuscia

457 3529 503 3583 er
529 3516 634 3604 parte
658 3511 771 3606 ipsius
805 3513 944 3588 Tusciae
969 3534 1017 3589 er
1042 3512 1206 3608 opposito
1223 3511 1468 3604 Montisseitri3
1485 3509 1550 3605 qui
1571 3510 1630 3584 Ti-

456 3627 553 3704 beris
578 3637 634 3706 est
658 3631 792 3706 fluvius
815 3631 1091 3726 famosissimus,
1117 3653 1190 3706 non
1216 3637 1358 3705 tantum
1385 3629 1526 3705 ratione
1551 3649 1628 3702 suae

457 3748 727 3845 magnitudinis,
747 3757 927 3845 quantum
956 3751 1098 3826 ratione
1123 3749 1225 3826 urbis
1250 3769 1413 3825 romanae
1438 3770 1551 3844 quam
1577 3749 1655 3878 if}

458 3867 564 3964 rigat.

530 3989 572 4059 Io
596 4007 671 4060 era.
697 3989 767 4062 Ista
799 3995 854 4064 est
878 3988 1039 4066 secunda
1063 4009 1148 4084 pars
1164 3988 1358 4084 generalis,
1375 3988 1412 4061 in
1429 4008 1504 4081 qua
1519 3993 1630 4062 autor

462 4105 684 4201 respondens
708 4108 755 4183 ad
780 4109 990 4203 petitionem
1021 4107 1163 4183 comitis
1194 4106 1366 4182 describit
1394 4113 1530 4183 statum
1555 4107 1631 4182 Ro·

461 4225 664 4300 mandiolae.
689 4227 733 4300 Et
757 4228 878 4323 primo
903 4227 1059 4303 ostendit
1075 4219 1125 4321 (⁵),
1143 4225 1330 4320 quomodo
1350 4225 1521 4323 Virgilius
1541 4245 1631 4300 oon-

458 4346 608 4422 cesserit
634 4366 732 4423 nnnc
758 4347 824 4423 sibi
850 4347 1032 4424 licentiam
1062 4344 1234 4440 loquendi
1264 4365 1350 4419 cum
1384 4345 1453 4418 isto
1485 4342 1631 4436 comite,

458 4465 600 4542 dicens:
626 4471 667 4540 Io
691 4488 757 4541 ero
781 4470 819 4541 tu
845 4471 946 4559 porco
971 4487 1107 4541 ancora
1125 4472 1252 4538 murato
1276 4487 1295 4538 e
1319 4467 1433 4557 etim,
1451 4465 1537 4558 quia
1557 4470 1632 4539 sta·

460 4583 523 4658 bat
547 4583 585 4658 in
610 4585 771 4662 cuimine
794 4587 912 4682 pontis
943 4587 1134 4660 inclinatus
1166 4583 1213 4658 ad
1244 4582 1467 4658 audiendum
1493 4588 1632 4659 attente

522 4847 550 4908 (¹)
568 4852 622 4910 tto,
639 4850 697 4902 ideo
712 4852 808 4916 potino.
932 4853 959 4914 (¹)
977 4856 1030 4913 tto,
1047 4851 1226 4904 Momieltrur.

523 4921 549 4984 Γ)
564 4921 591 4973 S.
607 4937 622 4974 e
640 4928 694 4984 tto,
711 4931 798 4978 tamen
813 4929 1032 4980 rxrendernnc-
1042 4927 1073 4980 tt
1090 4941 1152 4978 cum
1168 4926 1349 4978 extenderunt.

521 4996 549 5059 (¹)
566 4997 597 5048 tt.
613 4999 735 5052 Arimini.

523 5071 551 5135 (⁸)
567 5073 598 5124 E·
615 5074 744 5140 docrittt,
761 5079 892 5142 quomodo
907 5079 1032 5144 Virgilius
1047 5092 1117 5129 nunc
1132 5077 1203 5129 dedit
1218 5077 1274 5130 ribi.
