4534 6842
752 926 890 983 caurus
913 927 1103 993 mensurus
1126 927 1303 994 pusaeus.
1539 917 1607 986 191

440 1067 534 1142 lacta
560 1068 694 1163 viridis,
719 1070 779 1145 illa
805 1071 978 1166 resoluta,
1007 1074 1046 1144 tn
1070 1092 1162 1163 poco
1192 1073 1227 1144 d’
1239 1092 1321 1163 ore,
1345 1093 1365 1144 e
1386 1074 1518 1164 prende
1546 1093 1610 1146 cuo

440 1191 628 1282 uincostro,
655 1191 746 1265 idest
771 1192 956 1287 propriam
983 1191 1138 1286 virgam,
1164 1190 1340 1284 quianon
1358 1192 1468 1266 habet
1488 1192 1609 1266 lamu-

439 1308 528 1402 lum,
546 1330 658 1403 quem
676 1309 752 1405 ipse
769 1311 933 1404 mittete
953 1315 1071 1384 coccio
1088 1316 1174 1405 scor
1190 1315 1222 1384 te
1237 1315 1408 1406 peoorelle
1424 1333 1608 1404 apasccr:

437 1437 475 1503 et
499 1428 582 1502 vide
606 1429 705 1522 quod
730 1429 946 1505 diminutive
972 1430 1139 1504 dixerat:
1158 1433 1192 1504 lo
1213 1434 1401 1523 odlnnello,
1418 1431 1499 1506 ideo
1523 1430 1609 1506 dicit

436 1544 662 1641 diminutive,
688 1551 921 1642 tepecorelle,
948 1549 1035 1643 quia
1061 1569 1196 1644 paucas
1227 1551 1336 1625 habet
1368 1559 1405 1626 et
1436 1551 1607 1645 parvulas

437 1671 474 1739 et
500 1667 598 1741 male
622 1667 787 1742 nutritas.
814 1670 890 1754 Hoc
915 1675 1041 1744 autem
1060 1669 1188 1744 accidit
1205 1669 1243 1742 in
1263 1671 1396 1766 hyeme
1416 1670 1462 1745 de
1480 1691 1606 1746 meuse

433 1788 605 1882 januarii,
632 1789 729 1864 uude
760 1789 931 1864 describit
957 1796 1103 1885 tempus
1127 1789 1246 1884 primo
1279 1810 1346 1886 per
1377 1791 1480 1886 sigua
1509 1790 1605 1884 creti,

434 1905 581 1982 dicens:
607 1912 651 1980 Iu
676 1911 790 1999 quella
814 1916 920 2002 parte
952 1913 1010 1983 det
1039 1912 1230 2000 piouerretto
1259 1930 1367 2001 anno,
1399 1909 1485 2003 quia
1518 1917 1605 1984 tuuc

433 2047 552 2101 annus
577 2027 721 2102 videtur
736 2021 772 2120 (⁴)
799 2030 1091 2104 reiuveuescere.
1113 2029 1249 2124 Hyems
1266 2029 1362 2102 euim
1383 2030 1603 2104 assimilatur

433 2148 610 2221 senectuti
636 2170 719 2244 ‹111ae¹
745 2156 801 2223 est
826 2149 967 2246 frigida,
987 2156 1024 2224 et
1043 2149 1205 2223 abundat
1230 2149 1352 2222 multis
1373 2151 1603 2245 superfluita-

434 2265 539 2339 tibus.
567 2267 640 2342 Ver
666 2288 756 2343 vero
780 2269 875 2343 beue
900 2268 1123 2343 assimilatur
1143 2269 1341 2364 juventuti,
1359 2271 1446 2364 quia
1463 2291 1529 2345 ver
1546 2277 1601 2345 est

433 2385 604 2482 calidum,
631 2389 765 2483 virens,
790 2390 962 2484 pulcrum
990 2395 1028 2463 et
1051 2407 1229 2463 crescens.
1261 2389 1365 2463 Modo
1394 2397 1503 2464 autor
1535 2411 1602 2466 uo-

433 2511 553 2580 tanter
577 2507 734 2602 appellat
760 2529 900 2582 anuum
913 2508 1158 2603 juvenculum
1176 2509 1390 2584 diminutive
1408 2530 1480 2584 nou
1493 2511 1603 2605 juve·

433 2645 531 2718 uem,
565 2627 653 2719 quia
686 2628 850 2701 nondum
881 2629 981 2704 veuit
1013 2629 1169 2724 adver,
1202 2630 1266 2703 sed
1297 2628 1419 2724 incipit
1450 2631 1601 2706 tendere

434 2765 563 2832 versus
579 2767 665 2841 ver;
683 2748 764 2822 ideo
780 2748 882 2823 dicit:
899 2751 959 2822 ete
974 2752 1001 2821 'l
1013 2753 1070 2822 sot
1084 2756 1219 2842 tempre
1234 2752 1248 2821 t
1263 2751 1365 2841 mini,
1383 2749 1484 2844 idest,
1503 2757 1597 2824 tem-

433 2872 537 2959 perat
562 2867 681 2942 radios
701 2888 799 2963 suos,
816 2890 910 2963 quos
934 2870 1046 2944 tlavos
1071 2868 1208 2966 spargit
1231 2891 1254 2944 a
1279 2890 1347 2943 suo
1372 2870 1594 2964 pulcerrimo

432 2987 560 3082 capite,
585 2996 673 3062 sotto
698 2993 898 3082 tapnnmo,
927 2989 974 3064 de
1005 3008 1133 3064 meuse
1158 2989 1317 3083 ianuarii
1350 2989 1518 3085 intellige.
1551 2989 1596 3064 Et

430 3115 516 3183 uota
540 3110 640 3203 quod
664 3117 774 3185 autor
790 3110 976 3206 signanter
992 3109 1087 3203 dicit,
1105 3117 1253 3202 temprn,
1271 3109 1356 3202 quia
1378 3109 1524 3202 quando
1541 3110 1595 3184 sol

431 3226 542 3302 intrat
573 3231 769 3323 aquarium
801 3230 921 3303 iuerat
935 3220 971 3321 (¹)
999 3229 1100 3324 prius
1125 3229 1162 3302 in
1186 3228 1411 3323 capricorno,
1444 3228 1508 3321 qui
1539 3235 1597 3304 est

429 3346 589 3441 tropicus
620 3348 807 3444 hyemalis,
834 3368 909 3441 quo
924 3339 961 3440 (³)
987 3354 1043 3422 est
1066 3349 1279 3422 extremitas
1312 3347 1475 3444 trigoris3
1508 3348 1594 3442 quia

428 3483 518 3561 ergo
544 3467 681 3542 recedit
705 3489 728 3542 a
754 3487 902 3541 summo
927 3466 1064 3562 frigore
1083 3474 1122 3542 et
1137 3467 1250 3541 tendit
1267 3487 1396 3542 versus
1413 3467 1592 3541 circulum

428 3587 733 3682 equinoctialem,
751 3588 788 3662 iu
805 3609 880 3682 quo
898 3587 938 3661 lit
954 3608 1021 3663 ver
1037 3594 1074 3661 et
1100 3587 1295 3682 temperies
1312 3590 1418 3682 aeris,
1437 3587 1519 3663 ideo
1539 3587 1595 3661 di·

426 3707 497 3781 cit:
524 3715 671 3803 tempe,
689 3709 774 3803 quia
793 3715 880 3783 tuuc
898 3707 1021 3802 incipit
1037 3714 1245 3802 temperare
1263 3707 1377 3804 irigus
1397 3708 1592 3785 intensum.

426 3827 469 3901 Et
493 3829 545 3904 sic
569 3830 651 3905 vide
676 3829 775 3924 quod
799 3837 909 3904 autor
934 3829 1079 3903 videtur
1103 3829 1203 3921 loqui
1224 3829 1327 3924 large
1344 3829 1389 3903 de
1406 3835 1481 3903 toto
1499 3836 1593 3904 tem-

426 3968 517 4043 pore
540 3968 616 4041 quo
640 3949 693 4023 sol
718 3956 774 4024 est
797 3949 835 4022 iu
860 3947 1028 4042 aquario,
1045 3947 1127 4022 licet
1145 3949 1212 4021 iste
1231 3957 1347 4022 casus*
1361 3947 1475 4043 magis
1496 3949 1593 4022 veri-

426 4065 558 4142 ficetur
584 4068 681 4142 circa
707 4067 869 4143 medium
891 4067 1064 4163 januarii,
1090 4066 1177 4159 quia
1194 4072 1282 4139 tuuc
1299 4065 1422 4159 incipit
1441 4065 1591 4142 tendere

423 4187 470 4261 ad
495 4186 767 4281 aequiuoctium.
794 4189 879 4263 ldeo
903 4187 1007 4262 dicit:
1034 4207 1053 4257 e
1076 4175 1138 4276 ptd
1161 4188 1192 4257 te
1216 4188 1303 4258 nottt
1325 4206 1388 4257 sen
1412 4205 1529 4256 venno
1554 4187 1593 4258 al

422 4326 544 4380 orezzo
569 4299 618 4398 dl,
644 4307 730 4401 quia
761 4307 896 4382 seilicet
916 4307 995 4401 jam
1021 4310 1145 4380 noctes
1178 4303 1354 4398 incipiunt
1376 4302 1591 4378 decrescere

421 4432 458 4501 et
482 4425 559 4502 dies
584 4446 764 4520 creseere,
783 4427 890 4501 etsie
907 4424 1060 4501 tendunt
1079 4425 1126 4499 ad
1144 4423 1417 4518 aequiuoctium‚
1435 4423 1533 4517 quod
1551 4421 1590 4496 ut

421 4548 569 4642 quaudo
592 4548 646 4622 sol
671 4548 783 4622 intrat
802 4547 969 4639 arietem,
995 4552 1032 4620 et
1057 4545 1108 4620 sic
1124 4547 1177 4620 sol
1195 4565 1269 4619 non
1284 4544 1393 4619 distat
1411 4543 1449 4617 iu
1470 4543 1591 4618 medio

418 4668 579 4763 ianuarii
594 4667 642 4742 ab
659 4666 902 4760 {equinoctiali
920 4664 988 4738 nisi
1013 4664 1108 4740 ferte
1132 4685 1198 4760 per
1224 4686 1341 4739 uuum
1362 4664 1508 4760 siguum
1534 4661 1590 4736 in·

422 4788 654 4882 termentum,
680 4787 816 4862 scilicet
849 4785 1013 4881 piscium.
1045 4785 1146 4860 Unde
1180 4791 1266 4859 ueta
1298 4783 1398 4879 quod
1429 4805 1503 4859 nou
1534 4789 1589 4858 est

482 4972 512 5037 (¹)
526 4973 552 5025 S.
568 4975 671 5028 ridetur
685 4975 755 5029 vella
770 4973 932 5027 redducere.
941 4999 971 5012 -
982 4976 1035 5034 lle,
1052 4973 1154 5026 ridetur
1170 4970 1238 5024 velle
1255 4972 1457 5024 reinreoereero.

482 5047 745 5116 iterumiterum
1091 5047 1431 5113 etennensium
