4526 6836
713 1005 850 1064 usurus
874 1007 1030 1068 cccmus
1054 1007 1223 1068 cernuus.
1404 990 1405 994 '
1510 995 1555 1068 19

382 1156 444 1225 tur
468 1149 630 1224 secundo
659 1150 818 1248 capitulo
844 1151 1026 1250 Paradisi3
1051 1161 1089 1229 et
1118 1151 1227 1230 dicit:
1249 1173 1317 1245 per
1340 1173 1422 1228 cere
1446 1141 1469 1226 e¹
1484 1173 1553 1246 per¹

381 1291 502 1362 sermo,
529 1269 618 1346 idest
644 1271 944 1369 magnanimitate
971 1280 1009 1354 et
1029 1273 1223 1370 prudentia
1240 1294 1318 1350 sua.
1333 1275 1472 1348 -suc
1490 1273 1555 1348 llic

382 1396 504 1486 autur,
520 1391 700 1500 descripto
718 1394 850 1470 tasone
867 1395 1015 1492 egregie
1028 1388 1067 1487 (¹)
1083 1415 1107 1469 a
1124 1393 1260 1472 virtute
1277 1415 1352 1490 qua
1368 1393 1451 1470 iecit
1473 1415 1554 1470 ma·

383 1510 517 1608 gualia,
530 1533 628 1588 nunc
644 1512 815 1590 describit
830 1513 952 1610 ipsum
968 1535 992 1589 a
1009 1513 1103 1590 vicio
1120 1514 1289 1610 maligne
1304 1505 1342 1606 (¹)
1360 1513 1554 1611 ingratitu-

383 1631 475 1707 dinis
499 1635 715 1728 quemfecit
735 1645 865 1713 eontra
888 1635 1086 1732 lsipbilem3
1105 1643 1143 1711 et
1167 1635 1346 1732 sagaciter
1371 1635 1554 1712 interserit

381 1752 552 1848 pietatem
578 1755 742 1832 mulieris
767 1776 857 1854 erga
890 1763 1082 1852 parentem
1108 1777 1232 1858 suum,
1262 1761 1298 1832 et
1327 1756 1553 1852 impietatem

381 1880 600 1950 ceterarum
626 1895 716 1974 erga
741 1897 838 1954 suos.
864 1875 919 1951 dd
944 1875 1050 1952 cuius
1074 1875 1129 1955 rei
1153 1874 1328 1952 mirabilis
1348 1875 1554 1972 intelligen-

381 1993 469 2068 tiam
490 2001 546 2072 est
561 1994 724 2071 breviter
740 1995 941 2090 sciendum,
958 1996 1058 2090 quod
1075 1995 1169 2070 sicut
1180 1993 1303 2072 scribit
1319 1993 1456 2071 Statius
1472 1993 1553 2072 inll

380 2113 438 2186 sui
463 2115 624 2211 majoris,
641 2117 799 2194 Lemnos
823 2127 880 2194 ert
903 2117 1022 2192 insula
1047 2116 1085 2192 in
1110 2115 1205 2192 mari
1230 2114 1380 2194 Graecire
1406 2137 1480 2195 une
1505 2117 1552 2194 de

382 2234 596 2330 cicladibus,
609 2239 707 2332 quod
722 2259 827 2314 mare
845 2237 952 2314 bodie
967 2237 1172 2333 appellatur
1183 2235 1432 2334 urcipetagus,
1444 2237 1551 2314 cuius

379 2355 479 2432 eires
494 2356 581 2431 olim
600 2356 746 2433 inerunt
766 2363 896 2434 contra
912 2356 1136 2453 provinciam
1157 2356 1319 2436 'lbruciae
1343 2355 1411 2432 sibi
1435 2377 1551 2454 uppu-

379 2475 485 2550 sitam
507 2496 593 2554 cum
612 2497 746 2574 magna
763 2478 889 2572 classe,
908 2482 945 2553 et
961 2497 1049 2556 cum
1066 2476 1251 2556 stetissent
1267 2496 1335 2571 per
1352 2475 1550 2554 trienninm

380 2595 614 2691 pertinaciter
638 2597 895 2693 impugnantes
919 2597 1042 2690 hostes
1058 2616 1156 2690 suus,
1174 2615 1312 2672 uxores
1328 2615 1459 2671 eorum
1478 2616 1552 2674 uon
1698 2665 1700 2670 .

381 2721 549 2810 poterant
563 2705 600 2808 (³)
617 2736 682 2792 eos
708 2737 884 2792 revocare
909 2715 1062 2792 domum
1087 2715 1270 2811 precibus,
1286 2715 1465 2814 blanditiis
1492 2716 1550 2794 vel

381 2836 487 2912 minis
502 2826 557 2931 (⁴);
584 2836 665 2912 ideo
691 2837 838 2914 tandem
864 2836 1160 2917 deliberaverunt
1190 2833 1397 2916 interlicere
1422 2857 1551 2914 omues

380 2958 531 3033 maritos
547 2965 586 3034 et
603 2960 785 3035 masculos
802 2979 944 3036 earum.
959 2959 1003 3034 Et
1018 2958 1170 3034 adverte
1187 2957 1286 3052 quod
1302 2957 1397 3035 istud
1409 2957 1477 3032 iuit
1493 2957 1550 3034 bi·

378 3077 574 3158 storialiter
599 3099 743 3173 verum,
761 3078 854 3154 sicut
870 3078 956 3156 dicit
975 3077 1136 3174 Orosius,
1158 3078 1241 3152 licet
1260 3083 1378 3172 poetae
1399 3075 1548 3174 fingant,

378 3198 477 3292 quod
502 3199 626 3276 Venus
650 3198 843 3276 immiserit
867 3198 977 3274 istum
999 3197 1164 3273 iururem
1183 3197 1219 3270 in
1236 3195 1378 3274 animus
1395 3196 1547 3276 istarum

379 3318 592 3414 mulierum,
605 3318 692 3414 quia
709 3317 777 3394 viri
794 3340 869 3395 non
885 3318 1139 3399 sacrificabant
1155 3317 1298 3412 Veneri,
1313 3316 1411 3412 anod
1430 3324 1547 3396 totum

378 3447 460 3516 erat
476 3460 620 3535 rerum,
635 3441 722 3536 quia
738 3439 878 3518 Lemnii
897 3461 970 3516 nun
986 3439 1155 3518 culebuut
1170 3439 1352 3516 -Venerem
1371 3437 1434 3514 sed
1450 3437 1547 3516 llar-

376 3567 465 3656 tem,
495 3561 583 3656 quia
616 3561 751 3638 seilicet
781 3582 854 3636 nun
886 3560 1021 3638 dabant
1051 3578 1203 3656 operam
1221 3558 1345 3637 rebus
1368 3559 1547 3654 venereis,

377 3682 440 3757 sed
466 3681 577 3758 rebus
602 3681 755 3776 bellicis3
781 3680 863 3760 idm
888 3680 966 3756 istae
991 3679 1192 3756 annuum
1207 3669 1243 3772 (ὓ)
1276 3678 1431 3774 Venere,
1457 3677 1548 3754 idest

377 3945 445 4000 nec
470 3923 737 4020 respondebant
752 3921 871 4001 umori
888 3921 1022 4018 debite,
1040 3927 1304 4000 converterunt
1320 3941 1487 3998 amorem
1509 3920 1546 3998 iu

377 4043 668 4122 crudelissimum
694 4042 832 4120 odium.
858 4043 951 4146 Nam
979 4041 1135 4120 finaliter
1153 4041 1344 4118 audientes
1361 4041 1461 4135 quod
1478 4039 1546 4116 viri

374 4165 432 4238 eui
453 4163 645 4240 rediebant
659 4153 697 4256 (⁶)
723 4183 809 4240 cum
831 4161 1070 4257 victorinum
1087 4162 1183 4238 iurte
1199 4161 1393 4257 portabant
1409 4161 1546 4238 alienas

374 4284 554 4380 immines,
578 4282 832 4378 conjuratione
857 4281 952 4360 lacta
977 4287 1014 4356 et
1047 4281 1175 4360 urdine
1203 4281 1300 4375 dato,
1328 4285 1546 4376 receperunt

374 4405 472 4482 viros
495 4404 666 4480 simulate
691 4424 777 4480 cum
803 4421 939 4498 magno
962 4401 1161 4498 gaudium
1185 4399 1402 4482 adveniente
1427 4405 1545 4494 nocte

374 4525 453 4602 illus
477 4525 591 4600 lessus
613 4531 653 4600 et
672 4524 833 4620 sepultus
856 4541 988 4598 somne
1005 4528 1042 4598 et
1059 4521 1145 4600 vino
1169 4521 1442 4598 interfecerunt.
1460 4518 1544 4596 Sola

374 4651 497 4722 tamen
521 4643 664 4740 bipbile
688 4641 761 4720 fllia
787 4641 884 4740 regis
909 4640 1054 4718 Tenntis
1085 4641 1219 4737 pietate
1251 4649 1351 4720 mota
1384 4639 1546 4739 pepercit

375 4765 468 4862 patri
493 4785 562 4842 suc
576 4753 627 4860 (⁷),
653 4763 822 4858 quierat
847 4782 914 4840 rex
939 4761 1079 4856 iusulae,
1104 4781 1218 4840 senen
1243 4763 1417 4858 multum,
1434 4767 1472 4840 et
1502 4759 1545 4836 it-

437 4991 640 5060 tii-W·
775 4993 991 5058 (¹)letguu
1127 4990 1436 5058 illidentium&

435 5069 961 5136 (⁸)thqusmirrlr31nterintndn·
1126 5069 1155 5132 tt
1173 5068 1472 5128 stutesburiae

436 5147 729 5211 discludunt.
1127 5145 1480 5210 i'lssbmtl'fwtktlffl·
