4550 6844
688 973 830 1034 CANTUS
855 975 1071 1032 mummius
1095 975 1239 1030 mutus.
1479 965 1549 1032 461

381 1139 486 1196 cram
510 1119 751 1218 scripturam,
776 1129 815 1200 et
838 1123 959 1220 primo
983 1120 1170 1218 praemittit
1201 1119 1379 1198 visionem
1412 1120 1493 1197 eius
1517 1119 1556 1196 in

381 1240 557 1339 generati,
574 1241 716 1318 dicens:
734 1247 780 1318 Et
802 1245 838 1318 io
862 1261 1011 1334 scorgca
1029 1231 1091 1334 put
1110 1244 1148 1315 tn
1161 1244 1291 1335 secde,
1316 1245 1348 1316 le
1370 1245 1484 1336 spatie
1499 1245 1558 1318 e’t

376 1367 484 1457 pcto,
501 1381 630 1453 curuo
643 1369 749 1456 purte
764 1364 822 1437 det
839 1369 971 1453 mooe,
991 1361 1096 1456 quasi
1121 1359 1234 1436 dicat:
1256 1359 1427 1437 videbam
1448 1361 1555 1458 quic-

381 1479 471 1575 quid
503 1487 584 1556 erat
614 1482 662 1558 ab
694 1481 868 1558 umbilico
899 1483 1224 1578 supradictum,
1257 1481 1404 1577 scilicet,
1439 1481 1553 1558 Nem-

380 1598 501 1694 brotb,
526 1600 591 1695 qui
616 1601 783 1697 pulsabat
807 1621 938 1696 cornu,
961 1611 1004 1680 ut
1027 1620 1139 1696 supra
1164 1599 1303 1676 dictum
1325 1608 1394 1696 est,
1410 1623 1430 1676 e
1448 1603 1554 1676 ambo

381 1721 413 1792 le
442 1719 584 1794 nocue
611 1716 672 1812 pu
692 1741 760 1814 per
789 1724 822 1795 te
851 1719 1069 1815 cortenaia
1097 1717 1233 1795 scilicet
1261 1718 1365 1817 gigas
1393 1721 1555 1798 babebat

381 1838 532 1916 brachia
555 1839 667 1937 ligata
691 1847 843 1918 extensa
862 1840 1056 1937 pendentia
1075 1839 1261 1915 deorsum.
1279 1839 1324 1914 Et
1341 1841 1468 1917 volens
1483 1862 1556 1918 au·

383 1963 442 2032 tor
465 1957 675 2035 describere
699 1960 919 2037 immensam
950 1957 1241 2056 magnitudinem
1271 1960 1428 2058 gigantis
1458 1979 1557 2056 praa-

383 2076 494 2151 mittit
509 2079 866 2155 commendationem
884 2085 1028 2154 naturae
1045 2099 1130 2172 quae
1146 2077 1281 2154 destitit
1295 2071 1332 2172 (¹)
1350 2079 1557 2176 producere

383 2197 542 2292 amplius
566 2199 651 2274 talia
677 2204 862 2293 monstra3
888 2199 987 2274 unde
1003 2198 1107 2274 dicit:
1124 2205 1257 2273 amara
1275 2206 1371 2273 certo
1388 2203 1444 2294 see
1459 2202 1558 2274 carot

319 2361 324 2374 ·
383 2316 480 2408 benc,
505 2325 542 2392 et
567 2317 731 2411 loquitur
755 2317 984 2412 diminutive,
1001 2317 1107 2412 quasi
1123 2317 1238 2394 dicat:
1256 2317 1331 2392 imo
1347 2317 1433 2394 iecit
1450 2317 1556 2393 vaide

383 2435 480 2512 bene
503 2441 541 2510 et
566 2435 728 2532 provide,
746 2439 889 2530 prendo
914 2429 1023 2511 tnsdd
1047 2438 1155 2512 t'urte
1179 2439 1217 2512 di
1239 2429 1270 2510 si
1290 2440 1372 2532 sate
1395 2439 1556 2530 ummnd,

383 2555 530 2648 scilicet,
556 2559 631 2628 tam
662 2555 892 2630 terribilium.
918 2556 963 2630 Et
990 2555 1050 2631 bic
1082 2563 1181 2652 nota,
1206 2556 1333 2652 tector,
1359 2556 1389 2631 si
1420 2576 1555 2633 verum
1698 2603 1701 2612 ι

384 2673 430 2748 sit
454 2674 555 2769 quod
578 2674 744 2770 gigantes
768 2675 855 2751 olim
881 2675 1029 2771 suerint,
1054 2685 1092 2753 et
1106 2666 1144 2768 θ)
1170 2677 1235 2771 qui
1260 2697 1360 2753 nunc
1383 2697 1465 2753 esse
1489 2677 1557 2753 de·

384 2793 522 2888 sierint,
547 2793 642 2870 sicut
666 2801 777 2871 autor
801 2795 926 2872 dicere
954 2795 1110 2870 videtur.
1136 2794 1190 2870 Ad
1223 2796 1322 2890 quod
1352 2797 1557 2893 respondeo

385 2913 548 2990 breviter
572 2913 673 3012 quod
695 2915 863 3013 gigantes
886 2916 1037 2992 inerunt
1058 2915 1243 3009 loquendo
1263 2915 1446 3012 historice,
1463 2917 1559 2992 sicut

385 3039 486 3129 patet
511 3054 578 3128 per
603 3053 733 3110 omues
757 3035 947 3110 historiens
972 3034 1220 3129 hebreorum,
1244 3053 1467 3132 grecorum,
1495 3057 1559 3113 ro—

387 3172 598 3246 manorum,
615 3154 744 3247 quales
768 3153 920 3231 suerunt
942 3153 1043 3248 Saul,
1059 3153 1248 3249 Hercules,
1264 3154 1428 3232 dntbeus
1444 3162 1482 3232 et
1497 3156 1560 3230 alii

387 3273 510 3366 multi;
535 3271 635 3347 unde
659 3273 826 3369 gigantes
839 3263 877 3366 (³)
905 3279 1156 3370 regnaverunt
1185 3273 1272 3348 olim
1304 3274 1342 3350 in
1366 3275 1498 3370 Sicilia,
1522 3283 1561 3352 et

388 3391 555 3468 similiter
578 3392 745 3490 gigantes
768 3392 1011 3490 possederunt
1027 3393 1115 3467 oiim
1140 3394 1299 3470 msuiam
1320 3394 1470 3493 Angites,
1496 3396 1561 3472 sed

388 3512 535 3587 videtur
560 3512 659 3606 quod
676 3513 852 3607 paulatim
869 3518 1005 3588 natura
1018 3511 1194 3588 defecerit
1210 3513 1247 3588 in
1264 3533 1462 3610 corporum
1480 3535 1562 3592 ma-

387 3630 590 3728 gnitudine,
607 3631 702 3706 sicut
726 3631 838 3706 etiam
864 3630 1044 3706 diminuta
1068 3629 1213 3707 videtur
1237 3631 1276 3706 in
1299 3633 1484 3709 aetatibus:
1507 3637 1563 3710 to-

388 3751 537 3846 quendo
561 3757 688 3826 autem
713 3751 862 3847 physice
887 3751 998 3826 credo
1023 3749 1122 3845 quod
1149 3757 1283 3827 natura
1299 3773 1447 3849 semper
1466 3753 1561 3848 iecit,

388 3870 475 3944 iacit
500 3877 538 3945 et
561 3869 669 3945 saciet
692 3871 837 3964 aliquos
861 3869 1080 3945 excedentes
1105 3890 1343 3946 communem
1369 3873 1560 3950 bominum

389 4006 605 4062 mensuram
630 3988 668 4061 in
693 3988 794 4061 omni
817 4006 973 4083 genere3
999 3987 1075 4061 imo
1104 3987 1272 4063 videmus
1298 3991 1398 4084 quod
1429 3997 1563 4070 natura

391 4106 429 4181 in
454 4127 530 4180 una
543 4095 581 4198 (³)
599 4107 839 4202 generatione
855 4105 940 4181 facit
956 4104 1124 4180 bomines
1140 4107 1247 4182 ualde
1264 4129 1419 4206 magnos
1435 4112 1565 4206 quates

391 4233 478 4300 sunt
493 4217 530 4318 (⁸)
547 4225 702 4302 frisones
718 4225 756 4300 in
772 4225 988 4320 Germania3
1006 4225 1045 4299 in
1059 4225 1133 4300 alia
1150 4227 1256 4302 valde
1275 4249 1420 4326 parvos,
1437 4233 1566 4326 quales

392 4347 641 4422 communiter
657 4354 744 4422 sunt
765 4345 910 4420 romani
926 4345 1089 4421 initalia.
1102 4346 1302 4441 Loquendo
1320 4369 1409 4425 vero
1425 4352 1568 4446 poetice

392 4473 431 4544 et
455 4467 658 4563 moraliter,
686 4465 781 4562 dico,
806 4467 907 4562 quod
931 4467 1030 4542 Deus
1055 4466 1119 4564 qui
1144 4473 1198 4542 est
1227 4475 1362 4545 nabrra
1392 4477 1569 4547 naturane

392 4588 557 4685 permisit
581 4587 668 4664 oiim
694 4595 846 4684 propter
872 4593 1021 4684 peccata
1048 4587 1238 4663 bominum
1270 4590 1361 4666 tates
1389 4590 1567 4688 gigantes,

454 4865 482 4927 (¹)
497 4865 528 4917 Β.
545 4865 651 4920 desistb.
838 4867 865 4933 ζ’)
881 4869 908 4920 S.
924 4881 940 4919 a
956 4868 988 4919 Β.
1004 4868 1074 4933 quod
1091 4881 1161 4918 nunc
1176 4879 1241 4919 este.

455 4942 482 5002 (ἢ
499 4942 529 4992 B·
545 4943 661 5006 giunta
675 4945 846 5008 pomcdorunt
861 4946 926 4997 olim
941 4943 1054 4996 insulam
1071 4944 1182 5010 Augila.

456 5017 483 5080 (¹)
499 5018 530 5070 u.
546 5019 573 5068 Ιι
589 5031 643 5070 uno
657 5033 752 5084 genera
768 5021 830 5072 tecit
845 5021 1075 5080 bominem-itt,
1091 5021 1118 5071 in
1134 5033 1185 5071 nna
1201 5020 1310 5086 ragione
1324 5019 1395 5071 iacit

456 5095 483 5156 (¹)
498 5093 526 5146 S.
542 5096 717 5148 communiter
732 5101 801 5148 sunt.
