4566 6844
738 967 808 1033 564
1130 976 1332 1036 committunt
1359 979 1510 1034 tuuuurtt

736 1125 847 1219 istius
865 1122 926 1200 cde*
940 1130 1113 1200 conoicnsi
1128 1129 1282 1220 diporttr
1299 1129 1348 1199 do
1365 1134 1460 1199 tuoto
1480 1127 1571 1198 mole
1586 1147 1655 1218 per
1680 1129 1784 1199 cotan
1799 1129 1902 1199 scote.

734 1245 805 1318 Per
828 1246 896 1319 hoc
913 1245 1047 1342 figurat
1064 1247 1162 1341 quod
1189 1245 1511 1321 laboriosissimum
1529 1239 1565 1336 (¹)
1584 1252 1640 1320 est
1665 1245 1813 1339 homini,
1841 1247 1905 1340 qui

734 1363 795 1438 diu
822 1365 919 1440 stetit
953 1367 989 1439 in
1020 1367 1172 1461 interno,
1205 1367 1295 1441 idest
1324 1367 1361 1440 in
1390 1373 1485 1441 statu
1518 1365 1702 1459 vitiorum,
1731 1367 1906 1442 recodere

734 1484 829 1579 inde,
855 1493 892 1560 ct
919 1487 1068 1562 tendere
1093 1488 1139 1562 ad
1165 1486 1434 1584 purgatorium,
1461 1485 1552 1562 ide'st
1578 1487 1624 1560 ad
1657 1492 1793 1561 statum
1825 1507 1906 1582 pm-

734 1605 903 1679 nitentiae.
918 1610 1054 1679 -Pot
1085 1607 1150 1682 Hic
1178 1613 1287 1682 autor
1318 1605 1489 1682 describit
1520 1606 1661 1681 exitum
1692 1625 1823 1681 eorum
1859 1608 1905 1682 de

734 1727 888 1822 interno,
914 1727 1055 1802 dicens:
1078 1731 1153 1820 pot,
1178 1727 1238 1803 ille
1263 1708 1453 1822 Virgilius
1467 1719 1539 1799 arci
1558 1731 1643 1820 soor
1664 1748 1733 1819 per
1764 1730 1798 1800 to
1820 1731 1905 1821 soro

734 1849 768 1919 d’
782 1869 829 1920 tm
852 1868 965 1939 sasso,
991 1847 1093 1942 idest,
1119 1867 1185 1943 per
1216 1848 1383 1922 foramen
1415 1845 1636 1941 respondens
1667 1852 1806 1941 centro,
1839 1867 1905 1941 per
1931 1859 1935 1868 '

733 1968 832 2062 quod
858 1968 1002 2043 Lucifer
1026 1968 1164 2062 cecidit,
1191 1974 1233 2042 ut
1258 1967 1378 2042 statim
1409 1967 1563 2061 dicetur,
1593 1988 1612 2039 e
1635 1970 1771 2060 poscmi
1798 1970 1835 2039 in
1863 1987 1905 2039 ru

732 2091 860 2178 torto,
886 2088 988 2182 idest,
1015 2089 1052 2160 in
1078 2087 1310 2162 extremitate
1325 2078 1362 2178 (²)
1390 2087 1426 2160 in
1452 2086 1602 2162 introitu
1627 2085 1722 2160 illius
1747 2086 1824 2160 saxi
1850 2087 1905 2161 io·

733 2207 813 2301 rati,
832 2229 855 2279 a
872 2210 1003 2299 sedere,
1028 2214 1067 2280 ut
1089 2229 1222 2302 parum
1244 2213 1364 2302 posset
1383 2205 1564 2300 respirare
1581 2226 1667 2280 cum
1685 2213 1781 2280 esset
1800 2206 1905 2281 vaide

732 2327 861 2421 lassus,
887 2349 1056 2420 appresso
1067 2348 1175 2420 porse
1193 2348 1216 2399 a
1234 2347 1287 2399 me
1313 2329 1490 2399 toccorto
1509 2345 1634 2419 passo,
1659 2325 1763 2419 quasi
1789 2325 1903 2400 dicat:

732 2447 931 2541 prudenter
947 2438 983 2541 (³)
1008 2455 1044 2522 et
1069 2454 1196 2542 aperte
1214 2445 1313 2522 venit
1338 2453 1375 2520 et
1400 2445 1491 2520 sedit
1502 2445 1610 2540 juxta
1632 2463 1702 2520 me.
1720 2445 1765 2518 Et
1781 2453 1904 2520 osten·

731 2567 783 2640 dit
807 2574 916 2641 autor
943 2567 1029 2661 quid
1055 2567 1181 2641 iecerit
1205 2566 1343 2662 positus
1369 2573 1473 2641 extra
1499 2566 1704 2659 internum3
1727 2566 1824 2640 unde
1848 2565 1904 2639 di-

732 2687 803 2760 cit:
830 2690 864 2759 to
881 2690 981 2759 tevai
1003 2689 1053 2778 pli
1077 2689 1184 2777 occdi,
1210 2707 1229 2758 c
1257 2688 1397 2758 credetti
1427 2688 1550 2758 uedme
1580 2689 1739 2778 temlero
1769 2687 1904 2758 com'io

732 2810 857 2879 l'coea
882 2809 1025 2899 lassato,
1051 2806 1196 2900 scilicet7
1214 2827 1300 2880 cum
1318 2806 1436 2900 capite
1453 2827 1614 2898 sursum,
1635 2826 1655 2878 e
1674 2809 1771 2879 oiddi
1789 2815 1904 2880 unere

732 2929 763 2999 lc
786 2927 971 3018 parntem
995 2949 1049 3017 ru,
1075 2945 1141 3021 per
1166 2925 1383 3021 oppositum,
1399 2931 1456 3000 'ox
1483 2945 1558 3019 quo
1584 2925 1700 3000 iactus
1721 2936 1776 3000 est
1797 2927 1904 3000 vaide

731 3046 971 3142 stupefactum
1000 3047 1097 3121 unde
1122 3045 1225 3123 dicit:
1248 3049 1356 3118 es'io
1380 3049 1520 3118 drumm·
1542 3049 1658 3120 adora
1677 3050 1902 3138 trooopttato,

720 3171 767 3241 ‘ia
791 3176 889 3259 pente
913 3189 1041 3259 grossa
1066 3169 1223 3259 ilpenst,
1250 3167 1406 3242 othone
1438 3167 1523 3240 dicit
1553 3187 1643 3262 gens
1669 3166 1786 3260 rudis;
1818 3187 1903 3240 nam

734 3288 870 3363 homini
904 3287 1085 3384 ignoranti
1117 3288 1211 3361 istud
1245 3287 1389 3362 videtur
1421 3286 1588 3362 mirabile
1602 3275 1651 3380 (⁸),
1679 3307 1752 3361 uon
1779 3297 1903 3363 tamen

729 3409 794 3482 uni
820 3408 1031 3503 philosopho
1059 3408 1115 3483 vel
1142 3409 1338 3503 astrologo,
1365 3409 1440 3481 imo
1466 3408 1611 3482 videtur
1636 3407 1734 3500 quod
1765 3407 1812 3482 de
1837 3427 1904 3482 ne·

729 3529 896 3603 cessitate
920 3534 1065 3623 oportet
1089 3528 1140 3601 sic
1158 3547 1249 3621 esse,
1268 3529 1296 3601 si
1314 3529 1422 3603 debet
1440 3528 1596 3602 transire
1615 3534 1795 3602 centrum.
1820 3527 1904 3602 ideo

729 3648 835 3722 dicit:
865 3649 924 3720 cte
954 3669 1026 3720 noo
1061 3649 1143 3720 vede
1174 3651 1259 3739 qual
1287 3669 1352 3720 cra
1382 3651 1410 3720 u
1428 3655 1540 3739 punto
1571 3649 1670 3721 ct'to
1706 3669 1795 3721 aueo
1815 3669 1903 3740 par-

729 3777 819 3859 scto,
845 3768 946 3862 idest,
973 3789 1058 3862 quae
1083 3788 1157 3843 non
1183 3769 1409 3863 recognoscit
1425 3760 1462 3858 (⁵)
1481 3766 1566 3862 quid
1588 3770 1631 3841 sit
1654 3775 1823 3844 centrum
1842 3771 1901 3845 vel

729 3887 926 3983 quomodo.
940 3929 990 3942 -
1002 3892 1129 3962 Levatt.
1154 3889 1219 3963 Hic
1245 3895 1354 3963 autor
1371 3889 1528 3963 ostendit
1544 3890 1702 3983 qualiter
1718 3897 1798 3985 pust
1816 3910 1902 3984 par-

729 4032 814 4085 vam
840 4009 1101 4104 quietationem
1119 4009 1288 4105 Virgilius
1306 4009 1528 4103 persuaserit
1543 4000 1579 4100 (ὅ)
1600 4009 1665 4083 sibi
1683 4030 1764 4085 esse
1780 3999 1817 4102 (⁷)
1840 4031 1901 4086 re-

729 4129 947 4222 cedendum,
974 4129 1072 4203 unde
1097 4129 1204 4202 dicit:
1231 4131 1359 4202 disse'l
1374 4137 1540 4219 maestro,
1558 4131 1661 4202 leuati
1681 4152 1722 4203 su
1740 4133 1778 4202 r'n
1800 4133 1900 4222 pede,

730 4249 835 4343 quasi
859 4249 976 4323 dicat:
1004 4271 1076 4324 non
1102 4249 1337 4344 estamplius
1363 4249 1421 4322 hic
1441 4245 1625 4343 standum,
1647 4269 1715 4324 nec
1740 4252 1898 4346 perden-

729 4371 817 4444 dum
844 4367 902 4442 hic
927 4375 1091 4464 tempus3
1117 4375 1155 4442 et
1180 4389 1266 4443 ecce
1291 4389 1461 4442 causam:
1485 4368 1571 4463 quia
1592 4371 1628 4442 lo
1655 4373 1711 4442 m'o
1735 4363 1756 4442 e'
1778 4373 1899 4461 turrpc,

730 4489 816 4585 quia
842 4496 978 4583 quanta
1003 4490 1061 4564 via
1086 4495 1142 4564 est
1166 4511 1188 4562 a
1214 4495 1341 4563 centro
1366 4509 1490 4584 supra,
1517 4496 1617 4564 tanta
1643 4497 1697 4565 cst
1722 4511 1745 4565 a
1770 4497 1898 4566 centro

729 4611 833 4704 inira,
859 4613 920 4684 e’r
941 4613 1114 4683 ccmmr'oo
1138 4607 1159 4684 e*
1183 4612 1373 4701 matvapto,
1400 4610 1486 4705 quia
1502 4600 1538 4702 (⁸)
1564 4611 1634 4685 iter
1658 4619 1713 4686 est
1733 4611 1901 4686 difficilli-

791 4796 818 4857 (¹)
835 4796 865 4844 E.
881 4795 1046 4844 laboriosum.

790 4873 817 4933 (¹)
834 4876 888 4932 116,
905 4872 1068 4921 extremitate
1084 4873 1204 4928 introitus
1221 4873 1291 4923 iiiios
1307 4873 1360 4922 saxi
1377 4871 1453 4924 fructi
1470 4873 1523 4924 sire
1540 4873 1624 4925 torutt.

792 4949 818 5010 (¹)
835 4949 864 4999 E.
881 4949 1022 5013 prudenter
1039 4949 1117 5000 venit.
1275 4949 1302 5011 (⁸)
1320 4950 1351 5000 Ε.
1369 4951 1534 5014 impossibiie.

792 5026 820 5088 (¹)
836 5027 865 5076 E.
882 5039 897 5075 e
913 5025 938 5076 S.
955 5027 1095 5089 cognoscit.
1277 5027 1303 5088 [⁸)
1322 5027 1352 5076 E.
1369 5029 1504 5090 percurrit.

793 5103 820 5170 θ)
837 5105 975 5168 ttm‘quod
991 5109 1065 5155 esset.
1278 5103 1304 5167 τ’)
1322 5109 1376 5164 tto,
1392 5105 1452 5168 quia
1469 5103 1649 5156 difficillimum
1665 5111 1705 5156 est
1722 5103 1836 5156 tendere.
