4526 6836
721 933 767 1000 'ld
1109 941 1313 1002 commum
1338 939 1489 1002 susurru

718 1107 809 1184 erga
837 1085 1008 1180 loeminae,
1040 1105 1125 1182 qum
1155 1095 1212 1164 est
1241 1087 1371 1185 frigida
1397 1086 1624 1180 naturaliter,
1649 1105 1735 1162 cum
1763 1086 1890 1182 recipit

719 1227 864 1302 sperma
876 1206 945 1280 viri
962 1207 1121 1282 calidum
1141 1207 1301 1284 maxime
1313 1207 1527 1284 delectatur.
1542 1208 1724 1282 Praeterea
1738 1205 1889 1282 loemina

721 1328 831 1404 babet
855 1327 1139 1404 instrumentum
1165 1347 1311 1424 semper
1336 1334 1518 1424 paratum,
1545 1326 1601 1402 vir
1626 1343 1716 1404 vern
1740 1345 1835 1419 uon,
1853 1331 1889 1402 et

720 1449 771 1524 sic
797 1449 864 1523 luit
893 1467 981 1523 vera
1012 1446 1190 1524 sententia
1219 1447 1400 1526 Thiresiae.
1427 1447 1480 1524 tu
1513 1447 1601 1522 illud
1631 1452 1758 1524 autem
1789 1444 1888 1540 quad

719 1567 851 1644 dicitur
883 1567 931 1642 de
961 1567 1191 1662 serpentibus
1225 1568 1443 1646 coeuntibus
1467 1573 1522 1644 est
1552 1566 1765 1660 notandum
1789 1566 1889 1660 quud

719 1687 897 1762 Thiresias
922 1685 1124 1782 figuraliter
1140 1686 1318 1783 accipitur
1334 1708 1402 1783 pro
1419 1692 1597 1782 tempore
1615 1687 1773 1780 Tempus
1788 1685 1888 1760 euim

720 1806 755 1878 in
781 1807 914 1901 hyeme
938 1805 1086 1900 quaudo
1110 1813 1211 1882 terra
1236 1806 1372 1903 frigore
1396 1805 1592 1882 constricta
1614 1797 1651 1897 (¹)
1678 1804 1778 1878 nulla
1803 1823 1888 1900 pru-

717 1925 818 2000 ducit
834 1925 985 2020 semina,
1004 1926 1148 2002 videtur
1166 1926 1271 2021 quasi
1294 1926 1434 2002 habere
1453 1927 1611 2001 sormam
1628 1923 1887 2019 masculinam3

717 2046 778 2122 sed
804 2045 1020 2122 adveniente
1041 2055 1130 2122 v'ere
1147 2046 1272 2122 videns
1298 2046 1468 2122 animalia
1484 2045 1653 2121 coeuntia
1670 2044 1827 2139 percutit
1842 2064 1887 2120 ea

717 2166 830 2263 virga,
856 2166 946 2241 idest
972 2165 1118 2242 fervore
1134 2165 1277 2255 caloris,
1293 2171 1331 2241 et
1351 2167 1402 2242 sic
1418 2165 1644 2242 convertitur
1658 2155 1694 2256 (²)
1714 2164 1751 2238 in
1768 2163 1886 2238 ioemi·

715 2305 813 2378 nam,
839 2284 924 2378 quia
951 2290 1051 2359 terra
1078 2290 1166 2359 tunc
1191 2285 1313 2380 incipit
1337 2305 1479 2381 parere
1506 2267 1546 2360 ln
1562 2291 1744 2360 autumno
1759 2288 1885 2358 autem

716 2403 851 2478 iterum
883 2403 1040 2497 percutit
1069 2403 1239 2478 animalia
1270 2404 1440 2480 meantia
1471 2424 1558 2480 cum
1589 2403 1707 2499 virga,
1741 2403 1832 2478 idest
1846 2393 1883 2493 (³)

718 2523 897 2618 rigiditate
923 2522 1079 2618 trigoris,
1106 2530 1143 2598 et
1166 2523 1218 2597 sic
1244 2523 1440 2602 revertitur
1458 2523 1494 2598 iu
1516 2523 1702 2618 pristinam
1727 2521 1883 2598 turmam

717 2641 967 2717 masculinam.
989 2642 1198 2716 Autumnus
1218 2642 1316 2718 euim
1333 2643 1383 2718 ita
1400 2643 1523 2718 omnia
1540 2641 1684 2738 stringit
1704 2652 1746 2719 ut
1761 2640 1885 2716 herba

563 2807 573 2828 .
711 2761 790 2855 jam
816 2760 1034 2854 moriantur,
1058 2760 1157 2836 succi
1189 2761 1367 2840 arborum
1394 2762 1635 2855 exsiccentur,
1660 2759 1744 2836 lolia
1760 2749 1797 2852 (⁸)
1822 2779 1885 2836 ca·

715 2880 813 2973 daut,
826 2885 869 2954 et·
876 2879 927 2954 sic
939 2887 1086 2976 tempus
1101 2881 1148 2954 ad
1162 2880 1278 2976 higus
1291 2881 1460 2977 hyemale
1474 2881 1670 2974 declinans,
1687 2879 1724 2954 iu
1737 2899 1885 2956 mascu-

714 2999 825 3074 linam
851 2999 1049 3076 revertitur
1072 3000 1311 3078 sterilitatem.
1338 3001 1439 3076 Beue
1463 3021 1553 3096 erge
1569 3000 1748 3076 Thiresias
1764 2999 1826 3074 dat
1844 2991 1881 3090 (⁵)

707 3119 900 3214 judicium,
925 3119 1012 3214 quia
1037 3121 1155 3194 multu
1181 3119 1261 3215 plus
1286 3119 1452 3194 humoris
1473 3139 1585 3215 quam
1610 3118 1741 3195 caloris
1757 3119 1882 3212 requi-

713 3239 807 3312 ritur
831 3239 869 3312 ln
893 3239 1120 3336 germinibus
1146 3238 1436 3335 multiplicandis.
1462 3239 1557 3314 luno
1573 3245 1699 3314 autem
1723 3257 1807 3330 quac
1827 3244 1882 3314 ert

713 3358 784 3432 dea
816 3358 912 3434 aeris
945 3358 1040 3434 bene
1073 3358 1205 3436 dicitur
1246 3359 1435 3434 obcaecare
1467 3357 1680 3451 Thiresiam,
1711 3357 1809 3451 quia,
1841 3366 1882 3434 ut

715 3477 882 3552 ridemus
906 3477 1079 3553 contiuno
1104 3476 1151 3552 de
1172 3477 1278 3569 lactu,
1298 3483 1443 3574 tempus
1462 3478 1671 3554 obcaecatur
1688 3477 1725 3550 in
1750 3478 1882 3574 hyeme

712 3598 882 3692 nubibus,
909 3597 1061 3690 nebulis,
1088 3596 1241 3691 nivibus,
1266 3597 1407 3692 pluviiS,
1434 3599 1483 3672 ita
1504 3597 1604 3693 quud
1620 3604 1765 3692 tempus
1782 3603 1882 3672 recle

713 3716 856 3794 videtur
876 3737 1028 3792 caecum.
1054 3715 1125 3790 Sed
1149 3716 1290 3812 Jupiter
1320 3717 1384 3811 qui
1416 3723 1472 3792 est
1504 3717 1580 3812 ipse
1609 3717 1710 3792 calar
1737 3714 1800 3791 dat
1832 3715 1881 3790 illl

712 3837 840 3912 lumen
863 3836 1044 3929 futurum,
1067 3835 1153 3929 quia
1180 3855 1253 3910 nou
1277 3836 1444 3912 obstante
1469 3836 1661 3933 frigiditate
1686 3841 1724 3912 et
1747 3835 1881 3910 ubscu-

712 3956 820 4032 ritate
849 3955 1018 4052 hyemali,
1044 3975 1236 4050 speramus
1267 3955 1409 4030 tructus
1440 3961 1616 4032 venturus
1647 3953 1879 4046 naturaliter3

711 4077 792 4152 ideo
808 4076 940 4152 dicitur
956 4075 1097 4152 dedisse
1110 4075 1281 4152 Thiresiae
1297 4075 1485 4152 scientiam
1502 4076 1735 4152 futurorum:
1756 4085 1879 4154 tamen

709 4196 882 4292 quicquid
906 4195 1067 4294 llugatur
1091 4195 1138 4272 de
1162 4195 1335 4290 Thiresia,
1361 4196 1438 4292 ipse
1463 4195 1531 4270 luit
1547 4195 1732 4270 maximus
1755 4213 1878 4288 augur

710 4317 907 4410 thebanus;
939 4337 1038 4410 nam,
1068 4325 1109 4391 ut
1142 4322 1242 4412 patet
1274 4315 1372 4410 apud
1407 4316 1576 4410 Statim
1606 4315 1683 4410 ipse
1713 4313 1878 4410 predixit

710 4439 827 4514 multa
851 4436 976 4513 lutura
1001 4434 1038 4508 in
1063 4434 1137 4510 vita
1161 4455 1230 4510 sua
1255 4434 1331 4508 suis
1356 4435 1532 4530 thebanis,
1555 4445 1593 4513 et
1613 4441 1693 4530 pust
1719 4444 1877 4512 mertem

709 4556 824 4630 multa
859 4552 1023 4650 praedixit
1053 4552 1158 4649 Ulyxi
1193 4553 1231 4630 in
1262 4553 1428 4648 iulern03
1463 4573 1581 4648 quare
1605 4553 1739 4632 merito
1768 4559 1878 4629 autor

707 4685 831 4752 noster
860 4673 962 4770 ponit
996 4673 1116 4768 ipsum
1153 4679 1233 4768 post
1268 4672 1543 4768 Amphiaraum,
1578 4673 1668 4770 quia
1699 4673 1878 4750 Thiresias

708 4795 838 4870 claruit
863 4793 993 4867 Thebis
1019 4799 1185 4887 tempore
1218 4792 1301 4868 belli
1337 4793 1495 4888 thebani,
1521 4795 1559 4868 in
1583 4813 1660 4888 quo
1689 4792 1786 4867 bello
1810 4791 1878 4865 luit

770 4981 799 5046 (¹)
815 4981 845 5032 n
861 4980 1054 5034 accumulata
1068 4984 1097 5032 at
1111 4977 1192 5031 nulla.
1258 4978 1286 5040 ε’)
1302 4979 1334 5030 n.
1350 4993 1366 5031 e
1383 4984 1436 5040 tte,
1454 4982 1573 5033 nrtltnr.

769 5059 796 5122 ς’)
812 5057 842 5108 a.
859 5057 925 5108 idest
941 5069 1002 5108 cum
1018 5055 1155 5122 rlglditatc.
1259 5055 1286 5120 d)
1302 5057 1333 5109 lh
1349 5062 1375 5110 at
1392 5057 1453 5110 rom
1468 5058 1574 5110 edunt.
1660 5057 1689 5120 (¹)
1705 5057 1736 5108 n
1752 5055 1831 5107 leth.
