4550 6844
695 989 835 1045 caurus
858 985 1074 1042 xnldnsmtts
1098 983 1241 1039 narnus.
1479 969 1549 1037 Aba

380 1136 509 1213 divisio
532 1135 726 1211 labiorum.
752 1135 798 1208 Et
821 1135 901 1208 baec
925 1137 980 1208 est
1005 1127 1157 1205 intentio
1180 1125 1321 1202 autoris
1347 1147 1459 1221 quam
1487 1146 1552 1200 ex·

381 1275 506 1354 presse
522 1254 624 1351 ponit
640 1253 676 1328 in
696 1254 812 1330 litera.
831 1253 875 1326 Et
893 1251 993 1348 ponit
1018 1247 1321 1326 exclamationem
1349 1246 1553 1342 exprobra·

382 1378 494 1452 livam
515 1373 654 1472 Virgilii
674 1380 800 1448 contra
826 1373 1025 1469 gigantem,
1051 1369 1196 1445 dicens:
1222 1369 1256 1441 el
1279 1369 1369 1440 duca
1394 1369 1465 1439 mio
1489 1386 1553 1440 ver

383 1499 444 1590 lui,
459 1495 588 1590 supple
612 1493 720 1568 dixit:
748 1513 770 1566 o
795 1495 916 1566 naimo
936 1495 1084 1582 sabuco,
1101 1489 1164 1585 qui
1191 1509 1270 1564 rem
1297 1493 1372 1562 tam
1394 1487 1550 1561 arduam

383 1625 459 1691 tam
477 1622 620 1690 temere
636 1611 812 1708 incoepisti
823 1606 875 1707 (¹),
892 1615 987 1686 dena
1001 1613 1058 1684 col
1071 1631 1196 1700 comm,
1212 1628 1299 1684 cum
1323 1629 1399 1702 quo
1416 1607 1551 1703 pulsas,

382 1755 492 1811 econ
516 1734 595 1826 puel
618 1731 943 1826 subsequium,
966 1729 1125 1805 redimas
1150 1729 1316 1822 luporem
1342 1734 1450 1802 tuum
1477 1745 1553 1820 quo

383 1853 606 1947 accenderis,
631 1855 773 1945 quondo
796 1855 869 1944 ira,
887 1871 972 1947 quse
997 1856 1051 1926 est
1075 1848 1243 1926 accensio
1259 1847 1446 1945 sanguinis
1460 1838 1510 1940 (ἢ,
1532 1867 1554 1920 ο

384 1979 480 2050 altra
498 1976 660 2068 passion,
685 1973 780 2049 sicut
803 1971 1012 2068 indignatio,
1029 1969 1144 2064 furor,
1163 1973 1188 2044 li
1208 1977 1320 2060 toccu,
1338 1969 1441 2062 quasi
1458 1969 1556 2047 dicat

385 2095 423 2169 in
440 2092 585 2187 ellectu,
603 2098 689 2167 tona
706 2097 850 2167 tantum
868 2111 971 2184 voce,
994 2089 1165 2186 superbe,
1183 2089 1270 2184 quia
1288 2089 1421 2186 ligatus
1443 2109 1493 2164 es.
1512 2089 1556 2164 Et

385 2215 610 2310 improperat
634 2213 701 2286 sibi
727 2231 875 2306 poenam
901 2210 1094 2307 specialem
1117 2210 1175 2284 sui
1198 2215 1236 2286 et
1257 2215 1479 2285 ceterorum
1499 2210 1556 2306 gi-

385 2341 553 2431 gantum,
578 2331 716 2406 scilicet
740 2331 896 2406 vincula.
922 2330 976 2404 Ad
996 2330 1103 2404 cuius
1123 2328 1397 2426 intelligentiam
1417 2335 1473 2404 est
1489 2350 1557 2404 nu-

388 2452 541 2529 tandum
567 2450 666 2545 quod
689 2457 800 2524 autor
824 2450 888 2524 dat
910 2448 1119 2546 gigantibus
1144 2448 1373 2524 verissimam
1390 2469 1557 2544 poenam3

388 2571 492 2668 tingit
516 2570 614 2644 enim
641 2570 742 2664 quod
769 2578 856 2644 sunt
884 2569 996 2666 ligati.
1022 2569 1099 2644 lloc
1127 2577 1255 2644 autem
1289 2569 1423 2667 ligurat
1458 2568 1558 2662 quod

388 2691 446 2765 isti
472 2689 620 2785 superbi
645 2693 822 2786 potentes,
841 2690 905 2785 qui
922 2689 1093 2764 videntur
1117 2688 1307 2764 liberiores
1326 2688 1406 2764 aliis
1429 2696 1468 2763 et
1493 2689 1560 2764 ba·

389 2809 480 2886 bere
504 2809 720 2905 ampliorem
748 2815 965 2906 potestatem
990 2831 1103 2906 super
1127 2809 1229 2905 alius,
1255 2819 1341 2886 sunt
1366 2810 1462 2885 servi
1488 2810 1560 2884 im-

389 2935 568 3026 potentes
590 2930 676 3024 quia
701 2929 802 3028 ligati
826 2935 913 3004 sunt
932 2929 1072 3004 catenis
1090 2929 1275 3006 vitiorum.
1298 2929 1401 3004 Unde
1425 2929 1560 3026 Dioge·

390 3070 456 3125 nes
481 3048 631 3146 cynicus
659 3049 864 3145 appellabat
897 3047 1145 3124 Alexandrum
1172 3069 1364 3146 magnum,
1390 3049 1561 3144 quamvis

391 3168 694 3266 potentissimum,
709 3189 860 3244 servum
882 3187 1076 3243 servorum
1091 3159 1142 3262 (³),
1160 3167 1335 3265 quoniam
1356 3169 1562 3244 Alexander

392 3295 474 3364 erat
497 3287 664 3362 subditus
688 3286 875 3382 ritiomm,
893 3307 978 3382 quae
1002 3288 1080 3384 ipse
1096 3287 1277 3384 Diogenes
1301 3288 1509 3364 subiecerat
1523 3277 1561 3382 (⁸)

392 3407 460 3482 sibi
492 3406 628 3482 virtute
666 3428 757 3501 sua;
788 3406 886 3481 unde
920 3408 1011 3484 tales
1044 3427 1119 3481 nun
1150 3406 1324 3482 dillerunt
1356 3428 1379 3482 a
1413 3407 1564 3503 captivis

392 3526 461 3600 nisi
485 3525 584 3621 qued
609 3525 770 3622 ligantur
796 3525 932 3600 catenis
956 3527 1091 3621 aureis,
1118 3524 1167 3600 illi
1192 3545 1282 3601 vero
1307 3526 1446 3601 terreis.
1473 3525 1566 3602 llicit

392 3665 484 3740 ergo
509 3643 703 3740 Virgilius:
729 3647 859 3718 cuculi
882 3647 922 3718 cl
942 3647 1032 3719 collo
1056 3667 1076 3718 c
1100 3649 1257 3720 benaci
1276 3648 1313 3719 lc
1336 3667 1439 3740 supa,
1461 3645 1565 3743 idest,

394 3764 556 3859 cordam,
583 3765 641 3840 vel
666 3763 806 3860 lunam,
830 3767 891 3839 cle
907 3768 933 3839 ’l
956 3768 1022 3839 lien
1048 3768 1166 3857 lipom
1197 3767 1326 3842 Nonne
1356 3768 1562 3844 Alexander

395 3883 458 3976 qui
479 3881 647 3957 vincebat
672 3889 726 3957 tot
752 3883 862 3958 millia
888 3884 1080 3957 bominum
1098 3905 1173 3958 uno
1189 3885 1331 3981 proelio,
1351 3887 1566 3962 vincebatur

394 4021 471 4075 nno
488 4001 624 4096 scypbo
641 4000 715 4074 vini
732 4008 769 4076 et
785 4023 901 4097 parva
917 4002 997 4077 irai
1015 4024 1036 4076 o
1053 4006 1174 4076 arama
1191 4009 1353 4099 confina,
1370 4006 1456 4100 quia
1474 4007 1568 4082 sicut

395 4120 464 4196 luit
488 4139 599 4194 causa
624 4119 845 4195 contusionis
869 4121 1093 4218 linguarum,
1118 4122 1168 4197 ita
1192 4124 1229 4197 in
1254 4145 1295 4200 se
1321 4124 1453 4200 merito
1478 4146 1568 4200 con-

396 4240 500 4315 tusus
525 4245 592 4334 est,
609 4245 646 4314 et
670 4239 774 4314 dicit:
800 4263 819 4314 c
843 4243 922 4316 vadi
945 4244 1006 4334 Μ,
1025 4241 1162 4318 scilicet
1186 4242 1306 4338 ipsum
1327 4264 1457 4340 cornu,
1474 4247 1571 4319 cle'l

397 4382 494 4456 praa
512 4367 606 4456 petto
632 4363 658 4434 ti
681 4363 790 4454 dopa,
807 4361 908 4456 idest,
926 4361 1057 4458 signat,
1078 4362 1165 4457 qnia
1191 4364 1339 4439 tenebat
1361 4385 1479 4440 cornu
1504 4385 1570 4461 per

399 4487 651 4558 tramversum
670 4481 984 4576 pectoris—Pei.
1002 4481 1068 4556 llic
1083 4489 1193 4557 autor
1210 4483 1367 4560 ostendit
1383 4486 1570 4579 quomodo

398 4601 570 4699 Virgilius
592 4600 880 4676 manifestaverit
895 4601 963 4677 sibi
980 4602 1195 4677 nominatim
1216 4603 1354 4679 dictum
1371 4606 1569 4704 gigantem.

398 4719 453 4794 Ad
478 4721 585 4795 cuius
609 4721 855 4817 cognitionem
875 4721 988 4798 debes
1007 4721 1231 4817 scire,'quod
1256 4724 1324 4799 iste
1349 4725 1490 4820 primus
1514 4725 1571 4824 gi·

399 4859 465 4936 gas
490 4839 690 4914 Nembrotb
716 4842 783 4914 luit
814 4842 871 4916 vir
904 4841 1077 4916 robustus
1109 4842 1292 4919 venationi
1326 4845 1480 4942 deditus,
1507 4846 1569 4941 qui

463 5025 490 5086 t¹l
507 5029 560 5086 ¹¹⁸,
578 5026 784 5088 nenena-n.
801 5028 908 5091 willit-
1032 5026 1061 5088 l'r
1078 5028 1108 5077 E.
1126 5029 1341 5092 eorumbene·
1356 5043 1412 5092 eor,
1429 5046 1444 5080 n
1459 5031 1535 5082 clarc

463 5099 489 5164 (Ἰ
505 5099 531 5151 S.
547 5113 562 5150 a
579 5099 608 5150 li.
625 5113 760 5152 nemorum
776 5115 893 5152 suorum.
1030 5101 1061 5162 (⁸)
1079 5105 1132 5163 llo,
1148 5103 1308 5157 cubitalebrr.

532 5207 563 5252 1¹·
1410 5215 1438 5260 ao
