4526 6836
722 999 862 1056 caurus
886 998 1042 1054 oscarus
1067 997 1197 1052 nouus.
1491 985 1536 1052 lll

316 1217 319 1223 .
365 1145 401 1220 in
418 1147 493 1239 quo
516 1143 625 1218 habet
642 1144 1005 1239 suam'scpultnram,
1023 1141 1147 1218 etalio
1164 1140 1459 1236 superveniente,
1476 1142 1537 1216 ille

363 1266 566 1358 subintratp
586 1271 624 1339 ct
656 1264 705 1340 ita
733 1259 926 1338 cardinalis
951 1265 1062 1340 habet
1090 1283 1213 1358 suum,
1243 1263 1537 1358 archiepiscopus

363 1406 487 1479 sunm,
512 1383 719 1479 patriarcha
743 1395 867 1477 suum,
885 1389 922 1458 et
946 1383 996 1460 ita
1021 1383 1223 1479 episcopus,
1241 1383 1365 1477 apbas,
1392 1402 1536 1479 praepo·

362 1506 465 1600 situs,
490 1511 528 1578 ct
551 1503 602 1598 ita
627 1502 674 1578 de
698 1501 841 1578 caeteris
865 1522 985 1597 usque
1004 1503 1051 1577 ad
1070 1503 1271 1598 simplicem
1293 1493 1534 1596 sacerdotem,

363 1625 449 1718 qnia
473 1623 533 1699 lric
556 1629 612 1698 est
635 1621 683 1697 de
707 1623 807 1696 omni
833 1641 972 1718 genere
997 1623 1249 1717 sacerdotum3
1268 1629 1306 1698 et
1329 1623 1423 1697 sicul
1439 1623 1535 1697 inter

362 1745 532 1840 praelatcs
556 1741 747 1818 haereticos
773 1762 847 1816 non
871 1742 956 1817 iecit
980 1742 1204 1817 mentionem
1236 1742 1303 1817 nisi
1327 1743 1373 1817 de
1399 1762 1535 1848 magno

363 1863 551 1940 sacerdote
576 1863 775 1957 Anastasio,
802 1862 851 1936 ita
877 1881 975 1938 nunc
1000 1861 1096 1937 inter
1120 1863 1328 1938 sacerdotes
1360 1863 1534 1939 simonia-

364 2004 425 2059 cos
443 2003 515 2057 non
531 1983 696 2058 nominet
713 1982 780 2056 nisi
796 1981 939 2076 aliquos
957 2001 1123 2058 summos
1140 1981 1338 2077 pontifices,
1352 1989 1395 2056 ut
1409 1989 1534 2058 osten-

362 2103 424 2178 dat
448 2109 628 2198 quantum
653 2102 809 2178 avaritia
834 2107 952 2197 potest
977 2101 1014 2175 in
1038 2101 1129 2176 alios
1150 2101 1298 2196 qnando
1315 2101 1399 2176 lacit
1423 2108 1534 2196 caput

363 2224 411 2298 ita
437 2223 606 2318 delirare,
624 2229 662 2298 et
686 2243 772 2297 cnm
799 2227 909 2318 caput
933 2222 1032 2297 dolet
1057 2229 1191 2316 catera
1218 2221 1386 2296 membra
1403 2214 1438 2315 (¹)
1466 2221 1533 2296 dc-

362 2345 437 2418 lent
461 2343 519 2418 vel
545 2344 738 2440 languent3
765 2340 850 2416 iacit
874 2341 983 2417 etiam
1012 2340 1110 2436 quod
1128 2361 1224 2416 unus
1245 2361 1402 2438 magnus
1421 2341 1534 2416 simo-

361 2462 488 2537 niacus
513 2461 679 2537 nominat
702 2461 804 2555 alios,
835 2459 922 2555 qnia
948 2462 1125 2537 meretrix
1151 2463 1335 2557 cognoscit
1360 2463 1534 2537 meretri-

360 2601 455 2676 cem,
490 2587 527 2656 et
563 2581 663 2656 illam
702 2580 918 2655 manifestat.
945 2621 994 2651 -,-
1017 2585 1079 2653 Μα
1110 2573 1183 2673 piu.
1223 2581 1328 2655 Nunc
1364 2580 1533 2655 Nicolaus

360 2701 522 2797 praedicit
545 2699 659 2798 alium
685 2699 891 2796 pontificem
919 2700 1160 2776 simoniacum
1181 2706 1430 2794 sequuturum
1451 2710 1533 2796 post

361 2820 596 2896 Boniiacium.
627 2821 670 2894 lit
699 2821 746 2895 ad
778 2820 1021 2916 cognitionem
1054 2821 1157 2895 istius
1187 2826 1332 2916 oportet
1362 2804 1547 2918 prescire*

360 2943 507 3038 longam
532 2941 735 3036 historiam,
759 2961 871 3035 quam
908 2960 981 3015 non
1013 2962 1161 3037 possum
1193 2962 1327 3037 magna
1351 2941 1531 3016 brevitate

360 3062 617 3159 perstringere,
648 3082 695 3137 ne
724 3061 842 3136 dicam
874 3081 961 3136 cum
989 3061 1163 3138 Horatio:
1198 3065 1282 3136 Cum
1313 3039 1427 3135 draco
1458 3083 1531 3135 ecce

359 3182 483 3255 ludoro
507 3182 674 3255 edemus
694 3183 755 3274 fio.
781 3181 854 3255 Res
879 3199 969 3276 ergo
988 3180 1040 3255 sic
1056 3200 1096 3255 se
1121 3181 1250 3256 nabet:
1268 3187 1350 3276 post
1370 3187 1528 3255 mortam

359 3301 529 3377 Boniiacii
554 3302 694 3377 eiectus
711 3301 778 3376 init
794 3321 886 3396 papa
907 3299 1124 3376 Benedictus
1144 3301 1192 3375 xl
1208 3300 1255 3378 de
1274 3301 1447 3395 Terrisio,
1466 3300 1531 3398 qni

359 3421 480 3516 iuerat
503 3421 617 3496 irater
641 3420 869 3516 predicator,
887 3439 1000 3514 quem
1018 3421 1223 3496 Boniiaeius
1247 3421 1385 3497 iecerat
1412 3420 1532 3496 cardi-

357 3543 477 3618 nalem
496 3547 646 3637 propter
663 3539 838 3615 virtutem
865 3545 903 3614 et
928 3539 1116 3616 scientiam
1134 3562 1259 3636 suam;
1286 3541 1349 3636 qui
1375 3541 1466 3615 vixit
1490 3539 1528 3616 in

357 3667 491 3757 papatu
510 3661 630 3736 solum
651 3666 734 3735 octo
753 3659 940 3734 mensibus
956 3680 1043 3756 cum
1070 3659 1229 3755 dimidio,
1256 3661 1342 3755 quia
1357 3651 1395 3752 (²)
1407 3661 1528 3734 bonus

227 3793 231 3802 '
357 3788 448 3875 erat,
483 3800 570 3855 narn
604 3778 787 3855 extinctus
819 3785 875 3855 est
915 3799 1069 3874 veneno,
1100 3787 1141 3855 ut
1170 3781 1319 3875 quidam
1345 3781 1528 3856 dixerunt.

357 3901 499 3975 Mortuo
515 3899 711 3974 Benedicto
729 3905 766 3974 ct
783 3900 925 3994 sepulto
942 3899 1095 3994 Perusii,
1110 3921 1243 3997 magna
1261 3899 1440 3975 discordia
1458 3900 1524 3974 lnit

357 4020 452 4094 inter
482 4018 692 4095 maledictos
724 4019 939 4095 cardinales.
965 4021 1078 4094 Erant
1108 4021 1206 4096 enim
1240 4019 1343 4096 divisi
1369 4021 1406 4096 in
1436 4021 1528 4096 duas

357 4145 476 4214 sectas
497 4139 601 4234 quasi
626 4140 808 4234 aqualem
825 4139 991 4214 etunius
1016 4145 1097 4214 erat
1122 4146 1231 4235 caput
1247 4138 1417 4214 dominus
1434 4141 1525 4215 Mat·

355 4259 474 4332 tlraens
486 4257 635 4334 liabens
651 4258 698 4334 de
714 4257 852 4334 Ursinis
868 4277 955 4332 cum
968 4256 1117 4334 domino
1130 4259 1323 4334 Francisco
1335 4259 1477 4334 Gatanc
1487 4251 1524 4352 (³)

355 4385 486 4473 nepote
510 4377 701 4471 Boniiacii3
721 4385 759 4454 et
782 4377 934 4453 alterius
950 4384 1031 4454 erat
1048 4377 1216 4475 princeps
1235 4378 1406 4454 dominus
1430 4380 1526 4456 Nca·

355 4485 459 4593 pelen
471 4498 517 4575 de
531 4498 668 4574 Ursinis
684 4498 731 4573 de
746 4500 879 4593 Monte,
892 4505 930 4573 et
946 4497 1139 4574 cardinalis
1151 4500 1321 4575 Nicolans
1338 4499 1384 4576 de
1401 4500 1524 4594 Prato,

315 4631 320 4640 ·
355 4618 418 4711 qui
434 4618 556 4694 luerat
580 4618 694 4694 irater
719 4617 948 4714 predicator,
966 4618 1024 4693 vir
1042 4639 1186 4715 magnae
1203 4619 1364 4694 scientiae
1388 4626 1426 4695 et
1451 4621 1528 4694 sin-

202 4727 208 4739 '
352 4737 491 4832 gularis
512 4737 727 4833 prudentiae,
745 4737 810 4832 qui
825 4737 972 4813 volebat
990 4757 1127 4833 ponere
1140 4725 1178 4829 (⁸)
1197 4738 1461 4814 Columnenses
1489 4739 1527 4814 in

414 5019 441 5080 l¹t
454 5019 489 5081 S..
505 5020 536 5072 B.
550 5034 567 5072 e
584 5025 638 5083 lle,
654 5021 772 5074 memtn
788 5021 920 5086 unguent.
989 5017 1017 5082 l¹t
1034 5019 1065 5072 R
1081 5020 1127 5084 qul
1143 5019 1226 5072 bonne
1240 5026 1306 5082 eret,
1322 5027 1347 5074 et
1364 5022 1503 5074 erttnelne.

412 5096 440 5162 (Ἴ
456 5097 487 5148 ll.
503 5097 638 5166 lindum
991 5095 1018 5160 ς’)
1034 5095 1069 5154 S..
1086 5097 1118 5148 Ε.
1133 5109 1150 5147 e
1167 5100 1221 5158 llo,
1238 5111 1375 5162 reponere.

484 5204 514 5250 ll.
530 5201 538 5220 ‘
1374 5207 1387 5249 l
