4550 6844
686 890 758 958 418
1077 902 1281 960 commun
1306 905 1458 962 nrrsnrn

685 1045 754 1122 ritu
779 1046 913 1124 timens
937 1046 1005 1122 sihi
1037 1053 1075 1123 et
1099 1046 1205 1123 alteri
1231 1046 1315 1143 tilio,
1341 1049 1405 1142 qui
1436 1048 1639 1124 vocabatur
1662 1049 1859 1144 Melicerta,

684 1164 829 1264 lugiens
853 1165 1089 1263 precipitavit
1120 1187 1161 1242 se
1194 1167 1231 1242 in
1262 1187 1377 1244 mare
1408 1169 1513 1245 Nunc
1544 1167 1591 1244 ad
1620 1170 1765 1246 literam
1795 1170 1861 1246 de-

684 1285 831 1379 scendo,
856 1292 894 1362 et
917 1285 1010 1380 dico,
1031 1286 1130 1380 quod
1146 1293 1256 1361 autor
1280 1288 1397 1384 tangit
1416 1288 1651 1386 singulariter
1671 1291 1783 1367 istum
1800 1292 1860 1367 lu-

685 1423 810 1481 rorem
836 1405 1007 1480 ultimum
1031 1406 1283 1482 detestabilem
1309 1406 1417 1482 nimis
1442 1408 1479 1482 in
1509 1409 1626 1506 litera,
1652 1431 1766 1506 quam
1795 1429 1859 1486 or-

682 1525 768 1600 dina
783 1524 855 1600 sic:
873 1531 1070 1618 lemane,
1091 1546 1205 1622 nepos
1218 1521 1254 1620 (¹)
1274 1527 1414 1623 Cadmi,
1428 1530 1574 1604 divom
1595 1537 1692 1606 rouo
1716 1534 1857 1622 marro,

682 1645 785 1741 idest,
810 1646 982 1741 furiosus,
1007 1649 1067 1721 cle
1098 1649 1276 1740 oeppmdo
1308 1651 1346 1721 la
1375 1653 1515 1741 moph'a,
1545 1649 1686 1748 inipso
1717 1651 1855 1746 lurore,

681 1770 802 1842 asdor
825 1775 971 1842 cornato
995 1770 1045 1842 da
1068 1771 1234 1842 otusouoo
1258 1789 1366 1842 ntooo
1391 1790 1458 1844 ooo
1481 1773 1549 1846 doe
1569 1774 1659 1864 fiph',
1676 1772 1763 1868 quia
1788 1791 1856 1869 ge-

680 1887 801 1964 stahut
826 1905 943 1962 unum
961 1908 983 1963 a
1003 1886 1330 1982 dextris,alterum
1347 1909 1370 1964 a
1390 1888 1554 1985 sinistris,
1579 1891 1674 1966 lorte
1692 1896 1733 1965 ut
1748 1897 1854 1987 pater

677 2007 917 2104 applauderet
942 2007 1033 2102 liliis,
1057 2002 1177 2100 qoud,
1193 2008 1327 2084 ductus
1352 2009 1490 2104 lurore,
1511 2013 1662 2086 eodum
1680 2013 1712 2084 te
1734 2003 1853 2084 relisi

677 2129 776 2202 elt'to
795 2130 887 2220 ptpti
909 2131 947 2202 to
971 2131 1134 2220 lenum,
1155 2127 1257 2223 idest,
1281 2128 1433 2206 Inonem
1457 2150 1615 2206 uxorem
1628 2121 1665 2224 (¹)
1686 2151 1770 2225 quae
1795 2128 1852 2206 ri-

677 2247 834 2324 debatur
851 2249 918 2324 sihi
938 2256 1040 2325 reote
1064 2248 1192 2345 lesem,
1217 2270 1238 2322 e
1260 2251 1275 2322 i
1299 2252 1447 2342 teoooo,
1464 2249 1567 2344 idest,
1585 2250 1676 2326 lilios
1701 2251 1792 2346 otus,
1813 2254 1853 2326 ot

678 2389 801 2459 ooroo,
821 2369 923 2463 idest,
947 2367 995 2444 ad
1021 2368 1169 2462 vadum,
1192 2369 1238 2444 ad
1264 2388 1431 2464 passum,
1452 2375 1489 2446 et
1514 2369 1609 2446 inter
1634 2371 1710 2468 ipsa
1736 2370 1850 2447 verba

677 2487 854 2585 prooessit
876 2487 924 2563 ad
948 2487 1086 2562 laetum
1101 2479 1151 2580 (³).
1178 2487 1279 2564 Unde
1299 2487 1409 2563 dicit:
1434 2510 1453 2562 e
1472 2492 1539 2582 poi
1553 2491 1676 2564 deese
1691 2494 1706 2564 i
1721 2492 1851 2584 displa-

678 2610 740 2682 toti
755 2610 888 2698 ortipli,
905 2606 1008 2700 idest,
1026 2605 1156 2702 impios
1172 2606 1303 2704 digitos
1323 2615 1520 2706 unguatos,
1533 2612 1741 2702 prendendo
1756 2613 1780 2683 t'
1789 2629 1850 2700 uo,

677 2727 811 2802 scilieet
835 2727 963 2821 filium,
980 2729 1032 2802 ol'
1044 2748 1133 2802 aveo
1153 2747 1255 2801 nome
1271 2731 1419 2820 aaron,
1436 2749 1455 2801 e
1473 2731 1617 2821 rotoilo,
1637 2728 1676 2804 in
1697 2728 1849 2804 modum

676 2847 809 2942 lundae,
834 2869 854 2921 e
874 2851 1071 2940 poroosselo
1095 2850 1146 2922 nd
1165 2867 1213 2922 uo
1229 2867 1330 2922 sasso
1344 2835 1395 2943 (⁸),
1413 2868 1461 2928 en
1482 2869 1557 2942 quo
1577 2849 1730 2925 faciliter
1750 2870 1850 2925 mor-

676 2974 764 3042 tuus
780 2974 853 3062 est;
878 2988 899 3040 e
922 2969 1048 3060 welto,
1066 2967 1201 3042 seilicet
1218 2969 1295 3062 lno,
1311 2960 1467 3060 saoepd
1487 2989 1554 3042 ooo
1579 2971 1708 3044 toruo
1724 2990 1845 3061 ooroo,

674 3087 776 3184 idest,
802 3109 890 3164 oum
914 3089 987 3166 alio
1013 3088 1086 3164 lilio
1111 3088 1305 3164 llelioerta.
1331 3090 1376 3164 Et
1400 3090 1471 3165 hoc
1495 3095 1551 3165 est
1575 3107 1707 3166 rerum
1731 3088 1847 3164 histo-

674 3208 762 3303 rice,
779 3209 843 3284 sed
859 3200 896 3301 (⁵)
913 3207 1056 3304 poetice
1080 3210 1156 3304 lno,
1174 3213 1317 3283 mutato
1343 3209 1503 3303 nomine,
1526 3227 1703 3284 conversa
1728 3215 1784 3284 est
1808 3208 1846 3291 in

657 3318 780 3404 ¹deam
807 3315 1002 3422 marinam,
1027 3349 1112 3424 quae
1139 3328 1237 3404 dicta
1269 3335 1326 3404 est
1354 3330 1575 3424 Leucothoe,
1601 3340 1640 3407 et
1664 3329 1846 3410 helimna

673 3467 875 3524 conversus
899 3453 954 3524 est
979 3448 1016 3522 in
1039 3447 1153 3523 deum
1183 3447 1383 3543 marinum,
1408 3455 1446 3524 et
1471 3459 1624 3526 vocatus
1655 3453 1710 3524 est
1740 3449 1847 3528 Pole-

674 3585 773 3640 mon.
799 3569 842 3642 ht
867 3573 966 3662 nota,
991 3567 1117 3659 lector,
1143 3566 1242 3662 quod
1267 3567 1378 3642 oredo
1403 3567 1513 3643 istum
1544 3567 1709 3644 turonem
1734 3565 1846 3642 luisse

673 3708 818 3782 rerum,
841 3692 921 3763 tum
947 3687 1034 3788 quia
1058 3687 1183 3784 magni
1199 3687 1396 3783 scriptores
1412 3693 1553 3783 ponunt
1569 3687 1639 3762 hoc
1654 3707 1722 3790 pro
1742 3705 1845 3780 vero,

673 3815 753 3884 tum
779 3808 863 3903 quia
890 3807 1025 3886 similes
1042 3807 1188 3882 furores
1213 3813 1250 3882 et
1277 3807 1436 3884 maiores
1460 3814 1497 3884 ot
1521 3807 1665 3904 peiores
1680 3797 1718 3900 (⁶)
1748 3826 1846 3902 sepe

671 3929 893 4005 aeciderunt
919 3929 1013 4004 Nam
1038 3947 1113 4002 non
1137 3933 1223 4002 sunt
1256 3927 1359 4002 multi
1389 3928 1475 4002 anui
1505 3927 1718 4026 exquibus
1748 3945 1846 4002 unus

670 4048 879 4124 incivitate
903 4047 1050 4142 Paduae,
1075 4045 1298 4140 nescioquo
1327 4046 1456 4124 lurore
1486 4048 1658 4148 agilum,
1683 4046 1845 4122 trucida·

670 4167 722 4242 vit
748 4188 822 4244 uno
848 4168 985 4262 impetu
1004 4165 1139 4242 luroris
1160 4185 1331 4261 uxorem,
1349 4165 1441 4242 lilios
1457 4173 1496 4244 et
1520 4173 1639 4243 totam
1656 4165 1842 4242 familiam.

669 4289 714 4363 Et
736 4287 823 4364 dicit
846 4295 956 4363 autor
981 4286 1081 4381 quod
1106 4285 1174 4362 iste
1193 4285 1299 4362 luror
1317 4285 1546 4366 Athamantis
1563 4287 1641 4380 luit,
1659 4288 1717 4359 nel
1729 4291 1843 4376 tempo

667 4411 728 4483 olto
751 4414 889 4484 Juoorre
912 4428 976 4481 era
1000 4408 1190 4497 mosara,
1216 4404 1319 4500 idest,
1344 4405 1449 4502 irata,
1467 4404 1663 4502 indignata,
1680 4405 1845 4478 contre't

667 4549 802 4619 saonae
825 4528 963 4619 moon,
988 4525 1090 4621 idest,
1116 4531 1244 4602 ooutra
1275 4525 1492 4626 sauguinem
1520 4524 1657 4616 Cadmi,
1683 4521 1747 4618 qui
1772 4521 1841 4597 luit

667 4655 777 4723 autor
791 4637 830 4739 (⁷)
854 4646 1077 4739 Thebarum,
1096 4666 1165 4738 per
1189 4647 1332 4740 Semele,
1357 4643 1459 4738 idest,
1486 4649 1635 4738 propter
1667 4641 1839 4716 iniuriam

730 4861 759 4922 (“)
773 4859 805 4910 Ε.
821 4873 909 4924 gener.
1017 4856 1045 4922 (“)
1062 4858 1093 4908 Ε.
1109 4859 1156 4908 lno
1173 4870 1282 4911 uxorem
1298 4869 1381 4917 mum,
1398 4869 1466 4921 qna.
1574 4853 1602 4917 (·)
1618 4853 1650 4904 lt.
1665 4855 1763 4904 selom.

729 4935 1035 5000 (pharphensem
1052 4947 1159 4986 murum
1175 4934 1203 4986 ln
1216 4947 1301 4991 unum
1317 4946 1417 4995 mum,
1433 4945 1466 4984 ox
1481 4945 1535 4998 qno
1550 4929 1674 4983 tactum.

730 5013 758 5076 (·)
773 5011 800 5065 S.
816 5013 861 5065 ssd
877 5018 960 5079 postu
974 5011 1074 5073 disum,
1090 5011 1160 5076 quod
1175 5011 1232 5066 loo.
1298 5009 1326 5073 (·)
1341 5009 1373 5062 B.
1390 5011 1513 5075 potlorss.
1574 5007 1603 5072 (¹)
1618 5007 1650 5058 n.
1666 5005 1794 5084 eoodltor.
