4566 6844
720 949 790 1014 520
1110 957 1315 1017 cumcunl
1338 962 1495 1018 Rimul

718 1105 831 1203 guine
865 1103 993 1179 multo.
1020 1103 1165 1202 Tydeus
1197 1105 1349 1182 adeius
1379 1113 1554 1184 eventum
1570 1098 1610 1199 (¹)
1641 1125 1683 1182 se
1712 1105 1832 1182 erexit
1856 1111 1895 1182 et

718 1224 881 1300 occurrit
905 1223 954 1298 illi
980 1223 1212 1321 convulso,
1238 1235 1277 1304 et
1300 1226 1418 1302 lactus
1450 1245 1580 1302 amens
1609 1225 1735 1302 laelitia
1769 1233 1807 1303 et
1838 1227 1895 1303 ira

718 1343 916 1438 mandavit,
931 1351 974 1416 ut
985 1349 1096 1439 caput
1106 1335 1143 1436 (¹)
1158 1349 1372 1421 truncatum
1385 1346 1639 1444 porrigeretur
1654 1345 1735 1440 sibi,
1749 1352 1787 1422 et
1803 1346 1896 1422 inie-

718 1464 768 1540 cit
792 1463 919 1539 deutes
943 1468 1087 1539 atroces
1111 1462 1150 1538 in
1178 1463 1278 1560 illud,
1304 1471 1343 1541 et
1373 1464 1489 1542 iracto
1519 1465 1687 1561 cerebro,
1715 1485 1756 1540 os
1782 1486 1895 1542 suum

719 1583 930 1659 maculabat
945 1573 982 1676 (³)
1009 1583 1309 1681 sanguineum,
1334 1605 1404 1660 nec
1431 1585 1520 1660 socii
1549 1590 1719 1680 poterant
1749 1585 1896 1681 eripere

720 1703 840 1798 ipsum
866 1701 944 1778 sibi.
971 1703 1057 1778 Post
1081 1703 1172 1797 haec,
1196 1709 1240 1777 ut
1264 1703 1350 1779 dicit
1374 1703 1511 1780 Statius
1534 1703 1629 1779 libro
1649 1704 1753 1798 vllll,
1775 1703 1895 1780 rabies

719 1821 845 1900 audita
869 1822 1028 1898 crudelis
1058 1821 1168 1918 lydei
1198 1823 1429 1918 exasperavit
1453 1829 1596 1898 mentes
1622 1822 1894 1918 mebanorum3

720 1949 758 2016 et
781 1942 848 2037 ipsi
873 1941 985 2040 greci
1010 1942 1122 2016 etiam
1148 1941 1270 2016 minus
1283 1931 1321 2034 (⁸)
1343 1941 1629 2038 deploraverunt
1650 1943 1771 2038 ipsum
1790 1963 1894 2019 mor-

721 2068 829 2136 tuum
853 2066 1123 2154 conquerentes
1147 2061 1246 2156 quod
1272 2061 1416 2158 tydeus
1434 2069 1587 2156 ruperat
1602 2061 1703 2157 leges
1719 2061 1802 2138 odii.
1820 2061 1893 2137 Sed

720 2181 909 2277 Polynices
925 2180 1073 2256 irruens
1096 2199 1209 2275 super
1232 2199 1368 2275 corpus
1392 2179 1512 2274 amici,
1530 2180 1628 2256 lacta
1642 2200 1771 2256 amara
1788 2201 1893 2276 quae-

721 2300 811 2395 rela,
837 2299 983 2376 volebat
1015 2319 1055 2376 se
1086 2297 1295 2374 interlicere
1328 2318 1428 2392 ense,
1453 2297 1519 2374 sed
1545 2299 1633 2374 socii
1658 2299 1894 2375 retinuerunt

721 2440 821 2514 eum,
855 2426 893 2496 et
925 2439 1029 2496 socer
1064 2418 1242 2494 Adrastus
1276 2418 1455 2515 increpuit
1488 2418 1619 2514 illum3
1656 2419 1721 2496 sed
1753 2425 1893 2515 quanto

721 2541 854 2616 melius
879 2545 960 2616 erat
985 2537 1148 2635 Polynici
1167 2537 1374 2616 interlicere
1399 2542 1454 2614 sel
1480 2539 1534 2612 lix
1558 2539 1665 2614 dictis
1692 2559 1782 2637 ergo
1807 2539 1895 2614 satis

721 2664 831 2755 patet,
858 2663 997 2753 quanta
1032 2657 1134 2733 rabie
1173 2657 1317 2754 tydeus
1348 2658 1547 2733 ostenderit
1587 2657 1738 2734 crudele
1768 2657 1893 2734 odium

721 2799 834 2876 super
858 2778 1114 2873 Menalippum,
1144 2777 1250 2854 Nunc
1281 2777 1328 2853 ad
1360 2777 1516 2872 literam,
1545 2777 1634 2854 dicit
1663 2785 1793 2854 autor:
1823 2799 1895 2852 aon

721 2900 923 2990 altimenti,
949 2897 1041 2972 idest
1060 2888 1111 2991 (⁸),
1137 2895 1316 2990 simililer,
1350 2899 1454 2970 meo
1485 2889 1516 2970 st
1548 2919 1631 2971 rose
1659 2901 1691 2972 le
1719 2902 1840 2992 temple
1869 2917 1895 2970 a

722 3007 921 3112 limalippo
939 3037 1009 3110 per
1033 3017 1215 3107 dedomo,
1239 3014 1497 3112 indignabatur
1522 3016 1621 3090 enim
1652 3016 1709 3090 vir
1737 3036 1893 3114 magna·

723 3137 846 3213 nimus
871 3135 970 3233 quod
995 3142 1091 3212 esset
1115 3134 1329 3210 interiectus
1354 3155 1470 3209 manu
1495 3135 1618 3210 militis
1645 3135 1816 3233 gregarii,
1832 3137 1894 3208 cte

724 3263 815 3354 quei,
845 3258 993 3352 scilicet,
1026 3275 1163 3348 comes,
1189 3259 1329 3350 scaevo,
1364 3254 1467 3350 idest,
1500 3253 1664 3350 rodebat,
1698 3258 1726 3330 il
1756 3256 1893 3346 temla'o,

724 3379 826 3474 idest,
847 3397 1025 3453 craneum
1051 3375 1235 3471 capitise
1267 3377 1395 3448 lettre
1417 3395 1509 3466 cose,
1535 3375 1683 3470 seilicet,
1709 3376 1894 3452 cerebrel-

722 3501 758 3574 la
776 3489 831 3592 (⁶);
858 3496 963 3590 quasi
987 3494 1093 3590 dicat,
1120 3494 1220 3589 quod
1244 3513 1370 3570 comes
1399 3494 1553 3569 iaciebat
1579 3495 1658 3590 pari
1684 3495 1794 3571 modo
1819 3513 1895 3589 quo

723 3617 811 3692 olim
831 3615 986 3712 Tydeus.
1008 3615 1052 3686 Et
1072 3612 1131 3687 lric
1147 3619 1234 3688 nota
1251 3613 1350 3708 quod
1373 3613 1517 3708 Tydeus
1543 3632 1616 3686 non
1643 3612 1801 3687 habebat
1819 3618 1894 3687 tam

719 3739 859 3834 Justam
886 3752 1036 3810 causam
1062 3731 1317 3828 indignationis
1341 3733 1435 3808 sicut
1460 3733 1529 3808 iste
1557 3751 1695 3826 comcs,
1713 3731 1800 3826 quia
1823 3731 1896 3828 Ty·

722 3859 815 3934 deus
840 3855 962 3930 iuerat
985 3854 1202 3929 vulneratus
1221 3851 1269 3928 ab
1294 3852 1400 3927 hoste
1417 3851 1455 3926 in
1472 3853 1619 3946 publico
1638 3851 1780 3947 proelio,
1798 3851 1898 3946 quod

723 3978 864 4054 licitum
890 3981 945 4051 est
969 3974 1017 4050 de
1032 3974 1120 4070 jnre
1139 3973 1327 4071 gentium3
1344 3971 1408 4048 sed
1430 3992 1557 4048 comes
1573 3973 1749 4070 Ugolinus
1777 3971 1898 4048 luerat

723 4096 952 4174 adiudicatus
983 4093 1094 4169 morti
1127 4092 1399 4188 cmdelissimre
1438 4092 1642 4188 proditione
1671 4093 1791 4188 amici,
1822 4109 1897 4186 quo

724 4216 868 4293 ddebat.
882 4217 979 4288 -0
1004 4219 1049 4287 tu.
1082 4211 1147 4286 Hic
1176 4217 1288 4287 autor
1314 4211 1471 4288 ostendit
1500 4211 1659 4306 qualiter
1694 4212 1773 4287 riso
1810 4217 1896 4286 actu

724 4338 762 4414 in
785 4335 936 4413 homine
950 4323 987 4427 (⁷)
1006 4351 1118 4428 quem
1145 4353 1349 4428 numquam
1375 4331 1527 4428 viderat,
1552 4332 1637 4408 licet
1661 4331 1806 4429 legisset
1826 4331 1897 4407 hoc

724 4457 771 4532 de
801 4454 935 4553 tydeo,
967 4452 1084 4528 lactus
1114 4451 1242 4528 avidus
1280 4451 1523 4549 cognoscendi
1548 4451 1735 4528 hominem
1768 4449 1896 4545 petivit

725 4576 771 4652 de
800 4595 913 4651 causa
948 4579 1059 4648 tantae
1089 4571 1325 4667 crudelitatis,
1354 4571 1495 4648 dicens:
1526 4573 1677 4646 desto:
1711 4590 1735 4643 o
1768 4576 1803 4644 tu
1835 4570 1897 4643 cle

725 4699 850 4770 mostra·
872 4695 968 4784 odio,
998 4692 1097 4786 quod
1123 4697 1179 4768 est
1211 4691 1315 4788 peius
1348 4692 1417 4787 ira,
1446 4713 1559 4788 sopra
1588 4694 1679 4766 colret
1711 4691 1771 4764 cte
1804 4697 1839 4764 tu
1874 4693 1899 4764 o·

789 4927 818 4986 ι’)
832 4929 886 4986 111,
903 4923 1051 4976 adrentum.
1181 4923 1255 4984 (¹113.
1271 4927 1349 4987 capnt
1365 4923 1612 4976 llllustrnncalnnn.

790 5003 816 5065 (l
833 5006 889 5062 111,
905 5001 1054 5052 macularit.
1179 4999 1206 5064 (⁸)
1222 5000 1254 5052 ll.
1269 4999 1354 5051 muris.
1479 4999 1506 5060 θ)
1523 4999 1554 5050 ll.
1571 4998 1662 5048 immo.

789 5079 816 5144 (Ἰ
833 5083 888 5141 lle,
904 5077 1109 5130 ostheim-E.
1126 5077 1254 5128 cembela
1480 5075 1507 5138 ζ’)
1523 5075 1554 5126 ll.
1569 5075 1595 5126 ln
1611 5072 1752 5125 hommem.
