4566 6844
719 913 857 1004 onmes
881 948 1098 1003 rnmssntes
1122 947 1282 1003 nnnrms.
1512 933 1581 1002 tta

416 1097 455 1165 et
488 1089 657 1186 egregios
690 1091 781 1166 titios
813 1112 917 1186 snos,
955 1091 1062 1167 cuius
1095 1092 1307 1186 exemptum
1346 1097 1495 1168 secutus
1527 1097 1584 1168 est

417 1210 561 1284 Branca
585 1210 631 1285 de
656 1211 752 1305 Oria,
778 1211 842 1305 qni
866 1212 1029 1286 similiter
1054 1211 1234 1288 interfecit
1258 1231 1429 1286 socerum
1457 1232 1583 1306 suum,

416 1328 480 1404 sed
493 1328 616 1404 virum
634 1330 866 1426 sceleratum,
881 1320 1122 1406 ad‘mensam.
1137 1330 1190 1404 Ad
1207 1330 1351 1405 literam
1368 1349 1478 1426 ergo:
1496 1329 1582 1406 dicit

415 1448 528 1524 trater
553 1448 742 1525 Athericus
771 1449 870 1544 qnod
899 1451 967 1526 ista
998 1471 1066 1524 sua
1097 1449 1309 1526 Pthotomea
1341 1449 1450 1524 habet
1474 1448 1581 1523 istam

414 1567 697 1664 praerogativam
716 1560 765 1663 (⁴),
782 1571 841 1642 cde
855 1591 970 1663 spessc
995 1572 1083 1644 volte
1107 1571 1263 1642 lanima
1287 1571 1437 1658 cicade,
1455 1575 1493 1644 et
1516 1589 1583 1644 no-

413 1692 534 1761 tanter
558 1687 655 1780 dicit,
680 1708 789 1784 saepe,
814 1688 901 1783 quia
927 1709 1000 1766 non
1029 1708 1187 1782 semper,
1212 1687 1276 1762 sed
1307 1693 1349 1761 nt
1378 1687 1580 1783 pturimnm

413 1808 543 1906 accidit
574 1808 673 1903 qnod
704 1807 760 1883 isti
794 1830 868 1884 non
903 1809 1157 1902 emendantur,
1190 1810 1396 1882 immiste
1429 1801 1581 1902 Atropos

412 1948 530 2001 morsa
554 1931 586 2001 te
609 1931 689 2020 dec,
715 1929 816 2024 idest,
842 1936 1041 2022 antequam
1069 1946 1170 2002 mors
1198 1934 1386 2022 separaret
1398 1919 1437 2020 (²)
1463 1928 1578 2024 ipsam

412 2048 574 2122 animam
609 2071 631 2123 a
664 2069 830 2144 corpore.
858 2048 1013 2143 Atropos
1046 2047 1145 2122 enim
1174 2047 1378 2142 appellatur
1407 2068 1431 2123 a
1464 2049 1580 2143 poetis

412 2166 585 2241 ultimum
600 2157 636 2259 (³)
664 2167 793 2261 tatum,
818 2173 856 2243 et
881 2178 936 2244 est
961 2167 1056 2242 idem
1083 2165 1182 2260 quod
1208 2187 1320 2260 mors,
1344 2167 1441 2242 unde
1466 2167 1581 2242 inter-

412 2293 580 2382 pretatur
604 2285 683 2360 sine
708 2286 958 2379 conversione,
977 2285 1064 2380 qnia
1082 2286 1299 2362 naturaliter
1316 2293 1395 2380 post
1419 2293 1578 2362 mortem

412 2426 485 2480 non
510 2413 565 2482 est
589 2406 680 2482 dare
704 2405 955 2483 reversionem
971 2396 1022 2499 (⁸).
1053 2405 1173 2500 ntiqui
1202 2413 1326 2482 tamen
1358 2412 1481 2481 textus
1512 2409 1578 2480 tra-

411 2526 499 2600 hent
524 2531 713 2619 tntropos,
739 2525 802 2602 sed
827 2528 897 2602 hoc
922 2525 1023 2601 nntto
1052 2526 1162 2601 modo
1191 2532 1310 2622 potest
1342 2531 1460 2620 stare3
1492 2547 1577 2601 nam

414 2651 591 2738 Antopos
621 2664 754 2742 graece,
780 2645 889 2720 iatine
913 2645 1045 2720 dicitnr
1073 2649 1189 2738 tomo,
1224 2646 1322 2740 quod
1338 2637 1374 2738 (⁵)
1400 2647 1578 2742 interpre-

413 2769 513 2838 tatur
538 2765 651 2840 arbor
666 2785 808 2859 eversa,
825 2770 862 2838 et
879 2764 930 2839 sic
946 2785 1020 2839 non
1037 2765 1147 2840 habet
1163 2766 1221 2841 hic
1239 2765 1374 2840 iocum.
1388 2805 1438 2820 -
1452 2771 1483 2839 Ε
1493 2786 1578 2858 per-
1702 2868 1706 2878 Ι

411 2881 481 2959 cdd.
507 2885 572 2959 ilic
595 2885 797 2979 Atheniens,
823 2892 865 2958 ut
890 2883 1018 2960 reddat
1041 2892 1211 2962 autorem
1241 2885 1503 2981 promptiorem
1531 2886 1577 2961 ad

412 3004 634 3080 servandum
670 3003 736 3078 sibi
767 3003 999 3099 promissum,
1024 3004 1186 3078 declarat
1211 3005 1277 3079 sihi
1311 3004 1468 3079 termam
1501 3025 1575 3099 qua

412 3123 535 3198 anima
563 3129 650 3199 ante
680 3128 838 3197 mortem
871 3121 966 3198 cadit
1000 3122 1036 3195 in
1066 3122 1260 3198 internum.
1293 3122 1394 3200 Unde
1424 3124 1533 3199 dicit:
1559 3147 1578 3198 e

412 3246 517 3334 sappi
530 3245 590 3316 cte
606 3249 694 3316 tosto
710 3245 769 3316 cte
785 3245 942 3316 t'antmc
958 3244 1072 3334 dade,
1092 3263 1188 3316 come
1200 3246 1265 3337 sec
1277 3247 1325 3335 to,
1342 3242 1445 3336 idest,
1461 3265 1575 3337 quem

409 3362 481 3436 cito
511 3359 630 3456 prodit
643 3350 680 3453 (⁶)
717 3361 763 3436 ad
795 3381 960 3436 mensam
994 3380 1040 3436 eo
1072 3361 1182 3436 modo
1216 3382 1291 3457 qno
1322 3383 1393 3460 ego
1424 3362 1578 3458 prodidi,

407 3483 567 3574 ttcorpo
598 3501 662 3554 reo
694 3475 750 3554 td
779 3484 861 3554 totto
891 3483 941 3554 da
972 3483 1579 3575 moenemctepmotaepe

409 3622 534 3693 oenc,
558 3602 646 3696 quia
671 3607 796 3697 postea
821 3600 987 3676 diabotus
1012 3608 1083 3678 stat
1108 3621 1253 3697 semper
1272 3623 1414 3696 secum,
1431 3609 1468 3678 et
1485 3601 1580 3698 regit
1626 3606 1632 3620 '

408 3722 596 3797 hominem
612 3711 649 3815 (⁷)
681 3741 800 3816 usque
831 3721 868 3794 in
898 3720 1020 3796 tinem.
1048 3721 1151 3795 Unde
1180 3721 1287 3797 dicit:
1318 3729 1448 3796 monce
1479 3724 1539 3796 cde
1555 3725 1582 3797 'l

408 3847 521 3933 tempo
543 3861 608 3914 suo
633 3847 717 3913 mtto
732 3843 787 3912 sto
805 3843 910 3928 ootto,
927 3839 1030 3931 idest,
1053 3860 1170 3933 nsque
1190 3840 1236 3915 ad
1258 3846 1435 3934 mortem3
1454 3847 1490 3914 et
1506 3843 1577 3916 hoc

407 3958 500 4052 dico,
521 3953 648 4051 percit
681 3967 716 4032 tn
740 3953 804 4050 pot
839 3960 1003 4030 menter
1033 3961 1081 4030 mi
1110 3959 1213 4047 rade,
1245 3957 1348 4052 idest,
1382 3978 1575 4036 removeas

408 4078 539 4153 leniter
553 4067 590 4171 (⁸)
617 4077 663 4152 ad
689 4076 841 4151 modum
868 4075 1026 4151 radentis
1051 4096 1138 4151 cnm
1159 4083 1225 4150 tna
1241 4095 1354 4150 mann
1373 4077 1456 4172 tevi,
1473 4081 1504 4151 te
1519 4083 1575 4152 tn-

407 4201 550 4272 ventae
573 4201 723 4290 rapturo
746 4199 811 4271 dot
832 4199 938 4288 voto,
955 4195 1058 4288 idest,
1076 4197 1258 4293 iacrymas
1278 4199 1487 4294 congelatas
1512 4201 1576 4275 tri·

406 4337 499 4414 gone
523 4338 634 4414 snper
657 4315 775 4391 ocutis
797 4322 1068 4411 transponentes
1092 4317 1139 4392 ad
1165 4316 1317 4391 modum
1345 4319 1438 4392 vitri.
1456 4320 1501 4394 Et
1518 4321 1575 4396 di-

407 4437 478 4514 cit:
504 4441 585 4528 etta,
610 4437 745 4512 scilicet
769 4436 892 4512 anima
919 4435 1009 4532 tatis,
1034 4439 1141 4511 mina
1168 4441 1207 4510 in
1236 4431 1266 4511 si
1294 4443 1386 4532 satta
1410 4443 1574 4534 emersa,

407 4557 508 4653 idest,
528 4558 565 4632 in
581 4564 735 4654 putenm
753 4556 865 4632 istum
884 4562 1087 4631 mortuum.
1105 4558 1150 4632 Et
1164 4557 1215 4633 sic
1232 4556 1314 4633 vide
1330 4558 1429 4653 quod
1446 4579 1573 4636 mensa

467 4831 496 4898 (Ι)
511 4833 543 4886 n.
558 4835 764 4899 prerogativam,
781 4835 908 4894 videlicet.
925 4836 977 4886 cte.
1079 4837 1108 4898 (η
1125 4840 1171 4887 tte
1186 4849 1202 4886 e
1217 4837 1248 4887 Β.
1264 4841 1373 4900 reparet.

468 4908 496 4973 Γ)
512 4909 543 4961 B.
559 4909 668 4962 ultimus
684 4911 742 4962 ttntr
757 4912 826 4972 vttn,
842 4915 870 4962 et
884 4915 932 4962 ent.
1080 4911 1107 4974 ζ’]
1124 4917 1179 4972 ttt,
1195 4913 1400 4964 conversionem.

468 4986 496 5048 (¹)
512 4986 542 5036 lt.
557 4987 602 5050 qm·
617 4987 723 5051 quidem
740 4988 935 5052 interpretatur.
1080 4987 1107 5050 ρ)
1122 4988 1148 5039 s.
1164 4987 1284 5052 prodidit.

469 5057 496 5126 ω
511 5059 543 5111 lt.
557 5071 620 5114 enm
635 5073 725 5127 nme.
1078 5062 1107 5125 ι’)
1123 5063 1154 5113 B.
1170 5063 1270 5116 ieviter.
