4550 6844
725 953 798 1022 ltu
1119 965 1324 1024 coumcrun
1348 967 1500 1064 murrum

724 1116 788 1186 tur
812 1131 922 1184 suum
949 1108 1102 1205 crimen,
1122 1109 1269 1187 dicens:
1296 1133 1316 1186 e
1339 1114 1548 1206 limpido,
1565 1111 1705 1206 supple,
1727 1109 1817 1186 dixit
1841 1109 1899 1187 Si-

724 1228 829 1304 uoni:
856 1236 892 1302 to
916 1228 1037 1302 diver
1061 1231 1100 1302 dt
1122 1239 1252 1323 queem,
1270 1231 1357 1326 quia
1378 1249 1517 1328 negare
1533 1249 1607 1306 non
1626 1249 1778 1326 possum
1799 1230 1900 1325 quod

724 1369 800 1424 non
820 1347 1029 1424 falsaverim
1046 1351 1254 1445 pecuniam,
1271 1357 1309 1426 et
1326 1350 1426 1446 quod
1444 1371 1491 1426 er
1512 1351 1582 1426 boc
1600 1351 1818 1426 combustus
1834 1351 1899 1447 lui,

724 1487 783 1540 nac
800 1473 836 1542 tu
851 1487 925 1540 oon
937 1460 1068 1562 [oadal
1087 1489 1149 1543 ver
1165 1473 1371 1562 cambonio,
1390 1491 1455 1544 ove
1468 1473 1552 1564 lorti
1567 1472 1727 1544 rmldmto
1745 1491 1769 1543 a
1792 1471 1901 1544 licto

723 1591 783 1662 dcl
805 1609 900 1662 vero.
927 1588 972 1662 Et
996 1588 1118 1664 subdit
1143 1590 1416 1686 responsionem
1439 1589 1582 1665 Sinonis
1597 1589 1645 1665 ad
1662 1590 1817 1684 obiecta,
1843 1589 1900 1665 di-

723 1727 834 1784 ceus:
862 1711 972 1782 Sinon
996 1711 1108 1782 disse·
1132 1730 1152 1783 e
1175 1717 1211 1784 tu
1232 1709 1669 1806 [obcoecationem
1696 1717 1897 1805 monetam,

722 1831 751 1900 ε’
763 1829 799 1901 io
828 1829 914 1902 dissi
933 1831 1041 1922 salso,
1067 1835 1195 1904 contra
1220 1831 1342 1905 hostes
1370 1849 1494 1924 meos;
1519 1839 1557 1906 et
1581 1829 1676 1904 sicut
1700 1829 1785 1906 dicit
1816 1828 1900 1904 Vir-

722 1946 830 2044 gilius
855 1945 1012 2022 ibidem:
1040 1951 1150 2024 Dolus
1167 1970 1216 2022 an
1233 1952 1342 2024 vetus
1365 1951 1442 2042 quis
1465 1949 1503 2022 in
1526 1951 1622 2022 toste
1645 1952 1832 2041 recount?
1853 1949 1899 2024 Et

721 2065 823 2159 quod
847 2073 903 2141 est
928 2066 1031 2160 peius
1056 2068 1093 2141 iu
1120 2075 1167 2163 te,
1192 2091 1212 2142 e
1235 2091 1301 2142 son
1326 2071 1386 2162 put
1404 2089 1473 2162 per
1497 2089 1546 2142 uu
1560 2143 1561 2146 ,
1572 2071 1675 2162 sollo,
1701 2067 1804 2164 idest,
1830 2089 1898 2164 pro

723 2204 799 2259 uuo
823 2185 978 2262 crimine
1001 2187 1175 2284 iabimtis,
1200 2211 1219 2264 e
1243 2197 1279 2264 tu
1298 2211 1368 2282 por
1390 2183 1451 2282 pil
1467 2191 1529 2263 obe
1547 2191 1643 2262 nullo
1663 2191 1757 2264 otoo
1783 2191 1899 2262 dimo-

670 2385 685 2412 l
721 2307 795 2397 nio,
820 2305 925 2399 quasi
950 2305 1070 2381 dicat:
1096 2307 1310 2383 commisisti
1335 2309 1460 2403 plures
1485 2307 1671 2402 falsitates,
1697 2327 1809 2401 quam
1831 2306 1899 2381 lal-

721 2425 861 2500 saveris
874 2419 912 2517 (¹)
940 2427 1114 2522 doren0s3
1140 2448 1208 2504 uec
1233 2428 1362 2504 credas
1387 2427 1499 2504 istum
1525 2427 1648 2503 dicere
1664 2447 1810 2521 verum,
1831 2425 1897 2502 sed

722 2543 809 2619 dicit
838 2563 952 2638 quam
985 2545 1090 2640 peius
1120 2555 1240 2642 potest
1268 2554 1397 2623 contra
1428 2547 1695 2622 adversarium.
1708 2550 1897 2621 -lticor-

723 2667 808 2740 dati.
827 2664 892 2738 llic
908 2670 1018 2740 autor
1034 2666 1190 2742 ostendit
1207 2667 1395 2761 quomodo
1412 2668 1589 2765 magister
1604 2667 1720 2742 Adam
1743 2687 1896 2763 respou-

723 2784 813 2860 dens
838 2784 1099 2881 improperavit
1123 2786 1248 2861 Sinoni
1273 2787 1498 2884 singularem
1522 2786 1689 2862 fraudem
1716 2787 1814 2880 equi.
1832 2786 1894 2860 ui-

722 2903 772 2979 cit
791 2923 902 3000 ergo:
920 2907 1000 2996 quet
1012 2907 1163 2978 cll'uoeo
1178 2909 1302 2998 inficta
1319 2909 1435 3000 tepa,
1452 2905 1555 3001 idest,
1573 2905 1751 3002 magister
1767 2905 1895 2999 Adam,

722 3023 787 3118 qui
812 3022 971 3097 babebat
994 3025 1261 3120 corpulentiam
1287 3025 1460 3119 inllatam,
1485 3027 1632 3118 nbpose,
1649 3043 1671 3096 ο
1691 3025 1891 3116 sperpitoo,

723 3142 810 3239 quia
828 3143 939 3218 Sinon
959 3144 1153 3240 juraverat
1177 3144 1299 3220 dicere
1324 3144 1532 3239 veritatem,
1553 3145 1726 3218 acerdoti
1748 3145 1807 3217 dcl
1828 3163 1892 3216 oo-

722 3266 830 3355 ootto,
848 3262 951 3358 idest,
976 3263 1012 3338 id
1037 3264 1137 3359 quod
1161 3263 1294 3336 tinxisti
1319 3264 1366 3339 de
1388 3283 1504 3358 equo;
1523 3263 1621 3338 unde
1640 3283 1714 3337 non
1732 3281 1895 3356 exponas

723 3383 817 3458 sicut
841 3383 1003 3477 quidam,
1021 3383 1120 3477 quod
1141 3383 1253 3458 Sinon
1272 3383 1400 3458 lecerit
1415 3384 1525 3458 istum
1545 3403 1698 3476 equum,
1715 3382 1792 3456 imo
1812 3381 1896 3475 qui·

722 3501 808 3575 dam
833 3501 1044 3598 ingeniosus
1068 3501 1199 3576 artilex
1229 3501 1336 3576 cuius
1365 3521 1501 3576 nomen
1533 3501 1601 3576 luit
1634 3502 1767 3597 Opeus,
1800 3501 1897 3576 sicut

723 3619 848 3694 scribit
871 3622 1055 3696 llomerus
1071 3623 1120 3696 Xl
1145 3619 1325 3717 Odysseae,
1346 3627 1384 3695 et
1400 3621 1572 3716 Virgilius
1598 3621 1661 3695 ubi
1687 3642 1809 3716 supra.
1836 3619 1893 3695 Si·

722 3759 798 3812 nou
823 3758 914 3836 ergo
939 3739 1029 3814 salso
1055 3739 1158 3813 tinxit
1187 3739 1286 3835 quod
1315 3739 1428 3835 graeci
1458 3738 1621 3814 fecerant
1653 3759 1793 3834 equum
1827 3759 1895 3836 pro

722 3857 893 3934 Palladio.
911 3859 1013 3935 Unde
1036 3861 1123 3936 dicit
1145 3860 1285 3936 Tullius
1302 3859 1401 3955 quod
1418 3879 1538 3954 equus
1557 3859 1639 3934 ideo
1660 3861 1822 3936 troianos
1843 3859 1896 3936 le-

721 3978 821 4074 lellit,
840 3980 926 4074 quia
947 3981 1105 4076 speciem
1131 3980 1304 4056 llinervae
1329 3977 1503 4055 mentitus
1529 3985 1594 4054 est.
1620 3980 1665 4053 llt
1689 3979 1774 4056 dicit
1789 3972 1852 4073 (ῆι
1878 4002 1897 4053 e

720 4101 801 4172 stete
824 4119 888 4172 reo
911 4101 973 4173 obe
996 4107 1080 4174 tutto
1104 4102 1132 4175 u
1155 4103 1284 4174 mondo
1307 4102 1412 4190 sollo,
1438 4099 1524 4194 quia
1550 4099 1686 4174 scilicet
1716 4100 1813 4175 istud
1839 4107 1895 4176 est

720 4219 989 4313 proclamatum
1016 4220 1155 4314 ubique
1180 4241 1246 4315 per
1263 4221 1390 4294 tubam
1408 4219 1558 4316 Virgilii,
1575 4219 1639 4314 qui
1656 4239 1811 4315 operose
1826 4220 1893 4296 dc-

720 4337 845 4413 scribit
869 4339 1027 4414 formam
1052 4340 1150 4433 iacti,
1169 4346 1209 4412 ut
1225 4340 1304 4434 jam
1322 4345 1510 4414 ostensum
1528 4343 1593 4413 est.
1612 4340 1656 4412 Et
1673 4339 1760 4434 quia
1777 4337 1892 4412 Adam

720 4459 1038 4554 improperaverat
1067 4459 1191 4534 Sinoni
1216 4459 1406 4553 antiquam
1439 4458 1638 4555 infamiam,
1665 4458 1746 4533 ideo
1778 4455 1889 4532 Sinon

721 4578 947 4673 improperat
971 4577 1038 4652 sibi
1062 4585 1280 4673 presentem
1311 4597 1471 4674 poenam.
1506 4577 1609 4653 Unde
1638 4576 1725 4651 dicit
1758 4581 1892 4650 autor:

721 4699 851 4770 dirse't
871 4717 993 4789 preco,
1012 4697 1148 4772 scilicet
1173 4697 1297 4792 Sinon,
1314 4698 1378 4792 qui
1403 4697 1633 4792 eloquentior
1654 4695 1768 4772 latino
1793 4715 1894 4770 sem·

722 4836 791 4912 per
816 4814 932 4890 reddit
955 4816 1022 4892 sibi
1047 4817 1163 4913 peius,
1188 4839 1213 4891 c
1238 4825 1269 4892 te
1293 4819 1348 4892 sia
1370 4839 1448 4910 rea,
1465 4817 1569 4912 idest,
1586 4823 1623 4892 et
1644 4815 1706 4892 tibi
1723 4815 1895 4891 videatur

785 5067 812 5130 ll)
829 5071 884 5130 lto,
900 5067 1020 5121 labamus
1035 5067 1157 5121 florenos.
1345 5067 1373 5129 (¹)
1390 5071 1436 5118 tls
1451 5080 1467 5117 s
1483 5065 1514 5116 B.
1531 5065 1625 5118 subdit.
