<?xml version="1.0" encoding="UTF-8"?>
<!DOCTYPE html PUBLIC "-//W3C//DTD XHTML 1.0 Transitional//EN"
    "http://www.w3.org/TR/xhtml1/DTD/xhtml1-transitional.dtd">
<html xmlns="http://www.w3.org/1999/xhtml" xml:lang="en" lang="en">
 <head>
  <title>
</title>
<meta http-equiv="Content-Type" content="text/html;charset=utf-8" />
  <meta name='ocr-system' content='tesseract 3.04.00' />
  <meta name='ocr-capabilities' content='ocr_page ocr_carea ocr_par ocr_line ocrx_word'/>
</head>
<body>
  <div class='ocr_page' id='page_1' title='image "./comentumsuperda01benvgoog_0071.png"; bbox 0 0 4526 6836; ppageno 0'>
   <div class='ocr_carea' id='block_1_1' title="bbox 740 959 1518 1026">
    <p class='ocr_par' dir='ltr' id='par_1_1' title="bbox 740 959 1518 1026">
     <span class='ocr_line' id='line_1_1' title="bbox 740 959 1518 1026; baseline -0.005 0"><span class='ocrx_word' id='word_1_1' title='bbox 740 959 787 1026; x_wconf 74' lang='lat' dir='ltr'><strong>dt</strong></span> <span class='ocrx_word' id='word_1_2' title='bbox 1138 965 1342 1026; x_wconf 72' lang='lat' dir='ltr'><strong>musarum</strong></span> <span class='ocrx_word' id='word_1_3' title='bbox 1367 970 1518 1026; x_wconf 76' lang='lat' dir='ltr'><strong>rursum</strong></span> 
     </span>
    </p>
   </div>
   <div class='ocr_carea' id='block_1_2' title="bbox 739 1105 1912 1806">
    <p class='ocr_par' dir='ltr' id='par_1_2' title="bbox 739 1105 1912 1806">
     <span class='ocr_line' id='line_1_2' title="bbox 740 1105 1910 1206; baseline -0.002 -17"><span class='ocrx_word' id='word_1_4' title='bbox 740 1113 859 1206; x_wconf 85' lang='lat' dir='ltr'><strong>tertia,</strong></span> <span class='ocrx_word' id='word_1_5' title='bbox 887 1111 983 1188; x_wconf 91' lang='lat' dir='ltr'><strong>uude</strong></span> <span class='ocrx_word' id='word_1_6' title='bbox 1006 1109 1114 1186; x_wconf 83' lang='lat' dir='ltr'><strong>dicit:</strong></span> <span class='ocrx_word' id='word_1_7' title='bbox 1135 1105 1240 1204; x_wconf 81' lang='lat' dir='ltr'><strong>perd,</strong></span> <span class='ocrx_word' id='word_1_8' title='bbox 1264 1112 1352 1206; x_wconf 83' lang='lat' dir='ltr'><strong>quia</strong></span> <span class='ocrx_word' id='word_1_9' title='bbox 1381 1113 1468 1190; x_wconf 77' lang='lat' dir='ltr'><strong>satie</strong></span> <span class='ocrx_word' id='word_1_10' title='bbox 1498 1111 1635 1187; x_wconf 85' lang='lat' dir='ltr'><strong>dictum</strong></span> <span class='ocrx_word' id='word_1_11' title='bbox 1668 1117 1750 1187; x_wconf 87' lang='lat' dir='ltr'><strong>erat</strong></span> <span class='ocrx_word' id='word_1_12' title='bbox 1777 1111 1825 1190; x_wconf 92' lang='lat' dir='ltr'><strong>de</strong></span> <span class='ocrx_word' id='word_1_13' title='bbox 1849 1113 1910 1188; x_wconf 89' lang='lat' dir='ltr'><strong>tati</strong></span> 
     </span>
     <span class='ocr_line' id='line_1_3' title="bbox 740 1231 1912 1327; baseline -0.002 -19"><span class='ocrx_word' id='word_1_14' title='bbox 740 1231 908 1326; x_wconf 85' lang='lat' dir='ltr'><strong>materia,</strong></span> <span class='ocrx_word' id='word_1_15' title='bbox 932 1233 982 1306; x_wconf 80' lang='lat' dir='ltr'><strong>mi</strong></span> <span class='ocrx_word' id='word_1_16' title='bbox 1000 1251 1106 1324; x_wconf 78' lang='lat' dir='ltr'><strong>prese</strong></span> <span class='ocrx_word' id='word_1_17' title='bbox 1128 1252 1196 1305; x_wconf 81' lang='lat' dir='ltr'><strong>eoa</strong></span> <span class='ocrx_word' id='word_1_18' title='bbox 1217 1233 1323 1306; x_wconf 74' lang='lat' dir='ltr'><strong>ambo</strong></span> <span class='ocrx_word' id='word_1_19' title='bbox 1348 1235 1380 1308; x_wconf 84' lang='lat' dir='ltr'><strong>te</strong></span> <span class='ocrx_word' id='word_1_20' title='bbox 1404 1233 1559 1325; x_wconf 64' lang='lat' dir='ltr'><strong>mma,</strong></span> <span class='ocrx_word' id='word_1_21' title='bbox 1582 1231 1669 1327; x_wconf 88' lang='lat' dir='ltr'><strong>quia</strong></span> <span class='ocrx_word' id='word_1_22' title='bbox 1689 1231 1784 1308; x_wconf 85' lang='lat' dir='ltr'><strong>sicut</strong></span> <span class='ocrx_word' id='word_1_23' title='bbox 1802 1242 1912 1310; x_wconf 86' lang='lat' dir='ltr'><strong>auter</strong></span> 
     </span>
     <span class='ocr_line' id='line_1_4' title="bbox 742 1350 1911 1448; baseline 0.001 -22"><span class='ocrx_word' id='word_1_24' title='bbox 742 1373 816 1428; x_wconf 89' lang='lat' dir='ltr'><strong>nou</strong></span> <span class='ocrx_word' id='word_1_25' title='bbox 847 1357 1017 1448; x_wconf 86' lang='lat' dir='ltr'><strong>potuerat</strong></span> <span class='ocrx_word' id='word_1_26' title='bbox 1046 1350 1268 1428; x_wconf 84' lang='lat' dir='ltr'><strong>deseeudere</strong></span> <span class='ocrx_word' id='word_1_27' title='bbox 1292 1351 1339 1428; x_wconf 89' lang='lat' dir='ltr'><strong>ad</strong></span> <span class='ocrx_word' id='word_1_28' title='bbox 1363 1351 1521 1426; x_wconf 83' lang='lat' dir='ltr'><strong>iuudum</strong></span> <span class='ocrx_word' id='word_1_29' title='bbox 1547 1351 1650 1428; x_wconf 87' lang='lat' dir='ltr'><strong>vallis</strong></span> <span class='ocrx_word' id='word_1_30' title='bbox 1684 1371 1750 1446; x_wconf 88' lang='lat' dir='ltr'><strong>per</strong></span> <span class='ocrx_word' id='word_1_31' title='bbox 1781 1371 1834 1445; x_wconf 87' lang='lat' dir='ltr'><strong>se,</strong></span> <span class='ocrx_word' id='word_1_32' title='bbox 1862 1351 1911 1428; x_wconf 88' lang='lat' dir='ltr'><strong>ita</strong></span> 
     </span>
     <span class='ocr_line' id='line_1_5' title="bbox 745 1465 1912 1567; baseline -0.001 -18"><span class='ocrx_word' id='word_1_33' title='bbox 745 1475 865 1550; x_wconf 88' lang='lat' dir='ltr'><strong>mutto</strong></span> <span class='ocrx_word' id='word_1_34' title='bbox 890 1472 1013 1548; x_wconf 88' lang='lat' dir='ltr'><strong>minus</strong></span> <span class='ocrx_word' id='word_1_35' title='bbox 1041 1471 1218 1567; x_wconf 86' lang='lat' dir='ltr'><strong>potuisset</strong></span> <span class='ocrx_word' id='word_1_36' title='bbox 1249 1472 1491 1548; x_wconf 83' lang='lat' dir='ltr'><strong>reascendere</strong></span> <span class='ocrx_word' id='word_1_37' title='bbox 1509 1465 1545 1564; x_wconf 82' lang='lat'><strong>(¹)</strong></span> <span class='ocrx_word' id='word_1_38' title='bbox 1572 1491 1639 1567; x_wconf 90' lang='lat' dir='ltr'><strong>per</strong></span> <span class='ocrx_word' id='word_1_39' title='bbox 1670 1471 1805 1566; x_wconf 85' lang='lat' dir='ltr'><strong>ripum3</strong></span> <span class='ocrx_word' id='word_1_40' title='bbox 1831 1471 1912 1548; x_wconf 91' lang='lat' dir='ltr'><strong>ideo</strong></span> 
     </span>
     <span class='ocr_line' id='line_1_6' title="bbox 739 1584 1911 1686; baseline -0.004 -15"><span class='ocrx_word' id='word_1_41' title='bbox 739 1595 841 1670; x_wconf 84' lang='lat' dir='ltr'><strong>dicit:</strong></span> <span class='ocrx_word' id='word_1_42' title='bbox 865 1615 885 1667; x_wconf 84' lang='lat' dir='ltr'><strong>e</strong></span> <span class='ocrx_word' id='word_1_43' title='bbox 907 1584 1060 1667; x_wconf 76' lang='lat' dir='ltr'><strong>rduontd</strong></span> <span class='ocrx_word' id='word_1_44' title='bbox 1080 1615 1148 1686; x_wconf 81' lang='lat' dir='ltr'><strong>per</strong></span> <span class='ocrx_word' id='word_1_45' title='bbox 1170 1595 1209 1666; x_wconf 84' lang='lat' dir='ltr'><strong>tu</strong></span> <span class='ocrx_word' id='word_1_46' title='bbox 1233 1595 1291 1666; x_wconf 82' lang='lat' dir='ltr'><strong>ur&#39;u</strong></span> <span class='ocrx_word' id='word_1_47' title='bbox 1314 1595 1406 1668; x_wconf 80' lang='lat' dir='ltr'><strong>uude</strong></span> <span class='ocrx_word' id='word_1_48' title='bbox 1429 1596 1571 1684; x_wconf 78' lang='lat' dir='ltr'><strong>dr&#39;soese,</strong></span> <span class='ocrx_word' id='word_1_49' title='bbox 1591 1591 1680 1686; x_wconf 83' lang='lat' dir='ltr'><strong>quia</strong></span> <span class='ocrx_word' id='word_1_50' title='bbox 1704 1593 1806 1669; x_wconf 89' lang='lat' dir='ltr'><strong>mrtia</strong></span> <span class='ocrx_word' id='word_1_51' title='bbox 1831 1601 1911 1670; x_wconf 89' lang='lat' dir='ltr'><strong>erat</strong></span> 
     </span>
     <span class='ocr_line' id='line_1_7' title="bbox 740 1712 1910 1806; baseline -0.001 -17"><span class='ocrx_word' id='word_1_52' title='bbox 740 1715 788 1790; x_wconf 90' lang='lat' dir='ltr'><strong>ibi</strong></span> <span class='ocrx_word' id='word_1_53' title='bbox 806 1714 865 1790; x_wconf 85' lang='lat' dir='ltr'><strong>via</strong></span> <span class='ocrx_word' id='word_1_54' title='bbox 881 1714 1003 1788; x_wconf 89' lang='lat' dir='ltr'><strong>miuus</strong></span> <span class='ocrx_word' id='word_1_55' title='bbox 1028 1719 1142 1806; x_wconf 86' lang='lat' dir='ltr'><strong>reeta,</strong></span> <span class='ocrx_word' id='word_1_56' title='bbox 1162 1715 1227 1805; x_wconf 88' lang='lat' dir='ltr'><strong>poi</strong></span> <span class='ocrx_word' id='word_1_57' title='bbox 1249 1715 1310 1786; x_wconf 78' lang='lat' dir='ltr'><strong>cre</strong></span> <span class='ocrx_word' id='word_1_58' title='bbox 1334 1714 1383 1786; x_wconf 84' lang='lat' dir='ltr'><strong>mi</strong></span> <span class='ocrx_word' id='word_1_59' title='bbox 1404 1715 1435 1786; x_wconf 65' lang='grc' dir='ltr'><strong>ε’</strong></span> <span class='ocrx_word' id='word_1_60' title='bbox 1445 1712 1527 1786; x_wconf 74' lang='lat' dir='ltr'><strong>erre</strong></span> <span class='ocrx_word' id='word_1_61' title='bbox 1544 1719 1627 1786; x_wconf 83' lang='lat' dir='ltr'><strong>tutto</strong></span> <span class='ocrx_word' id='word_1_62' title='bbox 1644 1715 1683 1786; x_wconf 88' lang='lat' dir='ltr'><strong>ut</strong></span> <span class='ocrx_word' id='word_1_63' title='bbox 1695 1719 1801 1805; x_wconf 84' lang='lat' dir='ltr'><strong>petto,</strong></span> <span class='ocrx_word' id='word_1_64' title='bbox 1819 1712 1910 1788; x_wconf 87' lang='lat' dir='ltr'><strong>idest</strong></span> 
     </span>
    </p>
   </div>
   <div class='ocr_carea' id='block_1_3' title="bbox 736 1830 1909 2288">
    <p class='ocr_par' dir='ltr' id='par_1_3' title="bbox 736 1830 1909 2288">
     <span class='ocr_line' id='line_1_8' title="bbox 739 1830 1909 1930; baseline 0.002 -24"><span class='ocrx_word' id='word_1_65' title='bbox 739 1840 932 1930; x_wconf 77' lang='lat' dir='ltr'><strong>postquam</strong></span> <span class='ocrx_word' id='word_1_66' title='bbox 953 1832 1080 1908; x_wconf 88' lang='lat' dir='ltr'><strong>habuit</strong></span> <span class='ocrx_word' id='word_1_67' title='bbox 1106 1852 1167 1907; x_wconf 88' lang='lat' dir='ltr'><strong>me</strong></span> <span class='ocrx_word' id='word_1_68' title='bbox 1191 1837 1311 1907; x_wconf 85' lang='lat' dir='ltr'><strong>totum</strong></span> <span class='ocrx_word' id='word_1_69' title='bbox 1327 1830 1396 1906; x_wconf 83' lang='lat' dir='ltr'>sibi</span> <span class='ocrx_word' id='word_1_70' title='bbox 1413 1851 1525 1926; x_wconf 87' lang='lat' dir='ltr'><strong>supra</strong></span> <span class='ocrx_word' id='word_1_71' title='bbox 1542 1841 1691 1927; x_wconf 79' lang='lat' dir='ltr'>pectore</span> <span class='ocrx_word' id='word_1_72' title='bbox 1707 1830 1802 1906; x_wconf 88' lang='lat' dir='ltr'><strong>iuter</strong></span> <span class='ocrx_word' id='word_1_73' title='bbox 1823 1831 1909 1908; x_wconf 90' lang='lat' dir='ltr'><strong>bra·</strong></span> 
     </span>
     <span class='ocr_line' id='line_1_9' title="bbox 736 1943 1907 2045; baseline -0.003 -16"><span class='ocrx_word' id='word_1_74' title='bbox 736 1953 828 2029; x_wconf 85' lang='lat' dir='ltr'><strong>chia.</strong></span> <span class='ocrx_word' id='word_1_75' title='bbox 855 1953 900 2030; x_wconf 83' lang='lat' dir='ltr'><strong>Et</strong></span> <span class='ocrx_word' id='word_1_76' title='bbox 923 1951 1030 2027; x_wconf 83' lang='lat' dir='ltr'><strong>dicit:</strong></span> <span class='ocrx_word' id='word_1_77' title='bbox 1055 1945 1155 2026; x_wconf 67' lang='lat' dir='ltr'><strong>nest</strong></span> <span class='ocrx_word' id='word_1_78' title='bbox 1177 1943 1299 2026; x_wconf 79' lang='lat' dir='ltr'><strong>started</strong></span> <span class='ocrx_word' id='word_1_79' title='bbox 1323 1954 1506 2026; x_wconf 70' lang='lat' dir='ltr'><strong>davmme</strong></span> <span class='ocrx_word' id='word_1_80' title='bbox 1523 1973 1548 2023; x_wconf 87' lang='lat' dir='ltr'><strong>a</strong></span> <span class='ocrx_word' id='word_1_81' title='bbox 1572 1948 1611 2028; x_wconf 71' lang='lat' dir='ltr'><strong>re*</strong></span> <span class='ocrx_word' id='word_1_82' title='bbox 1632 1953 1802 2042; x_wconf 71' lang='lat' dir='ltr'><strong>durem,</strong></span> <span class='ocrx_word' id='word_1_83' title='bbox 1819 1951 1907 2045; x_wconf 88' lang='lat' dir='ltr'><strong>quia</strong></span> 
     </span>
     <span class='ocr_line' id='line_1_10' title="bbox 737 2064 1908 2167; baseline 0 -21"><span class='ocrx_word' id='word_1_84' title='bbox 737 2093 942 2167; x_wconf 80' lang='lat' dir='ltr'><strong>numquam</strong></span> <span class='ocrx_word' id='word_1_85' title='bbox 973 2072 1139 2167; x_wconf 81' lang='lat' dir='ltr'><strong>deposuit</strong></span> <span class='ocrx_word' id='word_1_86' title='bbox 1164 2064 1290 2165; x_wconf 70' lang='lat' dir='ltr'><strong>meri</strong></span> <span class='ocrx_word' id='word_1_87' title='bbox 1318 2093 1373 2146; x_wconf 83' lang='lat' dir='ltr'><strong>me</strong></span> <span class='ocrx_word' id='word_1_88' title='bbox 1393 2065 1498 2165; x_wconf 86' lang='lat' dir='ltr'><strong>portd</strong></span> <span class='ocrx_word' id='word_1_89' title='bbox 1519 2093 1631 2166; x_wconf 82' lang='lat' dir='ltr'><strong>supra</strong></span> <span class='ocrx_word' id='word_1_90' title='bbox 1646 2075 1672 2145; x_wconf 91' lang='lat' dir='ltr'><strong>&#39;t</strong></span> <span class='ocrx_word' id='word_1_91' title='bbox 1695 2075 1807 2145; x_wconf 77' lang='lat' dir='ltr'><strong>aalma</strong></span> <span class='ocrx_word' id='word_1_92' title='bbox 1832 2075 1908 2146; x_wconf 78' lang='lat' dir='ltr'><strong>det-</strong></span> 
     </span>
     <span class='ocr_line' id='line_1_11' title="bbox 737 2187 1905 2288; baseline 0.003 -23"><span class='ocrx_word' id='word_1_93' title='bbox 737 2195 872 2284; x_wconf 82' lang='lat' dir='ltr'><strong>t’amu,</strong></span> <span class='ocrx_word' id='word_1_94' title='bbox 898 2193 990 2268; x_wconf 78' lang='lat' dir='ltr'><strong>idest</strong></span> <span class='ocrx_word' id='word_1_95' title='bbox 1016 2191 1064 2267; x_wconf 90' lang='lat' dir='ltr'><strong>ad</strong></span> <span class='ocrx_word' id='word_1_96' title='bbox 1094 2191 1258 2267; x_wconf 90' lang='lat' dir='ltr'><strong>medium</strong></span> <span class='ocrx_word' id='word_1_97' title='bbox 1286 2190 1406 2288; x_wconf 89' lang='lat' dir='ltr'><strong>pontis</strong></span> <span class='ocrx_word' id='word_1_98' title='bbox 1435 2191 1570 2286; x_wconf 87' lang='lat' dir='ltr'><strong>quarti,</strong></span> <span class='ocrx_word' id='word_1_99' title='bbox 1598 2187 1694 2266; x_wconf 81' lang='lat' dir='ltr'><strong>ct&#39;rie</strong></span> <span class='ocrx_word' id='word_1_100' title='bbox 1721 2194 1905 2285; x_wconf 75' lang='lat' dir='ltr'><strong>eapreao,</strong></span> 
     </span>
    </p>
   </div>
   <div class='ocr_carea' id='block_1_4' title="bbox 727 2311 1937 4058">
    <p class='ocr_par' dir='ltr' id='par_1_4' title="bbox 727 2311 1937 4058">
     <span class='ocr_line' id='line_1_12' title="bbox 737 2311 1906 2406; baseline 0 -20"><span class='ocrx_word' id='word_1_101' title='bbox 737 2311 828 2387; x_wconf 90' lang='lat' dir='ltr'><strong>idest</strong></span> <span class='ocrx_word' id='word_1_102' title='bbox 853 2312 915 2405; x_wconf 88' lang='lat' dir='ltr'><strong>qui</strong></span> <span class='ocrx_word' id='word_1_103' title='bbox 940 2331 1031 2406; x_wconf 87' lang='lat' dir='ltr'><strong>pous</strong></span> <span class='ocrx_word' id='word_1_104' title='bbox 1054 2320 1111 2387; x_wconf 84' lang='lat' dir='ltr'><strong>est</strong></span> <span class='ocrx_word' id='word_1_105' title='bbox 1134 2311 1321 2404; x_wconf 76' lang='lat' dir='ltr'><strong>transitus,</strong></span> <span class='ocrx_word' id='word_1_106' title='bbox 1345 2313 1410 2386; x_wconf 86' lang='lat' dir='ltr'><strong>dut</strong></span> <span class='ocrx_word' id='word_1_107' title='bbox 1432 2319 1559 2403; x_wconf 80' lang='lat' dir='ltr'><strong>quarto</strong></span> <span class='ocrx_word' id='word_1_108' title='bbox 1578 2313 1705 2402; x_wconf 78' lang='lat' dir='ltr'><strong>arpr&#39;rw</strong></span> <span class='ocrx_word' id='word_1_109' title='bbox 1719 2314 1760 2386; x_wconf 84' lang='lat' dir='ltr'><strong>ut</strong></span> <span class='ocrx_word' id='word_1_110' title='bbox 1773 2315 1906 2405; x_wconf 69' lang='lat' dir='ltr'><strong>prato,</strong></span> 
     </span>
     <span class='ocr_line' id='line_1_13' title="bbox 734 2423 1906 2526; baseline 0.004 -23"><span class='ocrx_word' id='word_1_111' title='bbox 734 2451 878 2524; x_wconf 79' lang='lat' dir='ltr'><strong>espose</strong></span> <span class='ocrx_word' id='word_1_112' title='bbox 900 2434 929 2504; x_wconf 81' lang='lat' dir='ltr'><strong>tt</strong></span> <span class='ocrx_word' id='word_1_113' title='bbox 950 2450 1072 2521; x_wconf 82' lang='lat' dir='ltr'><strong>carco,</strong></span> <span class='ocrx_word' id='word_1_114' title='bbox 1096 2431 1190 2506; x_wconf 89' lang='lat' dir='ltr'><strong>idest</strong></span> <span class='ocrx_word' id='word_1_115' title='bbox 1212 2430 1382 2526; x_wconf 80' lang='lat' dir='ltr'><strong>deposuit</strong></span> <span class='ocrx_word' id='word_1_116' title='bbox 1412 2450 1473 2506; x_wconf 89' lang='lat' dir='ltr'><strong>me</strong></span> <span class='ocrx_word' id='word_1_117' title='bbox 1503 2430 1567 2524; x_wconf 83' lang='lat' dir='ltr'><strong>qui</strong></span> <span class='ocrx_word' id='word_1_118' title='bbox 1596 2423 1703 2506; x_wconf 84' lang='lat' dir='ltr'><strong>vivus</strong></span> <span class='ocrx_word' id='word_1_119' title='bbox 1732 2451 1836 2506; x_wconf 85' lang='lat' dir='ltr'><strong>emur</strong></span> <span class='ocrx_word' id='word_1_120' title='bbox 1869 2439 1906 2508; x_wconf 85' lang='lat' dir='ltr'><strong>et</strong></span> 
     </span>
     <span class='ocr_line' id='line_1_14' title="bbox 734 2549 1906 2644; baseline 0.004 -20"><span class='ocrx_word' id='word_1_121' title='bbox 734 2549 871 2644; x_wconf 75' lang='lat' dir='ltr'><strong>gravis,</strong></span> <span class='ocrx_word' id='word_1_122' title='bbox 896 2553 1003 2642; x_wconf 69' lang='lat' dir='ltr'><strong>pavi,</strong></span> <span class='ocrx_word' id='word_1_123' title='bbox 1027 2549 1163 2624; x_wconf 85' lang='lat' dir='ltr'><strong>scilicet</strong></span> <span class='ocrx_word' id='word_1_124' title='bbox 1194 2550 1232 2625; x_wconf 89' lang='lat' dir='ltr'><strong>irr</strong></span> <span class='ocrx_word' id='word_1_125' title='bbox 1261 2549 1422 2626; x_wconf 89' lang='lat' dir='ltr'><strong>culmine</strong></span> <span class='ocrx_word' id='word_1_126' title='bbox 1453 2570 1575 2644; x_wconf 83' lang='lat' dir='ltr'><strong>arcus,</strong></span> <span class='ocrx_word' id='word_1_127' title='bbox 1603 2559 1834 2642; x_wconf 71' lang='lat' dir='ltr'><strong>sauromata,</strong></span> <span class='ocrx_word' id='word_1_128' title='bbox 1858 2572 1906 2630; x_wconf 89' lang='lat' dir='ltr'><strong>ne</strong></span> 
     </span>
     <span class='ocr_line' id='line_1_15' title="bbox 735 2667 1905 2767; baseline 0.004 -27"><span class='ocrx_word' id='word_1_129' title='bbox 735 2667 889 2744; x_wconf 75' lang='lat' dir='ltr'><strong>tederer</strong></span> <span class='ocrx_word' id='word_1_130' title='bbox 913 2669 951 2743; x_wconf 92' lang='lat' dir='ltr'><strong>irr</strong></span> <span class='ocrx_word' id='word_1_131' title='bbox 975 2669 1099 2764; x_wconf 85' lang='lat' dir='ltr'><strong>atiquo</strong></span> <span class='ocrx_word' id='word_1_132' title='bbox 1124 2679 1273 2764; x_wconf 86' lang='lat' dir='ltr'><strong>propter</strong></span> <span class='ocrx_word' id='word_1_133' title='bbox 1288 2670 1524 2764; x_wconf 76' lang='lat' dir='ltr'><strong>asperitatem</strong></span> <span class='ocrx_word' id='word_1_134' title='bbox 1544 2668 1633 2764; x_wconf 82' lang='lat' dir='ltr'><strong>toci3</strong></span> <span class='ocrx_word' id='word_1_135' title='bbox 1651 2670 1751 2750; x_wconf 87' lang='lat' dir='ltr'><strong>uude</strong></span> <span class='ocrx_word' id='word_1_136' title='bbox 1776 2672 1905 2767; x_wconf 86' lang='lat' dir='ltr'><strong>repetit</strong></span> 
     </span>
     <span class='ocr_line' id='line_1_16' title="bbox 734 2787 1906 2888; baseline 0.002 -26"><span class='ocrx_word' id='word_1_137' title='bbox 734 2787 953 2888; x_wconf 76' lang='lat' dir='ltr'><strong>adverbium</strong></span> <span class='ocrx_word' id='word_1_138' title='bbox 978 2789 1152 2884; x_wconf 82' lang='lat' dir='ltr'><strong>suaviter,</strong></span> <span class='ocrx_word' id='word_1_139' title='bbox 1169 2800 1213 2867; x_wconf 92' lang='lat' dir='ltr'><strong>ut</strong></span> <span class='ocrx_word' id='word_1_140' title='bbox 1230 2789 1393 2867; x_wconf 83' lang='lat' dir='ltr'><strong>declaret</strong></span> <span class='ocrx_word' id='word_1_141' title='bbox 1408 2809 1527 2884; x_wconf 84' lang='lat' dir='ltr'><strong>quare</strong></span> <span class='ocrx_word' id='word_1_142' title='bbox 1546 2787 1719 2886; x_wconf 78' lang='lat' dir='ltr'><strong>Virgilius</strong></span> <span class='ocrx_word' id='word_1_143' title='bbox 1739 2789 1906 2886; x_wconf 77' lang='lat' dir='ltr'><strong>deposuit</strong></span> 
     </span>
     <span class='ocr_line' id='line_1_17' title="bbox 734 2902 1903 3004; baseline 0.002 -21"><span class='ocrx_word' id='word_1_144' title='bbox 734 2927 824 2983; x_wconf 86' lang='lat' dir='ltr'><strong>eum</strong></span> <span class='ocrx_word' id='word_1_145' title='bbox 841 2907 1014 3002; x_wconf 83' lang='lat' dir='ltr'><strong>suaviter,</strong></span> <span class='ocrx_word' id='word_1_146' title='bbox 1027 2908 1168 2984; x_wconf 84' lang='lat' dir='ltr'><strong>diceus:</strong></span> <span class='ocrx_word' id='word_1_147' title='bbox 1185 2929 1292 2984; x_wconf 82' lang='lat' dir='ltr'><strong>suave</strong></span> <span class='ocrx_word' id='word_1_148' title='bbox 1302 2929 1371 3002; x_wconf 80' lang='lat' dir='ltr'><strong>per</strong></span> <span class='ocrx_word' id='word_1_149' title='bbox 1383 2912 1419 2982; x_wconf 89' lang='lat' dir='ltr'><strong>to</strong></span> <span class='ocrx_word' id='word_1_150' title='bbox 1433 2911 1565 3000; x_wconf 79' lang='lat' dir='ltr'><strong>scopite</strong></span> <span class='ocrx_word' id='word_1_151' title='bbox 1580 2912 1718 2984; x_wconf 78' lang='lat' dir='ltr'><strong>morteto</strong></span> <span class='ocrx_word' id='word_1_152' title='bbox 1733 2931 1753 2984; x_wconf 85' lang='lat' dir='ltr'><strong>e</strong></span> <span class='ocrx_word' id='word_1_153' title='bbox 1768 2902 1903 3004; x_wconf 51' lang='lat' dir='ltr'><strong>artati,</strong></span> 
     </span>
     <span class='ocr_line' id='line_1_18' title="bbox 733 3027 1902 3124; baseline 0.002 -22"><span class='ocrx_word' id='word_1_154' title='bbox 733 3027 835 3122; x_wconf 74' lang='lat' dir='ltr'><strong>idest,</strong></span> <span class='ocrx_word' id='word_1_155' title='bbox 861 3029 948 3122; x_wconf 83' lang='lat' dir='ltr'><strong>quia</strong></span> <span class='ocrx_word' id='word_1_156' title='bbox 979 3029 1047 3104; x_wconf 87' lang='lat' dir='ltr'><strong>iste</strong></span> <span class='ocrx_word' id='word_1_157' title='bbox 1070 3049 1161 3123; x_wconf 86' lang='lat' dir='ltr'><strong>pons</strong></span> <span class='ocrx_word' id='word_1_158' title='bbox 1186 3036 1266 3104; x_wconf 88' lang='lat' dir='ltr'><strong>erat</strong></span> <span class='ocrx_word' id='word_1_159' title='bbox 1289 3030 1386 3103; x_wconf 87' lang='lat' dir='ltr'><strong>attus</strong></span> <span class='ocrx_word' id='word_1_160' title='bbox 1410 3035 1449 3103; x_wconf 89' lang='lat' dir='ltr'><strong>et</strong></span> <span class='ocrx_word' id='word_1_161' title='bbox 1471 3047 1579 3123; x_wconf 86' lang='lat' dir='ltr'><strong>asper</strong></span> <span class='ocrx_word' id='word_1_162' title='bbox 1603 3027 1642 3102; x_wconf 89' lang='lat' dir='ltr'><strong>iu</strong></span> <span class='ocrx_word' id='word_1_163' title='bbox 1667 3032 1902 3124; x_wconf 68' lang='lat' dir='ltr'><strong>tantumodo</strong></span> 
     </span>
     <span class='ocr_line' id='line_1_19' title="bbox 729 3148 1900 3243; baseline 0 -21"><span class='ocrx_word' id='word_1_164' title='bbox 729 3149 867 3222; x_wconf 78' lang='lat' dir='ltr'><strong>seredde</strong></span> <span class='ocrx_word' id='word_1_165' title='bbox 890 3151 983 3223; x_wconf 86' lang='lat' dir='ltr'><strong>duro</strong></span> <span class='ocrx_word' id='word_1_166' title='bbox 1008 3167 1118 3222; x_wconf 78' lang='lat' dir='ltr'><strong>vareo</strong></span> <span class='ocrx_word' id='word_1_167' title='bbox 1143 3169 1168 3221; x_wconf 89' lang='lat' dir='ltr'><strong>a</strong></span> <span class='ocrx_word' id='word_1_168' title='bbox 1192 3151 1223 3222; x_wconf 82' lang='lat' dir='ltr'><strong>te</strong></span> <span class='ocrx_word' id='word_1_169' title='bbox 1245 3167 1363 3242; x_wconf 80' lang='lat' dir='ltr'><strong>cupre.</strong></span> <span class='ocrx_word' id='word_1_170' title='bbox 1389 3149 1461 3224; x_wconf 86' lang='lat' dir='ltr'><strong>Per</strong></span> <span class='ocrx_word' id='word_1_171' title='bbox 1485 3149 1555 3222; x_wconf 85' lang='lat' dir='ltr'><strong>hoe</strong></span> <span class='ocrx_word' id='word_1_172' title='bbox 1579 3154 1677 3243; x_wconf 80' lang='lat' dir='ltr'><strong>uota,</strong></span> <span class='ocrx_word' id='word_1_173' title='bbox 1703 3148 1801 3243; x_wconf 87' lang='lat' dir='ltr'><strong>quud</strong></span> <span class='ocrx_word' id='word_1_174' title='bbox 1829 3169 1900 3223; x_wconf 90' lang='lat' dir='ltr'><strong>au·</strong></span> 
     </span>
     <span class='ocr_line' id='line_1_20' title="bbox 729 3266 1898 3364; baseline -0.001 -22"><span class='ocrx_word' id='word_1_175' title='bbox 729 3274 787 3342; x_wconf 87' lang='lat' dir='ltr'><strong>tor</strong></span> <span class='ocrx_word' id='word_1_176' title='bbox 814 3268 936 3364; x_wconf 83' lang='lat' dir='ltr'><strong>tangit·</strong></span> <span class='ocrx_word' id='word_1_177' title='bbox 955 3267 1208 3346; x_wconf 83' lang='lat' dir='ltr'><strong>difficultatem</strong></span> <span class='ocrx_word' id='word_1_178' title='bbox 1240 3267 1428 3362; x_wconf 83' lang='lat' dir='ltr'><strong>sequentis</strong></span> <span class='ocrx_word' id='word_1_179' title='bbox 1459 3267 1634 3361; x_wconf 79' lang='lat' dir='ltr'><strong>materie,</strong></span> <span class='ocrx_word' id='word_1_180' title='bbox 1662 3267 1767 3361; x_wconf 89' lang='lat' dir='ltr'><strong>quasi</strong></span> <span class='ocrx_word' id='word_1_181' title='bbox 1790 3266 1898 3362; x_wconf 84' lang='lat' dir='ltr'><strong>dicat,</strong></span> 
     </span>
     <span class='ocr_line' id='line_1_21' title="bbox 728 3385 1937 3481; baseline 0.003 -21"><span class='ocrx_word' id='word_1_182' title='bbox 728 3385 827 3481; x_wconf 90' lang='lat' dir='ltr'><strong>quod</strong></span> <span class='ocrx_word' id='word_1_183' title='bbox 851 3387 919 3464; x_wconf 87' lang='lat' dir='ltr'><strong>iste</strong></span> <span class='ocrx_word' id='word_1_184' title='bbox 944 3394 1121 3463; x_wconf 75' lang='lat' dir='ltr'><strong>traemtus</strong></span> <span class='ocrx_word' id='word_1_185' title='bbox 1144 3407 1305 3481; x_wconf 82' lang='lat' dir='ltr'><strong>sequeus</strong></span> <span class='ocrx_word' id='word_1_186' title='bbox 1330 3394 1427 3464; x_wconf 88' lang='lat' dir='ltr'><strong>esset</strong></span> <span class='ocrx_word' id='word_1_187' title='bbox 1450 3387 1568 3462; x_wconf 88' lang='lat' dir='ltr'><strong>durus</strong></span> <span class='ocrx_word' id='word_1_188' title='bbox 1592 3393 1630 3462; x_wconf 91' lang='lat' dir='ltr'><strong>et</strong></span> <span class='ocrx_word' id='word_1_189' title='bbox 1657 3387 1811 3462; x_wconf 84' lang='lat' dir='ltr'><strong>difficilis</strong></span> <span class='ocrx_word' id='word_1_190' title='bbox 1836 3408 1899 3464; x_wconf 81' lang='lat' dir='ltr'><strong>aa·</strong></span> <span class='ocrx_word' id='word_1_191' title='bbox 1935 3423 1937 3430; x_wconf 94' lang='lat'>·</span> 
     </span>
     <span class='ocr_line' id='line_1_22' title="bbox 728 3501 1899 3598; baseline 0.003 -24"><span class='ocrx_word' id='word_1_192' title='bbox 728 3501 813 3596; x_wconf 89' lang='lat' dir='ltr'><strong>pris,</strong></span> <span class='ocrx_word' id='word_1_193' title='bbox 834 3502 925 3578; x_wconf 88' lang='lat' dir='ltr'><strong>idest</strong></span> <span class='ocrx_word' id='word_1_194' title='bbox 951 3502 1037 3577; x_wconf 90' lang='lat' dir='ltr'><strong>viris</strong></span> <span class='ocrx_word' id='word_1_195' title='bbox 1060 3502 1259 3578; x_wconf 81' lang='lat' dir='ltr'><strong>acutissimi</strong></span> <span class='ocrx_word' id='word_1_196' title='bbox 1277 3502 1493 3596; x_wconf 84' lang='lat' dir='ltr'><strong>intellectus,</strong></span> <span class='ocrx_word' id='word_1_197' title='bbox 1511 3503 1606 3578; x_wconf 83' lang='lat' dir='ltr'><strong>sieut</strong></span> <span class='ocrx_word' id='word_1_198' title='bbox 1625 3521 1746 3598; x_wconf 83' lang='lat' dir='ltr'><strong>caprae</strong></span> <span class='ocrx_word' id='word_1_199' title='bbox 1763 3503 1899 3580; x_wconf 84' lang='lat' dir='ltr'><strong>habeut</strong></span> 
     </span>
     <span class='ocr_line' id='line_1_23' title="bbox 728 3607 1899 3714; baseline 0.002 -18"><span class='ocrx_word' id='word_1_200' title='bbox 728 3621 847 3696; x_wconf 90' lang='lat' dir='ltr'><strong>visum</strong></span> <span class='ocrx_word' id='word_1_201' title='bbox 872 3607 1135 3698; x_wconf 86' lang='lat' dir='ltr'><strong>acutissimum.</strong></span> <span class='ocrx_word' id='word_1_202' title='bbox 1161 3623 1207 3698; x_wconf 82' lang='lat' dir='ltr'><strong>Et</strong></span> <span class='ocrx_word' id='word_1_203' title='bbox 1230 3621 1430 3698; x_wconf 80' lang='lat' dir='ltr'><strong>concludit:</strong></span> <span class='ocrx_word' id='word_1_204' title='bbox 1449 3625 1536 3714; x_wconf 80' lang='lat' dir='ltr'><strong>tadi,</strong></span> <span class='ocrx_word' id='word_1_205' title='bbox 1555 3622 1648 3698; x_wconf 91' lang='lat' dir='ltr'><strong>idest</strong></span> <span class='ocrx_word' id='word_1_206' title='bbox 1672 3622 1720 3698; x_wconf 89' lang='lat' dir='ltr'><strong>de</strong></span> <span class='ocrx_word' id='word_1_207' title='bbox 1737 3623 1899 3699; x_wconf 85' lang='lat' dir='ltr'><strong>cuimine</strong></span> 
     </span>
     <span class='ocr_line' id='line_1_24' title="bbox 727 3739 1898 3837; baseline 0.002 -21"><span class='ocrx_word' id='word_1_208' title='bbox 727 3739 822 3816; x_wconf 85' lang='lat' dir='ltr'><strong>iltius</strong></span> <span class='ocrx_word' id='word_1_209' title='bbox 854 3762 975 3835; x_wconf 83' lang='lat' dir='ltr'><strong>arcus,</strong></span> <span class='ocrx_word' id='word_1_210' title='bbox 1005 3761 1053 3816; x_wconf 80' lang='lat' dir='ltr'><strong>aa</strong></span> <span class='ocrx_word' id='word_1_211' title='bbox 1084 3745 1178 3816; x_wconf 82' lang='lat' dir='ltr'><strong>atrro</strong></span> <span class='ocrx_word' id='word_1_212' title='bbox 1208 3745 1325 3816; x_wconf 78' lang='lat' dir='ltr'><strong>eudon</strong></span> <span class='ocrx_word' id='word_1_213' title='bbox 1351 3746 1400 3816; x_wconf 77' lang='lat' dir='ltr'><strong>mr·</strong></span> <span class='ocrx_word' id='word_1_214' title='bbox 1424 3747 1465 3837; x_wconf 67' lang='lat' dir='ltr'><strong>lit</strong></span> <span class='ocrx_word' id='word_1_215' title='bbox 1489 3750 1648 3836; x_wconf 76' lang='lat' dir='ltr'><strong>ruoperto</strong></span> <span class='ocrx_word' id='word_1_216' title='bbox 1661 3769 1676 3836; x_wconf 89' lang='lat'><em>;</em></span> <span class='ocrx_word' id='word_1_217' title='bbox 1706 3741 1798 3818; x_wconf 87' lang='lat' dir='ltr'><strong>idest</strong></span> <span class='ocrx_word' id='word_1_218' title='bbox 1827 3743 1898 3818; x_wconf 88' lang='lat' dir='ltr'><strong>alia</strong></span> 
     </span>
     <span class='ocr_line' id='line_1_25' title="bbox 728 3861 1898 3958; baseline 0 -23"><span class='ocrx_word' id='word_1_219' title='bbox 728 3862 840 3956; x_wconf 83' lang='lat' dir='ltr'><strong>vallis,</strong></span> <span class='ocrx_word' id='word_1_220' title='bbox 865 3862 943 3938; x_wconf 89' lang='lat' dir='ltr'><strong>sive</strong></span> <span class='ocrx_word' id='word_1_221' title='bbox 967 3862 1092 3958; x_wconf 77' lang='lat' dir='ltr'><strong>bulgis</strong></span> <span class='ocrx_word' id='word_1_222' title='bbox 1116 3869 1260 3957; x_wconf 85' lang='lat' dir='ltr'><strong>quarta,</strong></span> <span class='ocrx_word' id='word_1_223' title='bbox 1281 3881 1367 3957; x_wconf 82' lang='lat' dir='ltr'><strong>quae</strong></span> <span class='ocrx_word' id='word_1_224' title='bbox 1392 3870 1472 3938; x_wconf 83' lang='lat' dir='ltr'><strong>erut</strong></span> <span class='ocrx_word' id='word_1_225' title='bbox 1497 3863 1568 3940; x_wconf 88' lang='lat' dir='ltr'><strong>sub</strong></span> <span class='ocrx_word' id='word_1_226' title='bbox 1594 3863 1662 3938; x_wconf 88' lang='lat' dir='ltr'><strong>istu</strong></span> <span class='ocrx_word' id='word_1_227' title='bbox 1687 3869 1809 3958; x_wconf 88' lang='lat' dir='ltr'><strong>ponte,</strong></span> <span class='ocrx_word' id='word_1_228' title='bbox 1831 3861 1898 3936; x_wconf 85' lang='lat' dir='ltr'><strong>tuit</strong></span> 
     </span>
     <span class='ocr_line' id='line_1_26' title="bbox 728 3981 1433 4058; baseline 0.003 -2"><span class='ocrx_word' id='word_1_229' title='bbox 728 3982 957 4058; x_wconf 81' lang='lat' dir='ltr'><strong>manifestata</strong></span> <span class='ocrx_word' id='word_1_230' title='bbox 981 3987 1019 4056; x_wconf 90' lang='lat' dir='ltr'><strong>et</strong></span> <span class='ocrx_word' id='word_1_231' title='bbox 1042 3981 1164 4058; x_wconf 85' lang='lat' dir='ltr'><strong>obtata</strong></span> <span class='ocrx_word' id='word_1_232' title='bbox 1189 3981 1304 4058; x_wconf 87' lang='lat' dir='ltr'><strong>ocutis</strong></span> <span class='ocrx_word' id='word_1_233' title='bbox 1332 3983 1433 4058; x_wconf 81' lang='lat' dir='ltr'><strong>meis</strong></span> 
     </span>
    </p>
   </div>
   <div class='ocr_carea' id='block_1_5' title="bbox 786 4240 1837 4308">
    <p class='ocr_par' dir='ltr' id='par_1_5' title="bbox 786 4240 1837 4308">
     <span class='ocr_line' id='line_1_27' title="bbox 786 4240 1837 4308; baseline -0.014 0"><span class='ocrx_word' id='word_1_234' title='bbox 786 4245 1067 4308; x_wconf 54' lang='lat' dir='ltr'><strong>mmmmm.</strong></span> <span class='ocrx_word' id='word_1_235' title='bbox 1298 4243 1531 4308; x_wconf 61' lang='lat' dir='ltr'><strong>i&#39;isstrtdddoet</strong></span> <span class='ocrx_word' id='word_1_236' title='bbox 1547 4240 1837 4304; x_wconf 48' lang='lat' dir='ltr'><strong>intimatum</strong></span> 
     </span>
    </p>
   </div>
   <div class='ocr_carea' id='block_1_6' title="bbox 0 0 2268 6836">
    <p class='ocr_par' dir='ltr' id='par_1_6' title="bbox 0 0 2268 6836">
     <span class='ocr_line' id='line_1_28' title="bbox 0 0 2268 6836; baseline 0 0"><span class='ocrx_word' id='word_1_237' title='bbox 0 0 2268 6836; x_wconf 95' lang='lat' dir='ltr'><strong> </strong></span> 
     </span>
    </p>
   </div>
  </div>
 </body>
</html>
