4534 6842
700 923 769 990 168
1088 931 1291 990 domum
1315 934 1467 990 mnsam

696 1079 740 1152 Et
765 1077 936 1172 exprimit
951 1097 1097 1172 poeuam
1120 1078 1286 1174 istorum,
1304 1100 1388 1173 quae
1408 1086 1465 1154 est
1481 1080 1597 1156 latens
1622 1085 1660 1156 et
1684 1080 1867 1179 incognita

696 1198 900 1276 videntibus
925 1197 1023 1290 ioris,
1049 1197 1112 1274 sed
1137 1197 1203 1292 ipsi
1228 1199 1323 1274 bene
1348 1198 1510 1274 sentiunt
1542 1219 1626 1274 eam
1642 1201 1800 1275 'interim
1815 1195 1865 1294 (¹).

695 1319 787 1394 Dicit
812 1339 925 1414 ergo:
952 1324 990 1392 et
1014 1318 1100 1412 ipsae
1125 1339 1260 1414 ceppae,
1285 1340 1351 1393 soa
1375 1323 1500 1394 dorato
1524 1321 1562 1392 di
1582 1325 1681 1414 fiacr,
1698 1320 1786 1416 quia
1810 1322 1867 1396 vi·

696 1441 830 1515 dentur
854 1445 959 1514 extra
983 1439 1132 1533 perfecti
1147 1431 1184 1531 (²)
1199 1447 1243 1513 ut
1266 1460 1416 1534 aurum,
1433 1451 1471 1517 et
1487 1439 1631 1537 fulgere
1649 1441 1865 1538 virtutibus3

696 1558 794 1633 unde
819 1559 1005 1655 hypocrita
1031 1559 1293 1654 interpretatur
1309 1561 1467 1656 desuper
1485 1570 1640 1636 auratus
1653 1553 1704 1658 (³),
1727 1563 1814 1657 quia
1827 1552 1866 1654 (ὅ)

696 1685 803 1754 extra
834 1678 978 1754 videtur
1008 1681 1172 1776 angelus,
1202 1680 1300 1754 intus
1331 1687 1386 1756 est
1414 1680 1597 1777 diabolus3
1628 1689 1667 1756 et
1698 1681 1802 1758 dicit:
1836 1675 1867 1756 si

694 1803 820 1892 cd’epli
834 1801 990 1891 abactio,
1007 1799 1108 1894 idest,
1126 1801 1338 1876 abluciuant
1352 1793 1403 1897 (⁵),
1422 1801 1509 1896 quia
1528 1802 1589 1878 tali
1607 1802 1716 1878 modo
1735 1802 1865 1878 faliunt

697 1942 770 1996 non
795 1920 915 1994 solum
940 1919 1139 2014 simplices;
1165 1920 1229 1995 sed
1257 1941 1355 2016 soepe
1383 1922 1479 1998 bene
1504 1922 1683 2018 sapientes
1715 1928 1752 1996 et
1776 1943 1867 2016 pru-

695 2041 832 2116 dentes
860 2041 904 2112 ut
928 2059 1015 2116 ecce
1039 2040 1264 2135 oppositum:
1291 2062 1351 2114 mc
1375 2044 1500 2116 darno
1534 2037 1571 2116 de
1597 2041 1738 2134 piombo
1767 2047 1865 2132 tcto,

697 2163 783 2258 quia
807 2161 846 2236 in
871 2170 994 2238 mente
1019 2167 1104 2236 suut
1129 2161 1331 2256 imperfecti
1366 2167 1404 2236 et
1433 2161 1591 2257 obscuri,
1622 2160 1716 2236 siout
1744 2162 1867 2256 pium-

697 2283 808 2376 bum,
824 2280 918 2356 vitiis
944 2280 1105 2357 occultis.
1132 2283 1176 2356 Et
1201 2281 1408 2356 manifestat
1423 2281 1643 2379 gravitatem
1665 2267 1887 2378 capparum*

696 2425 762 2500 per
796 2423 910 2477 unam
943 2403 1255 2497 comparationem
1285 2401 1557 2498 pulcerrimaur.
1592 2402 1648 2476 Ad
1680 2402 1786 2476 cuius
1812 2403 1869 2477 in-

698 2522 933 2619 telbgentiam
959 2522 1042 2597 volo
1068 2529 1105 2596 te
1130 2529 1269 2616 notare,
1291 2523 1389 2616 quod
1409 2521 1604 2596 Federicus
1629 2521 1659 2594 ΙΙ
1684 2521 1751 2595 iuit
1768 2522 1870 2618 prin·

698 2665 783 2740 ceps
808 2643 1028 2718 sevissimus
1045 2643 1192 2738 punitor
1209 2663 1353 2737 eorum,
1370 2641 1433 2736 qui
1454 2641 1669 2716 dicebantur
1686 2642 1739 2716 rei
1756 2643 1870 2718 Maie-

699 2764 811 2859 statis,
831 2763 907 2837 imo
932 2781 1029 2858 saepe
1054 2763 1264 2838 innocentes
1289 2761 1530 2836 iniustissimis
1542 2753 1577 2854 (⁶)
1592 2763 1708 2856 poenis
1730 2763 1868 2859 affecit3

699 2883 793 2958 sicut
817 2882 1103 2980 primogenitum
1130 2882 1213 2957 iecit
1237 2902 1387 2958 carcere
1412 2881 1519 2976 mori,
1536 2889 1573 2956 et
1593 2882 1724 2957 Petrus
1744 2883 1792 2958 de
1810 2883 1870 2956 Vi-

700 3005 777 3082 neis
793 3004 991 3100 exoculari,
1005 3009 1043 3080 et
1054 3004 1143 3080 alios
1159 3002 1312 3079 diversis
1329 3003 1446 3100 poeuis
1463 3003 1659 3097 macerari3
1673 3003 1870 3098 aliquando

698 3132 824 3202 autem
851 3146 947 3203 novo
971 3145 1110 3222 genere
1133 3145 1252 3220 poenae
1277 3125 1429 3220 punivit,
1455 3124 1517 3218 qui
1533 3123 1710 3199 ‘fecerant
1742 3134 1870 3202 contra

698 3267 884 3322 coronam.
911 3246 1004 3321 Nam
1030 3245 1184 3322 iaciebat
1208 3245 1286 3320 fieri
1314 3265 1424 3318 uuam
1456 3244 1619 3320 tunicam
1644 3266 1690 3320 ex
1716 3247 1868 3342 plumbo

697 3365 870 3465 grossiori
897 3365 1002 3460 quasi
1026 3365 1137 3438 unius
1162 3365 1291 3460 unciae,
1312 3386 1386 3459 qua
1404 3365 1558 3441 iaciebat
1577 3366 1682 3440 ilium
1703 3367 1804 3442 indui
1818 3359 1869 3462 (⁷),

699 3487 749 3560 ita
775 3485 873 3582 quod
900 3484 946 3559 ad
973 3484 1124 3558 modum
1150 3505 1275 3580 cappae
1299 3485 1446 3581 tegebat
1473 3490 1589 3559 totum
1616 3506 1750 3582 corpus
1767 3509 1789 3562 a
1806 3509 1870 3563 ca·-

698 3607 772 3703 pite
797 3625 915 3698 usque
934 3604 980 3679 ad
998 3603 1124 3698 pedes3
1141 3604 1270 3680 deinde
1288 3604 1441 3679 iaciebat
1454 3605 1571 3700 ipsum
1590 3607 1675 3702 poni
1692 3608 1730 3681 in
1751 3629 1869 3684 unum

700 3745 776 3821 vas,
801 3724 896 3800 sicut
920 3725 957 3799 in
981 3725 1191 3820 caldariam,
1209 3731 1246 3800 et
1270 3724 1392 3820 ignem
1419 3724 1557 3819 subiici,
1576 3727 1626 3801 ita
1652 3728 1752 3821 quod
1768 3731 1870 3804 calor

699 3843 953 3939 liquefaciebat
976 3845 1183 3939 plumbum,
1200 3855 1238 3921 et
1261 3844 1373 3919 bomo
1399 3844 1621 3921 tundebatur
1646 3846 1755 3922 simui
1781 3871 1867 3925 curu

700 3967 863 4064 plumbo,
897 3986 1009 4041 carne
1040 3965 1241 4040 frustratim
1275 3965 1438 4040 cadente.
1477 3967 1520 4040 Et
1553 3973 1609 4042 est
1643 3971 1870 4065 comparatio

699 4086 858 4185 propria,
884 4085 977 4160 sicut
1007 4084 1054 4160 de
1084 4105 1125 4160 se
1149 4092 1258 4181 patet,
1288 4084 1336 4159 de
1371 4106 1485 4181 cappa
1521 4088 1705 4182 plumblea
1730 4090 1870 4184 ponde·

701 4229 786 4284 rosa
809 4207 856 4282 ad
881 4227 1031 4303 cappam
1058 4207 1269 4302 plumbeam
1294 4205 1548 4301 ponderosam,
1568 4208 1615 4283 de
1631 4209 1805 4285 damnato
1823 4211 1870 4286 ad

700 4329 927 4420 damnatum,
953 4327 1000 4400 de
1024 4325 1176 4400 erimine
1200 4324 1247 4399 ad
1273 4325 1424 4400 crimen.
1443 4326 1544 4402 Sicut
1561 4347 1652 4423 erge
1676 4329 1871 4405 Federicus

701 4449 901 4543 imperator
922 4465 1161 4520 romanorum
1180 4445 1294 4542 rigide
1312 4447 1485 4541 puniebat
1502 4449 1726 4543 proditorem
1747 4471 1871 4547 suum,

702 4568 751 4643 ita
763 4559 800 4661 (⁸)
825 4571 986 4641 [eternus
1010 4564 1210 4658 imperator
1240 4566 1337 4639 Deus
1363 4567 1478 4663 rigide
1503 4569 1607 4664 punit
1632 4571 1871 4668 hypocritam,

765 4839 844 4903 (¹18,
862 4839 892 4892 B.
908 4853 923 4890 e
939 4844 994 4901 tid,
1011 4839 1128 4892 iuterim.
1373 4841 1401 4904 (¹)
1416 4840 1443 4893 S.
1460 4839 1590 4904 porrecta.

763 4917 790 4980 m
808 4920 861 4978 ns,
878 4917 1024 4968 cunnus.
1373 4919 1401 4980 p)
1417 4918 1449 4969 n.
1465 4917 1518 4981 qur.

764 4995 792 5056 (¹)
808 4993 838 5044 Β,
854 4993 992 5046 abludunt
1373 4994 1400 5056 (·)
1416 4994 1446 5044 li.
1463 4991 1636 5043 iniustissime.

765 5069 792 5134 (¹)
808 5071 834 5122 S.
849 5069 921 5122 indui
937 5075 1069 5136 umquam
1084 5071 1116 5122 ad
1131 5071 1247 5123 modum.
1372 5069 1399 5132 (¹)
1415 5069 1446 5120 li.
1462 5069 1497 5122 itu
1512 5069 1655 5134 impensor
1671 5068 1749 5120 bem.
