4606 6840
756 993 895 1050 caurus
921 993 1114 1050 bessinus
1137 993 1281 1048 saurus.
1523 981 1593 1050 283

419 1143 596 1238 potuisset
622 1141 721 1235 loqui
747 1161 833 1214 eum
860 1140 927 1214 illis
952 1139 1147 1235 spiritibus,
1173 1137 1258 1233 quia
1285 1124 1358 1215 cito'
1384 1139 1595 1214 transissent

419 1262 575 1338 velando
600 1281 666 1357 per
691 1280 836 1354 aerem;
863 1260 944 1334 ideo
969 1260 1069 1354 petit,
1096 1259 1196 1353 qnod
1222 1266 1402 1355 expectet,
1424 1253 1538 1353 fieetd
1559 1263 1596 1332 te

416 1387 563 1477 fiommo
583 1389 745 1473 cornute,
757 1381 861 1474 idest,
876 1401 960 1475 quae
974 1381 1083 1454 babel
1099 1379 1175 1454 due
1192 1401 1332 1456 cornua
1345 1391 1468 1476 acuta,
1483 1401 1595 1472 veprto

420 1525 503 1598 que,
518 1505 654 1578 seilicet
666 1521 796 1576 versus
810 1521 887 1595 nes,
902 1502 1150 1595 quia'llamma
1163 1501 1333 1577 veniebat
1359 1521 1489 1576 versus
1515 1523 1595 1576 me-
1661 1571 1665 1580 .

419 1625 521 1699 dium
548 1623 665 1718 pontis
690 1622 753 1696 ubi
775 1627 889 1696 erant.
909 1622 952 1695 Et
974 1628 1014 1695 ut
1030 1623 1196 1697 ostendat
1221 1623 1411 1698 ardentem
1429 1623 1595 1698 allectio·

421 1765 504 1819 nem
532 1763 651 1837 suam,
671 1742 780 1816 dicit:
807 1744 884 1815 oedl
907 1744 967 1814 ebe
992 1763 1045 1814 me
1059 1745 1165 1834 pleno
1185 1764 1247 1816 ver
1264 1745 1319 1833 te',
1339 1742 1444 1837 idest,
1461 1743 1594 1818 inclino

422 1885 483 1940 me
506 1884 636 1938 versus
661 1863 759 1937 illam
786 1863 985 1957 dammam,
1009 1865 1065 1934 del
1079 1865 1182 1953 diste,
1201 1862 1304 1955 idest,
1321 1881 1368 1936 ex
1385 1863 1593 1939 vehementi

421 1984 611 2077 desiderio,
638 1983 741 2077 quasi
767 1983 886 2057 dieat:
909 1983 1025 2078 magis
1042 1982 1136 2057 vade
1153 2001 1283 2056 versus
1301 1984 1488 2058 llammam
1506 2003 1592 2057 eum
1686 1987 1689 1994 ’

421 2106 555 2199 animo,
582 2123 694 2197 quam
721 2104 870 2177 llamma
895 2103 987 2198 ignis
1012 2103 1061 2176 ita
1088 2104 1196 2177 velox
1222 2103 1344 2177 veniat
1364 2122 1495 2177 versus
1521 2122 1592 2177 me.

421 2227 495 2300 Nee
520 2223 664 2297 mireris
681 2223 711 2296 si
732 2229 843 2296 auter
858 2221 1015 2296 ostendit
1032 2228 1170 2296 tantam
1188 2223 1396 2297 aviditatem
1422 2223 1594 2297 audiendi

420 2347 518 2438 istos,
544 2343 631 2436 quia
658 2343 735 2437 jam
769 2341 899 2415 audisti
931 2343 1058 2435 quales
1090 2343 1256 2416 hemines
1286 2342 1440 2436 meriut3
1462 2348 1498 2418 et
1523 2343 1595 2417 boe

420 2466 524 2540 dice:
557 2465 586 2535 ε’
598 2465 630 2536 et
659 2482 791 2554 possen
817 2465 949 2553 parler
979 2465 1103 2536 dentre
1127 2466 1176 2536 do
1202 2466 1310 2560 quelle
1331 2467 1464 2558 saville,
1490 2463 1593 2558 idest,

423 2588 517 2662 intra
549 2585 627 2658 illas
657 2583 749 2658 duas
784 2584 949 2658 llammas
975 2585 1149 2659 lucentes.
1176 2586 1252 2660 llec
1277 2605 1344 2679 pro
1370 2591 1471 2659 tante
1496 2583 1593 2679 dicit,

421 2707 605 2801 quianon
632 2705 726 2779 bene
750 2706 950 2800 apparebat
975 2705 1161 2798 quemodo
1188 2706 1245 2780 vel
1272 2705 1370 2780 unde
1387 2705 1443 2779 isti
1466 2705 1593 2780 inclusi

421 2828 515 2901 intra
549 2826 737 2900 llammam
773 2832 919 2919 possent
953 2826 1122 2900 emittere
1156 2845 1284 2900 vocem
1318 2825 1365 2900 ad
1399 2833 1515 2900 entra.
1549 2827 1594 2899 Et

422 2947 543 3022 subdit
560 2946 833 3040 responsionem
851 2946 988 3042 Virgilii
1005 2946 1068 3038 qui
1081 2945 1259 3040 approbat
1272 2947 1482 3039 petitionem
1501 2946 1592 3039 eius,

422 3071 481 3144 vel
515 3068 623 3142 ollert
646 3087 687 3142 se
712 3068 923 3140 locuturum
950 3066 1017 3139 illis
1041 3085 1109 3159 pro
1135 3085 1199 3159 eo;
1227 3066 1326 3140 unde
1351 3065 1456 3140 dicit:
1482 3075 1516 3139 et
1539 3069 1596 3139 elli

423 3211 538 3280 aem,
564 3189 665 3281 idest,
691 3193 728 3261 et
752 3187 812 3259 ille
838 3184 1008 3280 Virgilius
1034 3186 1216 3280 respondit
1242 3186 1354 3260 mibi:
1380 3189 1416 3258 la
1442 3193 1501 3260 tue
1520 3208 1593 3280 pe-

422 3313 504 3384 role
529 3305 566 3383 e‘e
589 3311 705 3399 dapem
729 3310 767 3380 di
791 3309 899 3379 mette
923 3309 1014 3398 tede,
1040 3307 1145 3400 quasi
1170 3306 1288 3380 dicat:
1310 3313 1373 3380 tua
1396 3308 1518 3400 petitio
1540 3315 1596 3382 est

424 3429 528 3504 valde
554 3427 753 3520 laudabilis,
779 3426 866 3520 quia
892 3427 1063 3520 pulcrum
1090 3431 1145 3500 est
1170 3427 1232 3500 tali
1257 3427 1337 3500 vire
1362 3427 1457 3502 seire
1476 3434 1514 3501 et
1538 3429 1595 3502 in-

423 3549 572 3643 quirere
606 3547 737 3642 inclyta
772 3553 873 3642 gesta
909 3552 1095 3620 tantorum
1131 3547 1288 3621 bereum
1306 3540 1356 3642 (¹),
1381 3557 1415 3621 et
1446 3551 1481 3621 ie
1504 3541 1596 3641 perd

424 3674 595 3762 torcello,
613 3668 698 3762 quia
717 3668 812 3762 vole,
830 3667 928 3761 quod
955 3668 1091 3742 babeas
1109 3668 1207 3761 quod
1225 3674 1368 3741 tantum
1391 3675 1514 3763 optas3
1531 3669 1595 3744 sed

422 3799 566 3886 oportet
595 3790 648 3862 uti
678 3791 833 3881 cautela,
860 3789 946 3883 quia
971 3788 1112 3862 laellius
1137 3795 1174 3862 et
1189 3781 1226 3880 (²)
1253 3788 1392 3863 lelieius
1416 3791 1595 3866 obtinebis

422 3911 605 3986 mediante
630 3929 713 3983 mea
740 3909 864 4004 lingua
890 3908 989 4001 quod
1015 3909 1116 4002 petis,
1143 3929 1255 4002 quam
1278 3909 1306 3982 si
1325 3928 1391 4004 per
1409 3915 1445 3983 te
1462 3909 1595 3985 imme-

422 4032 518 4106 diate
543 4037 699 4124 peteres,
717 4029 799 4103 ideo
824 4028 931 4102 dicit:
957 4047 1017 4100 mo
1038 4033 1080 4124 se
1105 4031 1164 4100 ete
1189 4031 1225 4100 lo
1250 4036 1311 4102 loe
1335 4032 1456 4119 tinpue
1480 4033 1512 4102 si
1534 4051 1595 4102 so-

420 4159 557 4243 sepem,
592 4149 696 4244 quasi
727 4149 845 4222 dicat:
878 4147 975 4222 habe
999 4147 1221 4242 patientiam,
1248 4155 1329 4224 tace
1354 4155 1391 4224 et
1415 4151 1593 4244 ausculta,

421 4297 439 4348 e
464 4277 561 4346 losse
590 4275 721 4364 portur
750 4293 774 4343 e
806 4291 860 4342 me
888 4272 938 4342 cb'
951 4261 1015 4343 t’t
1040 4275 1191 4342 cencede
1216 4261 1269 4342 eid
1293 4272 1353 4342 elta
1378 4277 1414 4344 lu
1438 4275 1531 4362 vuol,
1557 4279 1595 4346 el

422 4394 473 4468 sie
498 4393 648 4468 babebis
673 4391 846 4486 quiequid
872 4390 926 4464 vis
951 4397 1077 4484 petere
1101 4397 1139 4464 et
1163 4391 1256 4465 seire
1273 4391 1320 4465 ab
1340 4391 1434 4485 islis3
1455 4399 1493 4466 et
1511 4393 1595 4468 red-

422 4514 473 4588 dit
498 4513 677 4588 rationem
703 4512 826 4587 diceus
844 4535 853 4584 ε
875 4513 1034 4603 peralt'ei
1054 4511 1215 4584 serebber
1230 4514 1338 4584 sebui
1350 4517 1448 4606 serso
1465 4516 1523 4586 det
1538 4521 1595 4587 lue

421 4637 525 4724 detto,
551 4633 655 4726 quasi
681 4632 799 4706 dieat:
826 4631 913 4724 quia
930 4632 1024 4708 sorte
1045 4630 1322 4726 indignarentur
1339 4633 1439 4727 loqui
1458 4639 1594 4730 tecum2

420 4749 548 4849 perctd
559 4759 623 4848 sor
638 4758 743 4844 praei
765 4754 834 4828 Sed
854 4753 911 4827 bie
929 4752 1061 4827 merite
1079 4754 1258 4846 quaeritur
1276 4773 1393 4848 quare
1410 4754 1465 4829 isti
1483 4754 1594 4850 graeci

425 4875 576 4950 luissent
602 4873 774 4968 indignati
792 4875 893 4967 loqui
913 4874 1134 4968 bantinum
1156 4880 1279 4948 tamen
1298 4873 1468 4970 Virgilius
1488 4895 1593 4948 man-

485 5137 514 5200 (¹)
529 5138 555 5188 S·
572 5137 698 5189 'immm-
1095 5136 1124 5202 (¹)
1140 5139 1170 5190 ll.
1185 5143 1213 5190 et
1228 5138 1317 5190 utllim
1333 5139 1466 5190 obtinebis.
