4526 6836
744 953 791 1018 ott
1141 943 1347 1018 donarunt
1370 961 1523 1019 mmm

731 1108 815 1183 cite
835 1099 883 1200 (¹),
909 1107 1003 1183 sicut
1026 1105 1085 1180 isti
1111 1105 1326 1183 incedebant
1350 1125 1461 1201 nunc,
1486 1112 1525 1182 et
1547 1105 1682 1198 adqnae
1706 1103 1841 1180 vettdae
1861 1103 1915 1178 la·

745 1231 961 1322 erymantur
978 1245 1024 1300 ex
1042 1225 1294 1320 compassione
1310 1225 1431 1300 cordis
1447 1225 1506 1301 vel
1522 1224 1727 1317 devotione,
1741 1223 1916 1298 nnoomm

748 1343 965 1421 memoriam
993 1353 1230 1440 peecatorum
1255 1364 1424 1438 suorum,
1453 1344 1547 1420 sicut
1577 1343 1636 1418 isli
1661 1334 1796 1438 vagid)
1819 1361 1917 1416 nunc

747 1471 863 1562 agunt
879 1463 1141 1560 poenitentiam,
1162 1465 1331 1558 quamvis
1356 1465 1535 1559 inutilem,
1559 1465 1607 1540 de
1631 1463 1822 1539 erroribus
1839 1483 1918 1538 ma·

747 1585 828 1682 gnis
852 1605 996 1660 eorum.
1022 1584 1066 1657 itt
1090 1585 1206 1681 tangit
1230 1585 1387 1660 iormam
1413 1603 1543 1680 poenae,
1563 1583 1709 1662 dicens:
1735 1605 1755 1658 e
1778 1587 1918 1658 α’ωαιπ

747 1727 907 1798 oppam
922 1725 1016 1778 esser
1033 1709 1183 1778 domito
1196 1706 1459 1798 mnudilmante,
1472 1705 1558 1800 quia
1575 1705 1794 1780 videbuntur
1812 1723 1919 1780 mou·

747 1825 881 1900 struosi
912 1829 1053 1900 mutata
1087 1825 1206 1900 torma
1232 1815 1272 1917 (³)
1303 1825 1406 1900 laciei
1439 1833 1568 1900 contra
1602 1831 1786 1918 naturam,
1815 1833 1874 1899 tro
1895 1827 1922 1897 't

749 1941 862 2018 sacnti
886 1965 905 2017 a
924 1945 950 2017 'l
967 1947 1143 2038 mmnpto
1159 1945 1217 2018 del
1230 1965 1345 2037 cosso,
1361 1945 1453 2020 idest
1470 1945 1507 2018 in
1523 1944 1616 2020 collo
1634 1943 1733 2039 quod
1749 1952 1806 2020 est
1824 1945 1919 2021 inter

749 2071 917 2140 mentum
934 2071 971 2139 et
988 2064 1203 2161 principium
1221 2066 1396 2160 eorporis,
1413 2066 1463 2140 ita
1479 2065 1579 2160 quod
1595 2065 1777 2140 habebant
1792 2065 1917 2162 gulam

749 2205 772 2258 a
796 2194 902 2278 parte
918 2189 1010 2278 post,
1027 2203 1124 2258 conta
1139 2188 1166 2259 ’l
1181 2189 1256 2266 orto
1273 2185 1322 2258 mi
1340 2205 1433 2258 scere
1444 2180 1508 2276 pid
1523 2185 1627 2258 lusco
1646 2187 1685 2258 in
1705 2187 1797 2275 loro,
1817 2185 1919 2278 idest,

749 2303 839 2376 dum
857 2303 1072 2398 profundius
1088 2305 1300 2399 specularer
1314 2324 1460 2398 prauam
1478 2302 1651 2396 istorum3
1669 2311 1707 2380 et
1722 2323 1810 2379 ecce
1826 2323 1920 2398 quo·

751 2425 873 2518 modo,
897 2427 957 2497 ola
977 2427 1001 2498 't
1025 2427 1117 2498 uoltu
1134 2445 1198 2497 era
1216 2431 1357 2498 ornato
1372 2425 1422 2498 do
1439 2427 1577 2516 teram,
1595 2425 1657 2498 ubi
1674 2423 1793 2519 primo
1810 2425 1921 2504 habe-

751 2545 841 2618 bant
865 2544 1060 2634 cervicem,
1084 2565 1104 2616 e
1128 2546 1153 2617 lt
1176 2547 1344 2618 moenio
1375 2546 1475 2618 octrir
1498 2547 1660 2635 mdietrm
1693 2552 1733 2619 ut
1759 2544 1921 2624 viderent

752 2662 864 2756 vienn
889 2663 976 2757 qnia
1000 2661 1183 2738 habebant
1206 2663 1332 2737 oculos
1356 2683 1379 2736 a
1405 2670 1527 2760 tergm
1552 2651 1684 2754 ideot‘)
1709 2662 1817 2738 dicit:
1839 2685 1922 2756 per-

752 2775 814 2856 cloe*
827 2785 853 2855 ’l
869 2785 973 2855 vader
988 2783 1283 2855 denumeratur
1300 2785 1577 2856 tolo-lurse.
1599 2782 1664 2858 llic
1682 2790 1792 2858 autor
1809 2783 1923 2877 expli-

753 2910 812 2977 cal
838 2902 987 2976 mudum
1014 2901 1117 2976 istius
1142 2921 1274 2996 poenae,
1305 2908 1343 2977 et
1371 2904 1450 2978 vult
1479 2903 1641 2988 breviter
1665 2903 1799 2996 dicere,
1825 2903 1923 2997 quod

754 3043 826 3096 non
845 3021 981 3117 reperit
997 3020 1307 3117 comparationem
1324 3021 1543 3117 condignam
1562 3021 1610 3098 ad
1623 3021 1923 3098 mnitesundnm

752 3140 858 3216 istam
885 3139 1242 3235 transmutationem,
1263 3139 1349 3234 quia
1375 3142 1476 3216 nulla
1500 3148 1556 3215 est
1583 3143 1701 3238 passio
1725 3142 1922 3236 paralytica

755 3268 830 3337 um
858 3268 995 3356 potem,
1021 3281 1105 3354 quae
1130 3261 1242 3356 possit
1262 3261 1309 3338 ita
1331 3266 1478 3338 mutare
1493 3261 1660 3340 ordinem
1677 3253 1712 3353 (⁵)
1736 3261 1924 3336 membro·

756 3401 852 3454 rum.
871 3379 972 3455 Unde
988 3380 1094 3455 dicit:
1112 3384 1216 3454 utun
1229 3386 1327 3475 losse
1343 3384 1375 3454 si
1393 3375 1632 3458 anomaeos
1648 3385 1706 3457 del
1719 3389 1818 3474 mtto,
1829 3382 1924 3457 sicut

757 3499 909 3595 quilibet
931 3500 1086 3575 istorum
1102 3490 1138 3592 (⁶)
1166 3505 1245 3575 erat
1271 3500 1429 3578 totaliter
1462 3507 1630 3578 mutatus
1661 3501 1699 3575 in
1731 3501 1834 3594 iacis,
1864 3491 1925 3591 pici

752 3642 820 3714 per
842 3623 951 3713 sorra
976 3621 1013 3692 di
1031 3619 1218 3713 pcrlmin3
1242 3620 1418 3715 paralysis
1442 3620 1541 3694 enim
1567 3627 1624 3696 est
1648 3621 1766 3716 passio
1778 3609 1815 3714 d)
1843 3641 1928 3696 ner·

758 3760 903 3835 vorum,
921 3759 1005 3833 quae
1024 3741 1220 3834 aliquando
1246 3741 1294 3814 ita
1311 3739 1525 3834 detorquet,
1546 3740 1696 3816 dislocat
1711 3731 1747 3834 (Β)
1765 3750 1802 3816 et
1818 3742 1928 3816 deor-

757 3860 858 3934 dinat
882 3861 1016 3934 oollum
1043 3859 1209 3954 hominis,
1227 3860 1326 3953 quot
1345 3861 1457 3934 homo
1484 3860 1630 3954 respicit
1654 3860 1721 3936 sihi
1744 3868 1929 3936 transver-

757 3979 883 4055 saliter
907 3979 1046 4054 sicula
1078 3977 1195 4056 latere
1219 3999 1331 4074 super
1356 3980 1550 4074 spatulam,
1576 3979 1670 4054 sicut
1695 3981 1765 4055 vidi
1792 3981 1829 4084 ip
1855 4001 1926 4054 una

756 4101 901 4194 vetula3
927 4097 990 4174 sed
1016 4119 1220 4193 numquam
1246 4099 1331 4174 lacit
1356 4099 1454 4193 quod
1480 4101 1592 4174 homo
1618 4099 1654 4173 in
1676 4107 1794 4175 totum
1814 4100 1928 4194 respi-

757 4219 829 4294 ciat
845 4229 926 4315 post
951 4227 1110 4317 tergum,
1130 4221 1226 4296 sicut
1243 4241 1342 4294 nunc
1358 4218 1539 4296 iaciebant
1555 4219 1611 4294 isti
1631 4219 1806 4314 infelicem
1826 4220 1926 4294 unde

707 4327 709 4332 ’
756 4338 861 4414 dicit:
888 4361 947 4413 mn
971 4343 1006 4413 to
1030 4343 1093 4416 nol
1120 4339 1204 4429 uidi,
1232 4339 1367 4414 scilicet
1394 4329 1430 4429 (⁹)
1461 4337 1509 4413 nd
1537 4338 1699 4434 aliquem
1729 4341 1852 4432 tatem,
1884 4331 1929 4412 nd

758 4461 864 4532 credo
876 4461 937 4532 cle
952 4461 1017 4532 sto.
1032 4459 1077 4534 Et
1095 4463 1181 4531 nota
1199 4455 1297 4550 quod
1313 4463 1424 4530 nuwr
1440 4477 1571 4532 verum
1589 4457 1686 4553 dicit,
1703 4459 1790 4554 quia
1808 4465 1928 4533 trans·

759 4575 1183 4652 tormatio*animarum
1203 4574 1330 4650 vitiosa
1347 4586 1403 4652 est
1421 4577 1536 4653 multo
1550 4576 1662 4673 peior,
1677 4599 1790 4671 quam
1810 4585 1928 4653 trans·
1977 4635 1980 4642 .

822 4775 849 4834 (⁸)
867 4773 897 4824 E.
914 4779 940 4823 ct
957 4774 1043 4831 tacite,
1059 4772 1126 4822 sicut
1142 4771 1301 4822 incedebant.
1482 4770 1510 4834 (¹)
1528 4773 1558 4824 E.
1575 4773 1616 4824 isti
1632 4773 1709 4836 magt.
1720 4800 1749 4809 -
1761 4775 1816 4830 tlt,
1832 4771 1898 4820 nni.

822 4849 849 4910 θ)
866 4849 897 4900 li.
914 4849 999 4900 torma
1014 4853 1105 4899 contra
1120 4854 1250 4899 naturam.
1483 4849 1510 4912 (¹)
1526 4849 1553 4902 S.
1569 4850 1647 4900 unm.

824 4926 851 4986 ι’)
867 4924 898 4974 E.
914 4925 1032 4976 ordinem
1048 4929 1147 4974 natura
1163 4924 1189 4974 ln
1206 4923 1344 4986 memhrls3
1361 4923 1438 4975 unde.
1481 4925 1509 4987 (⁸)
1526 4929 1581 4986 trs,
1598 4927 1722 4990 ipsorum.

824 5000 851 5062 t')
866 5001 893 5051 S.
910 4999 1019 5051 mundo
1033 5000 1215 5052 membrorum
1231 5013 1298 5064 que.
1483 5001 1509 5064 (⁸)
1526 5003 1555 5053 li.
1572 5003 1696 5054 dissoluit.

825 5077 852 5140 (⁹)
867 5076 894 5127 S.
909 5090 925 5128 e
940 5075 972 5126 li.
988 5075 1087 5127 scilicet
1102 5076 1216 5141 mum
1233 5075 1320 5127 talem.
