<?xml version="1.0" encoding="UTF-8"?>
<!DOCTYPE html PUBLIC "-//W3C//DTD XHTML 1.0 Transitional//EN"
    "http://www.w3.org/TR/xhtml1/DTD/xhtml1-transitional.dtd">
<html xmlns="http://www.w3.org/1999/xhtml" xml:lang="en" lang="en">
 <head>
  <title>
</title>
<meta http-equiv="Content-Type" content="text/html;charset=utf-8" />
  <meta name='ocr-system' content='tesseract 3.04.00' />
  <meta name='ocr-capabilities' content='ocr_page ocr_carea ocr_par ocr_line ocrx_word'/>
</head>
<body>
  <div class='ocr_page' id='page_1' title='image "./comentumsuperda01benvgoog_0219.png"; bbox 0 0 4606 6840; ppageno 0'>
   <div class='ocr_carea' id='block_1_1' title="bbox 739 935 1516 1002">
    <p class='ocr_par' dir='ltr' id='par_1_1' title="bbox 739 935 1516 1002">
     <span class='ocr_line' id='line_1_1' title="bbox 739 935 1516 1002; baseline 0 -2"><span class='ocrx_word' id='word_1_1' title='bbox 739 935 809 1002; x_wconf 76' lang='lat'><strong>210</strong></span> <span class='ocrx_word' id='word_1_2' title='bbox 1138 945 1341 1002; x_wconf 75' lang='lat' dir='ltr'>COMENTUM</span> <span class='ocrx_word' id='word_1_3' title='bbox 1364 946 1516 1001; x_wconf 68' lang='lat' dir='ltr'><strong>munem</strong></span> 
     </span>
    </p>
   </div>
   <div class='ocr_carea' id='block_1_2' title="bbox 733 1085 1911 4067">
    <p class='ocr_par' dir='ltr' id='par_1_2' title="bbox 733 1085 1909 2149">
     <span class='ocr_line' id='line_1_2' title="bbox 735 1085 1905 1184; baseline -0.003 -21"><span class='ocrx_word' id='word_1_4' title='bbox 735 1097 907 1184; x_wconf 74' lang='lat' dir='ltr'><strong>proppuie</strong></span> <span class='ocrx_word' id='word_1_5' title='bbox 926 1093 964 1164; x_wconf 85' lang='lat' dir='ltr'><strong>di</strong></span> <span class='ocrx_word' id='word_1_6' title='bbox 978 1096 1088 1181; x_wconf 77' lang='lat' dir='ltr'><strong>rene,</strong></span> <span class='ocrx_word' id='word_1_7' title='bbox 1104 1090 1240 1166; x_wconf 88' lang='lat' dir='ltr'><strong>scilieet</strong></span> <span class='ocrx_word' id='word_1_8' title='bbox 1257 1090 1534 1166; x_wconf 78' lang='lat' dir='ltr'><strong>circumvolutae</strong></span> <span class='ocrx_word' id='word_1_9' title='bbox 1554 1085 1724 1162; x_wconf 88' lang='lat' dir='ltr'><strong>munibus</strong></span> <span class='ocrx_word' id='word_1_10' title='bbox 1741 1086 1905 1181; x_wconf 87' lang='lat' dir='ltr'><strong>ipserum</strong></span> 
     </span>
     <span class='ocr_line' id='line_1_3' title="bbox 735 1208 1907 1302; baseline 0.001 -21"><span class='ocrx_word' id='word_1_11' title='bbox 735 1208 874 1284; x_wconf 86' lang='lat' dir='ltr'><strong>iurum.</strong></span> <span class='ocrx_word' id='word_1_12' title='bbox 901 1210 980 1285; x_wconf 80' lang='lat' dir='ltr'><strong>Alia</strong></span> <span class='ocrx_word' id='word_1_13' title='bbox 1006 1215 1130 1286; x_wconf 85' lang='lat' dir='ltr'><strong>tamen</strong></span> <span class='ocrx_word' id='word_1_14' title='bbox 1157 1211 1260 1288; x_wconf 85' lang='lat' dir='ltr'><strong>litera</strong></span> <span class='ocrx_word' id='word_1_15' title='bbox 1285 1211 1390 1286; x_wconf 87' lang='lat' dir='ltr'><strong>dicit:</strong></span> <span class='ocrx_word' id='word_1_16' title='bbox 1415 1217 1448 1284; x_wconf 87' lang='lat' dir='ltr'><strong>et</strong></span> <span class='ocrx_word' id='word_1_17' title='bbox 1471 1229 1561 1282; x_wconf 86' lang='lat' dir='ltr'><strong>erun</strong></span> <span class='ocrx_word' id='word_1_18' title='bbox 1585 1211 1733 1282; x_wconf 77' lang='lat' dir='ltr'><strong><em>dinanzi</em></strong></span> <span class='ocrx_word' id='word_1_19' title='bbox 1748 1229 1907 1302; x_wconf 75' lang='lat' dir='ltr'><strong>approp-</strong></span> 
     </span>
     <span class='ocr_line' id='line_1_4' title="bbox 733 1329 1909 1426; baseline 0.001 -23"><span class='ocrx_word' id='word_1_20' title='bbox 733 1339 833 1423; x_wconf 76' lang='lat' dir='ltr'><strong>paie:</strong></span> <span class='ocrx_word' id='word_1_21' title='bbox 865 1337 903 1406; x_wconf 89' lang='lat' dir='ltr'><strong>et</strong></span> <span class='ocrx_word' id='word_1_22' title='bbox 932 1337 1020 1405; x_wconf 87' lang='lat' dir='ltr'><strong>tuuc</strong></span> <span class='ocrx_word' id='word_1_23' title='bbox 1049 1331 1180 1425; x_wconf 79' lang='lat' dir='ltr'><strong>dicum,</strong></span> <span class='ocrx_word' id='word_1_24' title='bbox 1211 1331 1309 1426; x_wconf 89' lang='lat' dir='ltr'><strong>quud</strong></span> <span class='ocrx_word' id='word_1_25' title='bbox 1343 1350 1493 1425; x_wconf 88' lang='lat' dir='ltr'><strong>serpens</strong></span> <span class='ocrx_word' id='word_1_26' title='bbox 1524 1349 1612 1405; x_wconf 84' lang='lat' dir='ltr'><strong>cum</strong></span> <span class='ocrx_word' id='word_1_27' title='bbox 1646 1329 1799 1424; x_wconf 87' lang='lat' dir='ltr'><strong>pedibus</strong></span> <span class='ocrx_word' id='word_1_28' title='bbox 1828 1349 1909 1404; x_wconf 87' lang='lat' dir='ltr'><strong>am·</strong></span> 
     </span>
     <span class='ocr_line' id='line_1_5' title="bbox 736 1447 1905 1546; baseline -0.003 -22"><span class='ocrx_word' id='word_1_29' title='bbox 736 1451 964 1545; x_wconf 76' lang='lat' dir='ltr'>plectebatur</span> <span class='ocrx_word' id='word_1_30' title='bbox 990 1457 1156 1527; x_wconf 86' lang='lat' dir='ltr'><strong>ventrem</strong></span> <span class='ocrx_word' id='word_1_31' title='bbox 1183 1451 1349 1545; x_wconf 90' lang='lat' dir='ltr'><strong>huminis,</strong></span> <span class='ocrx_word' id='word_1_32' title='bbox 1377 1455 1417 1524; x_wconf 91' lang='lat' dir='ltr'><strong>ut</strong></span> <span class='ocrx_word' id='word_1_33' title='bbox 1447 1448 1564 1546; x_wconf 82' lang='lat' dir='ltr'><strong>magis</strong></span> <span class='ocrx_word' id='word_1_34' title='bbox 1592 1447 1798 1525; x_wconf 85' lang='lat' dir='ltr'><strong>adhaereret</strong></span> <span class='ocrx_word' id='word_1_35' title='bbox 1829 1447 1905 1522; x_wconf 91' lang='lat' dir='ltr'><strong>sibi.</strong></span> 
     </span>
     <span class='ocr_line' id='line_1_6' title="bbox 737 1568 1907 1667; baseline 0.001 -25"><span class='ocrx_word' id='word_1_36' title='bbox 737 1571 782 1644; x_wconf 88' lang='lat' dir='ltr'><strong>Et</strong></span> <span class='ocrx_word' id='word_1_37' title='bbox 807 1570 865 1645; x_wconf 88' lang='lat' dir='ltr'><strong>hic</strong></span> <span class='ocrx_word' id='word_1_38' title='bbox 890 1578 976 1645; x_wconf 83' lang='lat' dir='ltr'><strong>notu</strong></span> <span class='ocrx_word' id='word_1_39' title='bbox 1002 1571 1100 1666; x_wconf 89' lang='lat' dir='ltr'><strong>quud</strong></span> <span class='ocrx_word' id='word_1_40' title='bbox 1126 1571 1239 1666; x_wconf 84' lang='lat' dir='ltr'>aliqui</span> <span class='ocrx_word' id='word_1_41' title='bbox 1264 1576 1462 1667; x_wconf 80' lang='lat' dir='ltr'><strong>exponunt,</strong></span> <span class='ocrx_word' id='word_1_42' title='bbox 1489 1569 1587 1663; x_wconf 88' lang='lat' dir='ltr'><strong>quod</strong></span> <span class='ocrx_word' id='word_1_43' title='bbox 1617 1568 1684 1644; x_wconf 87' lang='lat' dir='ltr'><strong>ista</strong></span> <span class='ocrx_word' id='word_1_44' title='bbox 1715 1568 1761 1642; x_wconf 93' lang='lat' dir='ltr'><strong>sit</strong></span> <span class='ocrx_word' id='word_1_45' title='bbox 1789 1568 1907 1663; x_wconf 83' lang='lat' dir='ltr'><strong>prima</strong></span> 
     </span>
     <span class='ocr_line' id='line_1_7' title="bbox 738 1688 1907 1787; baseline -0.002 -23"><span class='ocrx_word' id='word_1_46' title='bbox 738 1691 877 1786; x_wconf 85' lang='lat' dir='ltr'><strong>speeies</strong></span> <span class='ocrx_word' id='word_1_47' title='bbox 903 1691 1040 1786; x_wconf 88' lang='lat' dir='ltr'><strong>lurum,</strong></span> <span class='ocrx_word' id='word_1_48' title='bbox 1067 1691 1131 1786; x_wconf 93' lang='lat' dir='ltr'><strong>qui</strong></span> <span class='ocrx_word' id='word_1_49' title='bbox 1157 1712 1362 1787; x_wconf 82' lang='lat' dir='ltr'><strong>numquam</strong></span> <span class='ocrx_word' id='word_1_50' title='bbox 1395 1689 1571 1766; x_wconf 87' lang='lat' dir='ltr'><strong>recedunt</strong></span> <span class='ocrx_word' id='word_1_51' title='bbox 1599 1711 1622 1764; x_wconf 89' lang='lat' dir='ltr'><strong>u</strong></span> <span class='ocrx_word' id='word_1_52' title='bbox 1648 1690 1746 1764; x_wconf 81' lang='lat' dir='ltr'><strong>mala</strong></span> <span class='ocrx_word' id='word_1_53' title='bbox 1771 1688 1907 1785; x_wconf 79' lang='lat' dir='ltr'><strong>eogita-</strong></span> 
     </span>
     <span class='ocr_line' id='line_1_8' title="bbox 739 1809 1907 1908; baseline -0.001 -22"><span class='ocrx_word' id='word_1_54' title='bbox 739 1812 838 1887; x_wconf 88' lang='lat' dir='ltr'><strong>tione</strong></span> <span class='ocrx_word' id='word_1_55' title='bbox 862 1818 900 1888; x_wconf 89' lang='lat' dir='ltr'><strong>et</strong></span> <span class='ocrx_word' id='word_1_56' title='bbox 925 1812 1070 1906; x_wconf 82' lang='lat' dir='ltr'><strong>furtiva,</strong></span> <span class='ocrx_word' id='word_1_57' title='bbox 1092 1819 1129 1887; x_wconf 89' lang='lat' dir='ltr'><strong>et</strong></span> <span class='ocrx_word' id='word_1_58' title='bbox 1150 1833 1216 1908; x_wconf 91' lang='lat' dir='ltr'><strong>per</strong></span> <span class='ocrx_word' id='word_1_59' title='bbox 1236 1832 1464 1907; x_wconf 88' lang='lat' dir='ltr'><strong>consequeus</strong></span> <span class='ocrx_word' id='word_1_60' title='bbox 1489 1817 1585 1886; x_wconf 81' lang='lat' dir='ltr'><strong>stant</strong></span> <span class='ocrx_word' id='word_1_61' title='bbox 1610 1809 1793 1885; x_wconf 84' lang='lat' dir='ltr'><strong>coniuncti</strong></span> <span class='ocrx_word' id='word_1_62' title='bbox 1818 1830 1907 1885; x_wconf 86' lang='lat' dir='ltr'><strong>cou-</strong></span> 
     </span>
     <span class='ocr_line' id='line_1_9' title="bbox 739 1929 1906 2028; baseline -0.002 -24"><span class='ocrx_word' id='word_1_63' title='bbox 739 1932 841 2007; x_wconf 88' lang='lat' dir='ltr'><strong>tiuuo</strong></span> <span class='ocrx_word' id='word_1_64' title='bbox 862 1953 948 2007; x_wconf 89' lang='lat' dir='ltr'><strong>eum</strong></span> <span class='ocrx_word' id='word_1_65' title='bbox 967 1932 1196 2027; x_wconf 77' lang='lat' dir='ltr'><strong>serpentibus</strong></span> <span class='ocrx_word' id='word_1_66' title='bbox 1217 1933 1350 2028; x_wconf 91' lang='lat' dir='ltr'><strong>quibus</strong></span> <span class='ocrx_word' id='word_1_67' title='bbox 1367 1932 1541 2008; x_wconf 88' lang='lat' dir='ltr'><strong>contiuuo</strong></span> <span class='ocrx_word' id='word_1_68' title='bbox 1558 1931 1790 2024; x_wconf 78' lang='lat' dir='ltr'><strong>cruciantur5</strong></span> <span class='ocrx_word' id='word_1_69' title='bbox 1808 1929 1906 2024; x_wconf 89' lang='lat' dir='ltr'><strong>quod</strong></span> 
     </span>
     <span class='ocr_line' id='line_1_10' title="bbox 738 2050 1905 2149; baseline -0.003 -24"><span class='ocrx_word' id='word_1_70' title='bbox 738 2073 812 2127; x_wconf 89' lang='lat' dir='ltr'><strong>nou</strong></span> <span class='ocrx_word' id='word_1_71' title='bbox 837 2053 960 2148; x_wconf 85' lang='lat' dir='ltr'><strong>crede,</strong></span> <span class='ocrx_word' id='word_1_72' title='bbox 986 2053 1073 2149; x_wconf 86' lang='lat' dir='ltr'><strong>quia</strong></span> <span class='ocrx_word' id='word_1_73' title='bbox 1098 2055 1168 2128; x_wconf 87' lang='lat' dir='ltr'><strong>hoc</strong></span> <span class='ocrx_word' id='word_1_74' title='bbox 1193 2053 1331 2128; x_wconf 86' lang='lat' dir='ltr'><strong>videbis</strong></span> <span class='ocrx_word' id='word_1_75' title='bbox 1355 2052 1392 2126; x_wconf 92' lang='lat' dir='ltr'><strong>in</strong></span> <span class='ocrx_word' id='word_1_76' title='bbox 1418 2051 1576 2147; x_wconf 76' lang='lat' dir='ltr'><strong>capitulo</strong></span> <span class='ocrx_word' id='word_1_77' title='bbox 1604 2050 1771 2144; x_wconf 73' lang='lat' dir='ltr'><strong>sequenti</strong></span> <span class='ocrx_word' id='word_1_78' title='bbox 1796 2051 1905 2124; x_wconf 84' lang='lat' dir='ltr'><strong>clare.</strong></span> 
     </span>
    </p>

    <p class='ocr_par' dir='ltr' id='par_1_3' title="bbox 738 2169 1911 4067">
     <span class='ocr_line' id='line_1_11' title="bbox 812 2169 1907 2268; baseline -0.003 -22"><span class='ocrx_word' id='word_1_79' title='bbox 812 2179 858 2246; x_wconf 82' lang='lat' dir='ltr'><strong>Et</strong></span> <span class='ocrx_word' id='word_1_80' title='bbox 879 2193 967 2246; x_wconf 81' lang='lat' dir='ltr'><strong>ecce.</strong></span> <span class='ocrx_word' id='word_1_81' title='bbox 995 2174 1065 2247; x_wconf 78' lang='lat' dir='ltr'><strong>lstu</strong></span> <span class='ocrx_word' id='word_1_82' title='bbox 1092 2180 1147 2248; x_wconf 90' lang='lat' dir='ltr'><strong>est</strong></span> <span class='ocrx_word' id='word_1_83' title='bbox 1172 2172 1279 2248; x_wconf 84' lang='lat' dir='ltr'><strong>tertia</strong></span> <span class='ocrx_word' id='word_1_84' title='bbox 1304 2193 1389 2268; x_wconf 83' lang='lat' dir='ltr'><strong>pars</strong></span> <span class='ocrx_word' id='word_1_85' title='bbox 1413 2170 1595 2267; x_wconf 83' lang='lat' dir='ltr'><strong>generalis</strong></span> <span class='ocrx_word' id='word_1_86' title='bbox 1619 2171 1729 2244; x_wconf 84' lang='lat' dir='ltr'><strong>huius</strong></span> <span class='ocrx_word' id='word_1_87' title='bbox 1747 2169 1907 2266; x_wconf 82' lang='lat' dir='ltr'><strong>capituli,</strong></span> 
     </span>
     <span class='ocr_line' id='line_1_12' title="bbox 738 2290 1908 2388; baseline -0.003 -21"><span class='ocrx_word' id='word_1_88' title='bbox 738 2293 775 2367; x_wconf 92' lang='lat' dir='ltr'><strong>iu</strong></span> <span class='ocrx_word' id='word_1_89' title='bbox 801 2315 876 2388; x_wconf 84' lang='lat' dir='ltr'><strong>qua</strong></span> <span class='ocrx_word' id='word_1_90' title='bbox 899 2304 1009 2372; x_wconf 85' lang='lat' dir='ltr'><strong>autor</strong></span> <span class='ocrx_word' id='word_1_91' title='bbox 1036 2299 1166 2369; x_wconf 82' lang='lat' dir='ltr'><strong>tractat</strong></span> <span class='ocrx_word' id='word_1_92' title='bbox 1191 2294 1237 2368; x_wconf 90' lang='lat' dir='ltr'><strong>de</strong></span> <span class='ocrx_word' id='word_1_93' title='bbox 1262 2292 1379 2387; x_wconf 83' lang='lat' dir='ltr'><strong>prima</strong></span> <span class='ocrx_word' id='word_1_94' title='bbox 1405 2292 1525 2387; x_wconf 85' lang='lat' dir='ltr'><strong>specie</strong></span> <span class='ocrx_word' id='word_1_95' title='bbox 1550 2291 1688 2385; x_wconf 85' lang='lat' dir='ltr'><strong>iurum,</strong></span> <span class='ocrx_word' id='word_1_96' title='bbox 1706 2301 1744 2367; x_wconf 91' lang='lat' dir='ltr'><strong>et</strong></span> <span class='ocrx_word' id='word_1_97' title='bbox 1762 2290 1908 2388; x_wconf 85' lang='lat' dir='ltr'><strong>speciali</strong></span> 
     </span>
     <span class='ocr_line' id='line_1_13' title="bbox 738 2409 1909 2508; baseline -0.003 -22"><span class='ocrx_word' id='word_1_98' title='bbox 738 2433 847 2508; x_wconf 84' lang='lat' dir='ltr'><strong>poeua</strong></span> <span class='ocrx_word' id='word_1_99' title='bbox 877 2434 1009 2488; x_wconf 89' lang='lat' dir='ltr'><strong>eorum</strong></span> <span class='ocrx_word' id='word_1_100' title='bbox 1039 2412 1075 2486; x_wconf 92' lang='lat' dir='ltr'><strong>iu</strong></span> <span class='ocrx_word' id='word_1_101' title='bbox 1105 2433 1180 2486; x_wconf 86' lang='lat' dir='ltr'><strong>uno</strong></span> <span class='ocrx_word' id='word_1_102' title='bbox 1210 2411 1293 2488; x_wconf 89' lang='lat' dir='ltr'><strong>lure</strong></span> <span class='ocrx_word' id='word_1_103' title='bbox 1323 2412 1464 2487; x_wconf 78' lang='lat' dir='ltr'><strong>fumoso</strong></span> <span class='ocrx_word' id='word_1_104' title='bbox 1498 2411 1685 2485; x_wconf 89' lang='lat' dir='ltr'><strong>moderno.</strong></span> <span class='ocrx_word' id='word_1_105' title='bbox 1716 2410 1769 2484; x_wconf 79' lang='lat' dir='ltr'><strong>Au</strong></span> <span class='ocrx_word' id='word_1_106' title='bbox 1802 2409 1909 2486; x_wconf 86' lang='lat' dir='ltr'><strong>cuius</strong></span> 
     </span>
     <span class='ocr_line' id='line_1_14' title="bbox 738 2523 1909 2629; baseline -0.002 -25"><span class='ocrx_word' id='word_1_107' title='bbox 738 2531 1013 2629; x_wconf 77' lang='lat' dir='ltr'><strong>intelligentiam</strong></span> <span class='ocrx_word' id='word_1_108' title='bbox 1048 2537 1103 2606; x_wconf 90' lang='lat' dir='ltr'><strong>est</strong></span> <span class='ocrx_word' id='word_1_109' title='bbox 1132 2531 1413 2628; x_wconf 85' lang='lat' dir='ltr'><strong>praenotaudum</strong></span> <span class='ocrx_word' id='word_1_110' title='bbox 1433 2523 1483 2624; x_wconf 77' lang='lat'><strong>(¹),</strong></span> <span class='ocrx_word' id='word_1_111' title='bbox 1515 2532 1613 2626; x_wconf 87' lang='lat' dir='ltr'><strong>qued</strong></span> <span class='ocrx_word' id='word_1_112' title='bbox 1645 2530 1757 2624; x_wconf 84' lang='lat' dir='ltr'><strong>aliqui</strong></span> <span class='ocrx_word' id='word_1_113' title='bbox 1789 2529 1909 2605; x_wconf 89' lang='lat' dir='ltr'><strong>humi·</strong></span> 
     </span>
     <span class='ocr_line' id='line_1_15' title="bbox 739 2639 1909 2742; baseline 0 -19"><span class='ocrx_word' id='word_1_114' title='bbox 739 2669 805 2724; x_wconf 92' lang='lat' dir='ltr'><strong>nes</strong></span> <span class='ocrx_word' id='word_1_115' title='bbox 839 2656 924 2724; x_wconf 91' lang='lat' dir='ltr'><strong>sunt</strong></span> <span class='ocrx_word' id='word_1_116' title='bbox 956 2650 1057 2726; x_wconf 87' lang='lat' dir='ltr'><strong>iures</strong></span> <span class='ocrx_word' id='word_1_117' title='bbox 1089 2650 1126 2723; x_wconf 93' lang='lat' dir='ltr'><strong>in</strong></span> <span class='ocrx_word' id='word_1_118' title='bbox 1160 2650 1298 2725; x_wconf 89' lang='lat' dir='ltr'><strong>mundo</strong></span> <span class='ocrx_word' id='word_1_119' title='bbox 1332 2651 1400 2725; x_wconf 91' lang='lat' dir='ltr'><strong>isto</strong></span> <span class='ocrx_word' id='word_1_120' title='bbox 1432 2672 1507 2725; x_wconf 89' lang='lat' dir='ltr'><strong>nou</strong></span> <span class='ocrx_word' id='word_1_121' title='bbox 1540 2671 1587 2726; x_wconf 82' lang='lat' dir='ltr'><strong>ex</strong></span> <span class='ocrx_word' id='word_1_122' title='bbox 1625 2657 1758 2725; x_wconf 85' lang='lat' dir='ltr'><strong>nutura</strong></span> <span class='ocrx_word' id='word_1_123' title='bbox 1778 2639 1814 2742; x_wconf 82' lang='lat'><strong>(²)</strong></span> <span class='ocrx_word' id='word_1_124' title='bbox 1850 2649 1909 2724; x_wconf 84' lang='lat' dir='ltr'><strong>vel</strong></span> 
     </span>
     <span class='ocr_line' id='line_1_16' title="bbox 739 2760 1909 2865; baseline 0.003 -24"><span class='ocrx_word' id='word_1_125' title='bbox 739 2789 855 2864; x_wconf 85' lang='lat' dir='ltr'><strong>prava</strong></span> <span class='ocrx_word' id='word_1_126' title='bbox 888 2769 1163 2865; x_wconf 85' lang='lat' dir='ltr'><strong>cousuetudine,</strong></span> <span class='ocrx_word' id='word_1_127' title='bbox 1199 2770 1263 2845; x_wconf 91' lang='lat' dir='ltr'><strong>sed</strong></span> <span class='ocrx_word' id='word_1_128' title='bbox 1296 2770 1529 2844; x_wconf 85' lang='lat' dir='ltr'><strong>selummodo</strong></span> <span class='ocrx_word' id='word_1_129' title='bbox 1548 2760 1586 2863; x_wconf 89' lang='lat'><strong>(³)</strong></span> <span class='ocrx_word' id='word_1_130' title='bbox 1620 2770 1666 2846; x_wconf 86' lang='lat' dir='ltr'><strong>ad</strong></span> <span class='ocrx_word' id='word_1_131' title='bbox 1696 2780 1841 2865; x_wconf 89' lang='lat' dir='ltr'><strong>tempus</strong></span> <span class='ocrx_word' id='word_1_132' title='bbox 1873 2775 1909 2844; x_wconf 89' lang='lat' dir='ltr'><strong>et</strong></span> 
     </span>
     <span class='ocr_line' id='line_1_17' title="bbox 741 2887 1909 2986; baseline 0.003 -26"><span class='ocrx_word' id='word_1_133' title='bbox 741 2907 842 2983; x_wconf 81' lang='lat' dir='ltr'><strong>rar03</strong></span> <span class='ocrx_word' id='word_1_134' title='bbox 860 2895 898 2963; x_wconf 86' lang='lat' dir='ltr'><strong>et</strong></span> <span class='ocrx_word' id='word_1_135' title='bbox 913 2887 1025 2984; x_wconf 81' lang='lat' dir='ltr'><strong>aliqui</strong></span> <span class='ocrx_word' id='word_1_136' title='bbox 1051 2889 1165 2964; x_wconf 89' lang='lat' dir='ltr'><strong>semel</strong></span> <span class='ocrx_word' id='word_1_137' title='bbox 1190 2894 1334 2963; x_wconf 84' lang='lat' dir='ltr'><strong>tautum</strong></span> <span class='ocrx_word' id='word_1_138' title='bbox 1350 2894 1428 2964; x_wconf 80' lang='lat' dir='ltr'><strong>totu</strong></span> <span class='ocrx_word' id='word_1_139' title='bbox 1449 2897 1615 2986; x_wconf 86' lang='lat' dir='ltr'><strong>tempure</strong></span> <span class='ocrx_word' id='word_1_140' title='bbox 1631 2889 1715 2964; x_wconf 84' lang='lat' dir='ltr'><strong>vitae</strong></span> <span class='ocrx_word' id='word_1_141' title='bbox 1731 2910 1821 2984; x_wconf 85' lang='lat' dir='ltr'><strong>suae,</strong></span> <span class='ocrx_word' id='word_1_142' title='bbox 1839 2889 1909 2964; x_wconf 87' lang='lat' dir='ltr'><strong>sci-</strong></span> 
     </span>
     <span class='ocr_line' id='line_1_18' title="bbox 738 3008 1908 3104; baseline 0 -22"><span class='ocrx_word' id='word_1_143' title='bbox 738 3008 822 3083; x_wconf 89' lang='lat' dir='ltr'><strong>lieet</strong></span> <span class='ocrx_word' id='word_1_144' title='bbox 848 3009 994 3104; x_wconf 81' lang='lat' dir='ltr'><strong>quande</strong></span> <span class='ocrx_word' id='word_1_145' title='bbox 1019 3009 1142 3104; x_wconf 82' lang='lat' dir='ltr'><strong>aliqua</strong></span> <span class='ocrx_word' id='word_1_146' title='bbox 1169 3029 1228 3084; x_wconf 90' lang='lat' dir='ltr'><strong>res</strong></span> <span class='ocrx_word' id='word_1_147' title='bbox 1253 3009 1416 3084; x_wconf 82' lang='lat' dir='ltr'><strong>maxime</strong></span> <span class='ocrx_word' id='word_1_148' title='bbox 1437 3031 1523 3085; x_wconf 78' lang='lat' dir='ltr'><strong>eura</strong></span> <span class='ocrx_word' id='word_1_149' title='bbox 1548 3009 1703 3085; x_wconf 82' lang='lat' dir='ltr'><strong>effertur</strong></span> <span class='ocrx_word' id='word_1_150' title='bbox 1729 3009 1794 3084; x_wconf 89' lang='lat' dir='ltr'><strong>sibi</strong></span> <span class='ocrx_word' id='word_1_151' title='bbox 1821 3030 1908 3086; x_wconf 87' lang='lat' dir='ltr'><strong>cum</strong></span> 
     </span>
     <span class='ocr_line' id='line_1_19' title="bbox 739 3129 1909 3226; baseline 0.001 -23"><span class='ocrx_word' id='word_1_152' title='bbox 739 3129 998 3204; x_wconf 79' lang='lat' dir='ltr'><strong>commoditate</strong></span> <span class='ocrx_word' id='word_1_153' title='bbox 1015 3136 1052 3205; x_wconf 88' lang='lat' dir='ltr'><strong>et</strong></span> <span class='ocrx_word' id='word_1_154' title='bbox 1073 3129 1345 3225; x_wconf 83' lang='lat' dir='ltr'><strong>opportunitate</strong></span> <span class='ocrx_word' id='word_1_155' title='bbox 1359 3131 1533 3226; x_wconf 85' lang='lat' dir='ltr'><strong>temperis</strong></span> <span class='ocrx_word' id='word_1_156' title='bbox 1550 3137 1586 3206; x_wconf 89' lang='lat' dir='ltr'><strong>et</strong></span> <span class='ocrx_word' id='word_1_157' title='bbox 1603 3131 1783 3206; x_wconf 71' lang='lat' dir='ltr'><strong>luculleo</strong></span> <span class='ocrx_word' id='word_1_158' title='bbox 1799 3137 1909 3205; x_wconf 81' lang='lat' dir='ltr'><strong>autor</strong></span> 
     </span>
     <span class='ocr_line' id='line_1_20' title="bbox 738 3247 1910 3346; baseline 0 -24"><span class='ocrx_word' id='word_1_159' title='bbox 738 3249 919 3323; x_wconf 84' lang='lat' dir='ltr'><strong>subtiliter</strong></span> <span class='ocrx_word' id='word_1_160' title='bbox 945 3247 1048 3345; x_wconf 85' lang='lat' dir='ltr'><strong>fingit</strong></span> <span class='ocrx_word' id='word_1_161' title='bbox 1072 3250 1171 3343; x_wconf 88' lang='lat' dir='ltr'><strong>quud</strong></span> <span class='ocrx_word' id='word_1_162' title='bbox 1192 3249 1340 3344; x_wconf 88' lang='lat' dir='ltr'><strong>quidum</strong></span> <span class='ocrx_word' id='word_1_163' title='bbox 1361 3270 1558 3344; x_wconf 89' lang='lat' dir='ltr'><strong>percussus</strong></span> <span class='ocrx_word' id='word_1_164' title='bbox 1574 3271 1597 3326; x_wconf 88' lang='lat' dir='ltr'>a</span> <span class='ocrx_word' id='word_1_165' title='bbox 1613 3257 1784 3346; x_wconf 88' lang='lat' dir='ltr'><strong>serpente</strong></span> <span class='ocrx_word' id='word_1_166' title='bbox 1799 3248 1910 3325; x_wconf 90' lang='lat' dir='ltr'><strong>luerit</strong></span> 
     </span>
     <span class='ocr_line' id='line_1_21' title="bbox 739 3359 1909 3465; baseline -0.002 -21"><span class='ocrx_word' id='word_1_167' title='bbox 739 3369 860 3444; x_wconf 88' lang='lat' dir='ltr'><strong>subito</strong></span> <span class='ocrx_word' id='word_1_168' title='bbox 887 3370 1070 3444; x_wconf 88' lang='lat' dir='ltr'><strong>resolutus</strong></span> <span class='ocrx_word' id='word_1_169' title='bbox 1095 3370 1132 3444; x_wconf 91' lang='lat' dir='ltr'><strong>in</strong></span> <span class='ocrx_word' id='word_1_170' title='bbox 1157 3369 1333 3465; x_wconf 82' lang='lat' dir='ltr'><strong>cinerem,</strong></span> <span class='ocrx_word' id='word_1_171' title='bbox 1350 3377 1387 3445; x_wconf 91' lang='lat' dir='ltr'><strong>et</strong></span> <span class='ocrx_word' id='word_1_172' title='bbox 1404 3392 1451 3445; x_wconf 82' lang='lat' dir='ltr'><strong>er</strong></span> <span class='ocrx_word' id='word_1_173' title='bbox 1468 3371 1592 3446; x_wconf 86' lang='lat' dir='ltr'><strong>cinere</strong></span> <span class='ocrx_word' id='word_1_174' title='bbox 1611 3371 1683 3446; x_wconf 82' lang='lat' dir='ltr'><strong>cite</strong></span> <span class='ocrx_word' id='word_1_175' title='bbox 1699 3359 1734 3463; x_wconf 73' lang='lat'><strong>(⁸)</strong></span> <span class='ocrx_word' id='word_1_176' title='bbox 1760 3375 1909 3446; x_wconf 83' lang='lat' dir='ltr'><strong>renatus</strong></span> 
     </span>
     <span class='ocr_line' id='line_1_22' title="bbox 740 3489 1909 3584; baseline -0.001 -21"><span class='ocrx_word' id='word_1_177' title='bbox 740 3494 856 3563; x_wconf 89' lang='lat' dir='ltr'><strong>estet</strong></span> <span class='ocrx_word' id='word_1_178' title='bbox 882 3496 1079 3563; x_wconf 82' lang='lat' dir='ltr'><strong>renovatus</strong></span> <span class='ocrx_word' id='word_1_179' title='bbox 1104 3489 1141 3562; x_wconf 93' lang='lat' dir='ltr'><strong>in</strong></span> <span class='ocrx_word' id='word_1_180' title='bbox 1174 3489 1363 3584; x_wconf 87' lang='lat' dir='ltr'><strong>pristinam</strong></span> <span class='ocrx_word' id='word_1_181' title='bbox 1394 3490 1552 3566; x_wconf 82' lang='lat' dir='ltr'><strong>formum</strong></span> <span class='ocrx_word' id='word_1_182' title='bbox 1584 3491 1797 3565; x_wconf 83' lang='lat' dir='ltr'><strong>humanum.</strong></span> <span class='ocrx_word' id='word_1_183' title='bbox 1825 3489 1909 3563; x_wconf 82' lang='lat' dir='ltr'><strong>llaec</strong></span> 
     </span>
     <span class='ocr_line' id='line_1_23' title="bbox 740 3608 1910 3706; baseline -0.002 -22"><span class='ocrx_word' id='word_1_184' title='bbox 740 3615 866 3684; x_wconf 84' lang='lat' dir='ltr'><strong>autem</strong></span> <span class='ocrx_word' id='word_1_185' title='bbox 892 3629 1001 3702; x_wconf 84' lang='lat' dir='ltr'><strong>poena</strong></span> <span class='ocrx_word' id='word_1_186' title='bbox 1027 3608 1159 3682; x_wconf 91' lang='lat' dir='ltr'><strong>merito</strong></span> <span class='ocrx_word' id='word_1_187' title='bbox 1185 3609 1294 3682; x_wconf 84' lang='lat' dir='ltr'><strong>datur</strong></span> <span class='ocrx_word' id='word_1_188' title='bbox 1319 3611 1381 3683; x_wconf 81' lang='lat' dir='ltr'><strong>tuli</strong></span> <span class='ocrx_word' id='word_1_189' title='bbox 1406 3611 1490 3705; x_wconf 87' lang='lat' dir='ltr'><strong>luri,</strong></span> <span class='ocrx_word' id='word_1_190' title='bbox 1518 3611 1582 3706; x_wconf 94' lang='lat' dir='ltr'><strong>qui</strong></span> <span class='ocrx_word' id='word_1_191' title='bbox 1611 3611 1760 3686; x_wconf 83' lang='lat' dir='ltr'><strong>invasus</strong></span> <span class='ocrx_word' id='word_1_192' title='bbox 1789 3609 1910 3685; x_wconf 90' lang='lat' dir='ltr'><strong>subito</strong></span> 
     </span>
     <span class='ocr_line' id='line_1_24' title="bbox 741 3729 1910 3826; baseline 0.003 -25"><span class='ocrx_word' id='word_1_193' title='bbox 741 3748 765 3801; x_wconf 84' lang='lat' dir='ltr'>a</span> <span class='ocrx_word' id='word_1_194' title='bbox 789 3733 971 3822; x_wconf 83' lang='lat' dir='ltr'><strong>serpente,</strong></span> <span class='ocrx_word' id='word_1_195' title='bbox 989 3729 1089 3823; x_wconf 82' lang='lat' dir='ltr'><strong>idest,</strong></span> <span class='ocrx_word' id='word_1_196' title='bbox 1111 3729 1230 3803; x_wconf 86' lang='lat' dir='ltr'><strong>subita</strong></span> <span class='ocrx_word' id='word_1_197' title='bbox 1256 3730 1452 3824; x_wconf 82' lang='lat' dir='ltr'><strong>cupiditate</strong></span> <span class='ocrx_word' id='word_1_198' title='bbox 1476 3730 1634 3825; x_wconf 82' lang='lat' dir='ltr'><strong>iurandi,</strong></span> <span class='ocrx_word' id='word_1_199' title='bbox 1659 3731 1910 3826; x_wconf 87' lang='lat' dir='ltr'><strong>eorrumpitur</strong></span> 
     </span>
     <span class='ocr_line' id='line_1_25' title="bbox 741 3848 1911 3946; baseline 0.003 -24"><span class='ocrx_word' id='word_1_200' title='bbox 741 3858 779 3925; x_wconf 89' lang='lat' dir='ltr'><strong>et</strong></span> <span class='ocrx_word' id='word_1_201' title='bbox 802 3848 1025 3943; x_wconf 85' lang='lat' dir='ltr'><strong>depravatur</strong></span> <span class='ocrx_word' id='word_1_202' title='bbox 1050 3849 1096 3923; x_wconf 84' lang='lat' dir='ltr'><strong>ad</strong></span> <span class='ocrx_word' id='word_1_203' title='bbox 1128 3848 1334 3925; x_wconf 87' lang='lat' dir='ltr'><strong>laciendum</strong></span> <span class='ocrx_word' id='word_1_204' title='bbox 1360 3851 1513 3946; x_wconf 83' lang='lat' dir='ltr'><strong>lurtum,</strong></span> <span class='ocrx_word' id='word_1_205' title='bbox 1534 3851 1597 3926; x_wconf 89' lang='lat' dir='ltr'><strong>sed</strong></span> <span class='ocrx_word' id='word_1_206' title='bbox 1616 3851 1715 3927; x_wconf 83' lang='lat' dir='ltr'><strong>lurtu</strong></span> <span class='ocrx_word' id='word_1_207' title='bbox 1737 3851 1832 3926; x_wconf 83' lang='lat' dir='ltr'><strong>lueto</strong></span> <span class='ocrx_word' id='word_1_208' title='bbox 1850 3871 1911 3926; x_wconf 90' lang='lat' dir='ltr'><strong>re-</strong></span> 
     </span>
     <span class='ocr_line' id='line_1_26' title="bbox 741 3965 1910 4067; baseline 0.003 -26"><span class='ocrx_word' id='word_1_209' title='bbox 741 3967 857 4064; x_wconf 84' lang='lat' dir='ltr'><strong>surgit</strong></span> <span class='ocrx_word' id='word_1_210' title='bbox 883 3967 919 4040; x_wconf 92' lang='lat' dir='ltr'><strong>in</strong></span> <span class='ocrx_word' id='word_1_211' title='bbox 945 3965 1104 4064; x_wconf 86' lang='lat' dir='ltr'><strong>figuram</strong></span> <span class='ocrx_word' id='word_1_212' title='bbox 1131 3972 1345 4065; x_wconf 81' lang='lat' dir='ltr'><strong>humanum,</strong></span> <span class='ocrx_word' id='word_1_213' title='bbox 1371 3971 1460 4067; x_wconf 87' lang='lat' dir='ltr'><strong>quia</strong></span> <span class='ocrx_word' id='word_1_214' title='bbox 1491 3993 1564 4046; x_wconf 88' lang='lat' dir='ltr'><strong>non</strong></span> <span class='ocrx_word' id='word_1_215' title='bbox 1593 3971 1752 4067; x_wconf 88' lang='lat' dir='ltr'><strong>persistit</strong></span> <span class='ocrx_word' id='word_1_216' title='bbox 1782 3972 1818 4044; x_wconf 92' lang='lat' dir='ltr'><strong>iu</strong></span> <span class='ocrx_word' id='word_1_217' title='bbox 1850 3970 1910 4045; x_wconf 91' lang='lat' dir='ltr'><strong>illo</strong></span> 
     </span>
    </p>
   </div>
   <div class='ocr_carea' id='block_1_3' title="bbox 626 4090 1910 4186">
    <p class='ocr_par' dir='ltr' id='par_1_4' title="bbox 626 4090 1910 4186">
     <span class='ocr_line' id='line_1_27' title="bbox 626 4090 1910 4186; baseline 0 -22"><span class='ocrx_word' id='word_1_218' title='bbox 626 4131 632 4144; x_wconf 87' lang='lat'>·</span> <span class='ocrx_word' id='word_1_219' title='bbox 740 4097 838 4185; x_wconf 85' lang='lat' dir='ltr'><strong>autu,</strong></span> <span class='ocrx_word' id='word_1_220' title='bbox 865 4110 933 4165; x_wconf 90' lang='lat' dir='ltr'><strong>nec</strong></span> <span class='ocrx_word' id='word_1_221' title='bbox 958 4090 1147 4167; x_wconf 83' lang='lat' dir='ltr'><strong>eontiuuut</strong></span> <span class='ocrx_word' id='word_1_222' title='bbox 1171 4090 1311 4165; x_wconf 88' lang='lat' dir='ltr'><strong>iurtum</strong></span> <span class='ocrx_word' id='word_1_223' title='bbox 1339 4092 1449 4186; x_wconf 82' lang='lat' dir='ltr'><strong>furto,</strong></span> <span class='ocrx_word' id='word_1_224' title='bbox 1467 4097 1504 4167; x_wconf 92' lang='lat' dir='ltr'><strong>et</strong></span> <span class='ocrx_word' id='word_1_225' title='bbox 1521 4092 1572 4168; x_wconf 89' lang='lat' dir='ltr'><strong>sic</strong></span> <span class='ocrx_word' id='word_1_226' title='bbox 1597 4091 1761 4168; x_wconf 87' lang='lat' dir='ltr'><strong>relicitur</strong></span> <span class='ocrx_word' id='word_1_227' title='bbox 1786 4093 1910 4167; x_wconf 89' lang='lat' dir='ltr'><strong>homo.</strong></span> 
     </span>
    </p>
   </div>
   <div class='ocr_carea' id='block_1_4' title="bbox 737 4209 1913 4911">
    <p class='ocr_par' dir='ltr' id='par_1_5' title="bbox 737 4209 1913 4911">
     <span class='ocr_line' id='line_1_28' title="bbox 740 4209 1910 4310; baseline 0.003 -27"><span class='ocrx_word' id='word_1_228' title='bbox 740 4211 793 4285; x_wconf 79' lang='lat' dir='ltr'><strong>Ad</strong></span> <span class='ocrx_word' id='word_1_229' title='bbox 818 4209 962 4286; x_wconf 82' lang='lat' dir='ltr'><strong>literam</strong></span> <span class='ocrx_word' id='word_1_230' title='bbox 989 4231 1079 4310; x_wconf 81' lang='lat' dir='ltr'><strong>ergo</strong></span> <span class='ocrx_word' id='word_1_231' title='bbox 1104 4210 1189 4286; x_wconf 86' lang='lat' dir='ltr'><strong>dicit</strong></span> <span class='ocrx_word' id='word_1_232' title='bbox 1214 4218 1347 4286; x_wconf 83' lang='lat' dir='ltr'><strong>autor:</strong></span> <span class='ocrx_word' id='word_1_233' title='bbox 1373 4221 1508 4286; x_wconf 81' lang='lat' dir='ltr'><strong>etecco</strong></span> <span class='ocrx_word' id='word_1_234' title='bbox 1532 4221 1773 4308; x_wconf 69' lang='lat' dir='ltr'><strong>surrepetur,</strong></span> <span class='ocrx_word' id='word_1_235' title='bbox 1798 4211 1848 4287; x_wconf 91' lang='lat' dir='ltr'><strong>ibi</strong></span> <span class='ocrx_word' id='word_1_236' title='bbox 1872 4212 1910 4286; x_wconf 91' lang='lat' dir='ltr'><strong>iu</strong></span> 
     </span>
     <span class='ocr_line' id='line_1_29' title="bbox 739 4325 1910 4428; baseline 0.001 -22"><span class='ocrx_word' id='word_1_237' title='bbox 739 4338 935 4426; x_wconf 83' lang='lat' dir='ltr'><strong>conspectu</strong></span> <span class='ocrx_word' id='word_1_238' title='bbox 967 4339 1103 4426; x_wconf 88' lang='lat' dir='ltr'><strong>nostro,</strong></span> <span class='ocrx_word' id='word_1_239' title='bbox 1128 4325 1317 4406; x_wconf 63' lang='lat' dir='ltr'><strong>salvent</strong></span> <span class='ocrx_word' id='word_1_240' title='bbox 1347 4335 1396 4406; x_wconf 82' lang='lat' dir='ltr'><strong>ad</strong></span> <span class='ocrx_word' id='word_1_241' title='bbox 1428 4355 1488 4424; x_wconf 86' lang='lat' dir='ltr'><strong>un,</strong></span> <span class='ocrx_word' id='word_1_242' title='bbox 1519 4333 1621 4428; x_wconf 76' lang='lat' dir='ltr'><strong>idest,</strong></span> <span class='ocrx_word' id='word_1_243' title='bbox 1648 4333 1769 4409; x_wconf 89' lang='lat' dir='ltr'><strong>iniecit</strong></span> <span class='ocrx_word' id='word_1_244' title='bbox 1802 4352 1843 4408; x_wconf 90' lang='lat' dir='ltr'><strong>se</strong></span> <span class='ocrx_word' id='word_1_245' title='bbox 1873 4333 1910 4407; x_wconf 90' lang='lat' dir='ltr'><strong>iu</strong></span> 
     </span>
     <span class='ocr_line' id='line_1_30' title="bbox 740 4450 1911 4548; baseline 0.003 -23"><span class='ocrx_word' id='word_1_246' title='bbox 740 4471 858 4525; x_wconf 91' lang='lat' dir='ltr'><strong>uuum</strong></span> <span class='ocrx_word' id='word_1_247' title='bbox 884 4451 1017 4545; x_wconf 86' lang='lat' dir='ltr'><strong>iurem,</strong></span> <span class='ocrx_word' id='word_1_248' title='bbox 1036 4457 1073 4526; x_wconf 88' lang='lat' dir='ltr'><strong>et</strong></span> <span class='ocrx_word' id='word_1_249' title='bbox 1098 4450 1156 4524; x_wconf 89' lang='lat' dir='ltr'><strong>hic</strong></span> <span class='ocrx_word' id='word_1_250' title='bbox 1182 4459 1262 4526; x_wconf 88' lang='lat' dir='ltr'><strong>emt</strong></span> <span class='ocrx_word' id='word_1_251' title='bbox 1287 4452 1431 4528; x_wconf 85' lang='lat' dir='ltr'><strong>Vauues</strong></span> <span class='ocrx_word' id='word_1_252' title='bbox 1447 4453 1558 4548; x_wconf 79' lang='lat' dir='ltr'><strong>Fusii,</strong></span> <span class='ocrx_word' id='word_1_253' title='bbox 1576 4456 1702 4527; x_wconf 80' lang='lat' dir='ltr'><strong>clt&#39;era</strong></span> <span class='ocrx_word' id='word_1_254' title='bbox 1719 4457 1768 4528; x_wconf 82' lang='lat' dir='ltr'><strong>de</strong></span> <span class='ocrx_word' id='word_1_255' title='bbox 1787 4462 1911 4528; x_wconf 82' lang='lat' dir='ltr'><strong>nostra</strong></span> 
     </span>
     <span class='ocr_line' id='line_1_31' title="bbox 737 4570 1913 4671; baseline 0.007 -29"><span class='ocrx_word' id='word_1_256' title='bbox 737 4573 870 4662; x_wconf 73' lang='lat' dir='ltr'><strong>modu,</strong></span> <span class='ocrx_word' id='word_1_257' title='bbox 895 4570 997 4665; x_wconf 84' lang='lat' dir='ltr'><strong>idest,</strong></span> <span class='ocrx_word' id='word_1_258' title='bbox 1010 4571 1119 4664; x_wconf 79' lang='lat' dir='ltr'><strong>juxta</strong></span> <span class='ocrx_word' id='word_1_259' title='bbox 1135 4572 1407 4648; x_wconf 82' lang='lat' dir='ltr'><strong>extremitatem</strong></span> <span class='ocrx_word' id='word_1_260' title='bbox 1428 4575 1573 4671; x_wconf 68' lang='lat' dir='ltr'><strong>bulgum,</strong></span> <span class='ocrx_word' id='word_1_261' title='bbox 1591 4575 1654 4650; x_wconf 91' lang='lat' dir='ltr'><strong>ubi</strong></span> <span class='ocrx_word' id='word_1_262' title='bbox 1677 4595 1744 4652; x_wconf 88' lang='lat' dir='ltr'><strong>nos</strong></span> <span class='ocrx_word' id='word_1_263' title='bbox 1760 4577 1913 4652; x_wconf 88' lang='lat' dir='ltr'><strong>deseen-</strong></span> 
     </span>
     <span class='ocr_line' id='line_1_32' title="bbox 739 4689 1912 4794; baseline 0.007 -30"><span class='ocrx_word' id='word_1_264' title='bbox 739 4690 924 4784; x_wconf 83' lang='lat' dir='ltr'><strong>derumus‚</strong></span> <span class='ocrx_word' id='word_1_265' title='bbox 959 4690 1064 4785; x_wconf 85' lang='lat' dir='ltr'><strong>quasi</strong></span> <span class='ocrx_word' id='word_1_266' title='bbox 1092 4689 1188 4766; x_wconf 78' lang='lat' dir='ltr'><strong>dicut</strong></span> <span class='ocrx_word' id='word_1_267' title='bbox 1218 4691 1390 4789; x_wconf 87' lang='lat' dir='ltr'><strong>breviter,</strong></span> <span class='ocrx_word' id='word_1_268' title='bbox 1420 4695 1484 4791; x_wconf 93' lang='lat' dir='ltr'><strong>qui</strong></span> <span class='ocrx_word' id='word_1_269' title='bbox 1517 4701 1596 4772; x_wconf 86' lang='lat' dir='ltr'><strong>erat</strong></span> <span class='ocrx_word' id='word_1_270' title='bbox 1627 4696 1730 4772; x_wconf 90' lang='lat' dir='ltr'><strong>nubis</strong></span> <span class='ocrx_word' id='word_1_271' title='bbox 1762 4697 1912 4794; x_wconf 88' lang='lat' dir='ltr'><strong>propin-</strong></span> 
     </span>
     <span class='ocr_line' id='line_1_33' title="bbox 741 4809 1911 4911; baseline 0.009 -29"><span class='ocrx_word' id='word_1_272' title='bbox 741 4829 857 4904; x_wconf 82' lang='lat' dir='ltr'><strong>quus3</strong></span> <span class='ocrx_word' id='word_1_273' title='bbox 893 4816 931 4884; x_wconf 90' lang='lat' dir='ltr'><strong>et</strong></span> <span class='ocrx_word' id='word_1_274' title='bbox 964 4809 1191 4906; x_wconf 87' lang='lat' dir='ltr'><strong>benedicit,</strong></span> <span class='ocrx_word' id='word_1_275' title='bbox 1229 4813 1316 4908; x_wconf 81' lang='lat' dir='ltr'><strong>quia</strong></span> <span class='ocrx_word' id='word_1_276' title='bbox 1348 4814 1415 4890; x_wconf 89' lang='lat' dir='ltr'><strong>iste</strong></span> <span class='ocrx_word' id='word_1_277' title='bbox 1446 4814 1565 4911; x_wconf 91' lang='lat' dir='ltr'><strong>primo</strong></span> <span class='ocrx_word' id='word_1_278' title='bbox 1601 4818 1763 4892; x_wconf 86' lang='lat' dir='ltr'><strong>occurrit</strong></span> <span class='ocrx_word' id='word_1_279' title='bbox 1798 4819 1911 4894; x_wconf 90' lang='lat' dir='ltr'><strong>menti</strong></span> 
     </span>
    </p>
   </div>
   <div class='ocr_carea' id='block_1_5' title="bbox 804 4997 1772 5142">
    <p class='ocr_par' dir='ltr' id='par_1_6' title="bbox 804 4997 1772 5142">
     <span class='ocr_line' id='line_1_34' title="bbox 804 4997 1650 5064; baseline -0.008 -4"><span class='ocrx_word' id='word_1_280' title='bbox 804 4997 832 5061; x_wconf 61' lang='grc' dir='ltr'><strong>τ’)</strong></span> <span class='ocrx_word' id='word_1_281' title='bbox 849 5001 903 5057; x_wconf 76' lang='lat'><strong>¹¹⁶,</strong></span> <span class='ocrx_word' id='word_1_282' title='bbox 919 4998 1006 5061; x_wconf 77' lang='lat' dir='ltr'><strong>prmo</strong></span> <span class='ocrx_word' id='word_1_283' title='bbox 1021 5000 1173 5051; x_wconf 78' lang='lat' dir='ltr'><strong>munuum.</strong></span> <span class='ocrx_word' id='word_1_284' title='bbox 1413 4999 1440 5064; x_wconf 67' lang='grc' dir='ltr'><strong>ι’)</strong></span> <span class='ocrx_word' id='word_1_285' title='bbox 1457 5006 1512 5063; x_wconf 81' lang='lat' dir='ltr'><strong>nt,</strong></span> <span class='ocrx_word' id='word_1_286' title='bbox 1529 5001 1650 5056; x_wconf 73' lang='lat' dir='ltr'><strong>numus.</strong></span> 
     </span>
     <span class='ocr_line' id='line_1_35' title="bbox 806 5073 1772 5142; baseline -0.002 -6"><span class='ocrx_word' id='word_1_287' title='bbox 806 5073 832 5136; x_wconf 63' lang='grc' dir='ltr'><strong>Γ)</strong></span> <span class='ocrx_word' id='word_1_288' title='bbox 847 5073 873 5125; x_wconf 82' lang='lat' dir='ltr'><strong>S·</strong></span> <span class='ocrx_word' id='word_1_289' title='bbox 889 5073 975 5126; x_wconf 78' lang='lat' dir='ltr'><strong>solum</strong></span> <span class='ocrx_word' id='word_1_290' title='bbox 991 5076 1023 5127; x_wconf 82' lang='lat' dir='ltr'><strong>nl</strong></span> <span class='ocrx_word' id='word_1_291' title='bbox 1038 5081 1149 5142; x_wconf 77' lang='lat' dir='ltr'><strong>tempus.</strong></span> <span class='ocrx_word' id='word_1_292' title='bbox 1411 5079 1440 5142; x_wconf 79' lang='lat'><strong>(⁸)</strong></span> <span class='ocrx_word' id='word_1_293' title='bbox 1456 5079 1487 5130; x_wconf 77' lang='lat' dir='ltr'><strong>u.</strong></span> <span class='ocrx_word' id='word_1_294' title='bbox 1503 5080 1589 5132; x_wconf 74' lang='lat' dir='ltr'><strong>multo</strong></span> <span class='ocrx_word' id='word_1_295' title='bbox 1605 5085 1710 5133; x_wconf 78' lang='lat' dir='ltr'><strong>remim</strong></span> <span class='ocrx_word' id='word_1_296' title='bbox 1725 5086 1772 5135; x_wconf 76' lang='lat' dir='ltr'><strong>ent.</strong></span> 
     </span>
    </p>
   </div>
   <div class='ocr_carea' id='block_1_6' title="bbox 0 0 2315 6836">
    <p class='ocr_par' dir='ltr' id='par_1_7' title="bbox 0 0 2315 6836">
     <span class='ocr_line' id='line_1_36' title="bbox 0 0 2315 6836; baseline 0 0"><span class='ocrx_word' id='word_1_297' title='bbox 0 0 2315 6836; x_wconf 95' lang='lat' dir='ltr'><strong> </strong></span> 
     </span>
    </p>
   </div>
  </div>
 </body>
</html>
