4606 6840
757 981 895 1038 caurus
921 981 1111 1038 uomruus
1135 983 1280 1040 suanos.
1520 973 1589 1042 281

421 1127 599 1225 sagaciter
617 1128 835 1204 invenerunt
852 1127 1041 1223 Achillem,
1054 1129 1132 1204 sine
1149 1149 1224 1223 quo
1241 1128 1349 1203 Troia
1365 1123 1402 1221 (¹)
1423 1129 1503 1223 capi
1522 1147 1595 1202 non

423 1258 576 1346 poterat,
602 1269 715 1340 quem
741 1255 860 1324 mater
886 1249 1188 1346 transfiguratum
1214 1249 1284 1323 sub
1304 1249 1424 1344 specie
1444 1249 1594 1346 virginis

421 1371 656 1446 commiserat
669 1390 770 1444 curae
785 1377 822 1444 et
835 1369 1008 1445 custodie
1017 1369 1231 1465 Lycomedis
1246 1370 1343 1465 regis
1356 1369 1593 1444 nutriendum

421 1491 515 1567 inter
540 1490 631 1565 filias
648 1490 738 1584 eius,
757 1509 917 1583 quarum
938 1491 1181 1586 primogenita
1202 1509 1375 1584 oppressa
1391 1491 1437 1563 ab
1454 1490 1593 1564 Achille

422 1601 628 1704 concepitd)
644 1609 827 1705 Pyrrhum
841 1629 888 1684 ex
902 1630 958 1685 eo.
972 1611 1065 1685 Dicit
1076 1631 1183 1707 ergo:
1197 1613 1310 1700 l’nrte,
1323 1609 1468 1703 scilicet,
1479 1609 1594 1683 soler-

424 1733 472 1806 tia
494 1729 691 1826 ingeniosa,
706 1727 833 1822 perone*
843 1734 1042 1822 Deidamia,
1057 1751 1152 1806 uxor
1168 1731 1323 1824 Achillis,
1342 1737 1470 1822 morto,
1488 1729 1593 1822 quasi

421 1851 532 1924 dicat:
550 1850 670 1924 adhuc
686 1852 767 1944 post
784 1857 954 1944 mortem,
969 1871 1080 1924 ancer
1093 1853 1125 1923 st
1136 1853 1220 1924 dccl
1231 1853 1407 1942 tt’Acttlle,
1421 1850 1525 1943 quasi
1538 1847 1594 1922 di·

423 1981 498 2048 cat:
517 1969 632 2046 doluit
649 1971 786 2064 vivens,
799 1977 836 2045 et
852 1971 962 2046 etiam
977 1961 1015 2062 (³)
1032 1969 1130 2046 dolet
1147 1976 1306 2064 mortua,
1324 1969 1423 2063 quod
1438 1969 1593 2044 Achilles

423 2092 490 2165 suit
503 2091 712 2165 subtractus
720 2090 768 2164 ab
780 2109 835 2183 ea,
849 2096 896 2184 et,
910 2091 987 2186 ipsa
1001 2088 1125 2166 relicta
1142 2095 1364 2184 praegnante,
1374 2089 1534 2165 desolata
1542 2077 1593 2182 (⁸),

423 2211 490 2287 luit
504 2218 642 2286 tractus
658 2210 703 2284 ad
721 2209 879 2303 Troiam,
898 2210 961 2284 ubi
979 2210 1190 2286 interiectus
1207 2209 1274 2283 luit
1293 2231 1316 2284 a
1332 2209 1472 2303 Paride,
1486 2213 1594 2302 ptam

421 2333 530 2422 proisi
546 2337 660 2421 anuo,
678 2330 780 2424 idest,
801 2329 952 2424 punitur
969 2329 1006 2402 in
1023 2329 1117 2405 dicta
1135 2331 1293 2404 damma.
1308 2331 1408 2404 Hauc
1425 2330 1592 2424 pulcram

324 2505 328 2512 .
421 2451 609 2525 historiam
644 2451 672 2525 si
706 2449 760 2525 ris
784 2449 889 2542 scire,
916 2469 1043 2543 quaere
1079 2448 1273 2546 Purgatori
1298 2449 1456 2544 capitulo
1489 2451 1589 2545 Vllll,

421 2570 485 2645 ubi
509 2569 651 2665 prolixe
676 2571 896 2646 narrabitur.
915 2571 959 2646 Et
976 2570 1105 2645 ultimo
1122 2570 1292 2666 Virgilius
1310 2571 1424 2666 tangit
1441 2571 1591 2647 tertium

423 2711 542 2786 genus
566 2692 709 2766 astutiae
736 2713 808 2784 qua
835 2711 925 2765 usus
945 2697 1000 2765 est
1017 2691 1149 2785 Ulyxes
1174 2691 1284 2764 simul
1300 2712 1386 2766 cum
1405 2693 1590 2788 Diomede,

423 2809 509 2903 quia
525 2800 562 2901 (ὅ)
586 2810 722 2885 scilicet
747 2811 867 2905 rapuit
892 2809 1105 2903 Palladium,
1133 2810 1210 2884 sine
1230 2831 1305 2903 quo
1322 2809 1428 2886 Troia
1445 2811 1591 2887 diceba-

422 2936 485 3002 tur
509 2949 590 3005 essc
615 2931 837 3006 invincibilis.
864 2931 917 3004 Ad
943 2931 1041 3024 quud
1067 2929 1254 3005 sciendum
1274 2931 1370 3024 quod
1388 2933 1460 3006 llus
1474 2924 1511 3024 (ὅ)
1527 2933 1593 3008 luit

424 3056 578 3143 quartus
604 3071 669 3126 rex
686 3051 804 3125 Troiae
827 3056 908 3144 post
933 3050 1156 3143 Dardanum,
1182 3049 1288 3124 cuius
1313 3057 1479 3145 tempore
1503 3052 1594 3127 dici·

425 3175 487 3242 tur
511 3171 682 3245 cecidisse
706 3171 753 3245 de
778 3171 872 3246 coelo
899 3190 973 3244 una
998 3170 1119 3265 imago
1145 3189 1255 3264 super
1279 3189 1404 3246 arcem
1425 3172 1590 3268 Palladis,

424 3311 498 3386 qua
530 3298 687 3385 reperta,
714 3291 843 3365 troiani
877 3290 1056 3366 miseruut
1085 3291 1131 3365 ad
1156 3291 1356 3386 Apollinem
1382 3291 1588 3388 delphicum

423 3433 491 3507 pro
517 3431 714 3506 responso,
739 3417 778 3486 et
803 3431 1018 3505 responsum
1044 3419 1099 3485 est
1118 3411 1229 3505 quod,
1247 3412 1422 3506 quamdiu
1439 3412 1592 3487 duraret

423 3533 533 3606 illaesa
551 3532 618 3606 ista
636 3531 769 3626 imago,
784 3531 890 3605 Troia
907 3550 1054 3625 semper
1071 3537 1166 3606 esset
1183 3531 1491 3627 inexpugnabilis:
1509 3532 1592 3607 ideo

420 3671 507 3727 cum
538 3670 683 3725 summa
710 3650 893 3747 diligentia
918 3650 979 3724 diu
1007 3649 1184 3726 custodita
1209 3651 1277 3725 luit
1301 3651 1398 3746 apud
1423 3652 1594 3728 sacerdo-

421 3778 496 3845 tem
522 3769 684 3846 Palladis.
711 3770 858 3866 Ulynes,
876 3772 945 3844 hoc
962 3772 1062 3864 scito,
1082 3772 1191 3845 simul
1211 3790 1297 3846 cum
1314 3772 1488 3848 Diomede
1511 3773 1590 3846 sur·

423 3892 497 3966 tire
521 3893 707 3986 ingressus
731 3911 857 3966 arcem
891 3897 1057 3985 tempore
1089 3891 1204 3965 noctis
1229 3892 1351 3985 rapuit
1376 3891 1590 3985 Palladium,

420 4010 631 4086 custodibus
647 4011 741 4084 arcis
759 4009 946 4084 truncatis.
965 4009 1084 4103 Aliqui
1101 4017 1225 4084 tamen
1242 4012 1371 4085 volout
1388 4010 1486 4104 quod
1507 4031 1592 4086 cor-

421 4129 561 4224 ruperit
586 4129 741 4224 pecuuia
761 4129 989 4205 sacerdotem
1007 4128 1197 4202 custodem
1216 4129 1351 4222 templi,
1372 4135 1409 4204 ct
1426 4128 1477 4203 sic
1497 4130 1592 4204 ohti-

421 4251 544 4326 nuerit
556 4239 593 4342 (⁷)
621 4249 833 4324 Palladium.
860 4249 952 4324 Dicit
978 4268 1087 4345 ergo:
1113 4269 1132 4320 c
1152 4269 1241 4340 pene
1266 4252 1300 4321 vt
1323 4251 1355 4321 st
1374 4255 1496 4342 portu,
1521 4251 1592 4324 sci-

422 4370 505 4445 licet
542 4371 636 4444 intra
675 4369 845 4445 eamdem
879 4371 1078 4463 llamr'nam,
1116 4373 1173 4444 det
1203 4372 1379 4461 Pullariae,
1411 4369 1513 4464 idest,
1545 4371 1592 4446 de

421 4491 618 4565 simulacro
651 4489 803 4564 Palladis
838 4489 934 4564 fatali
960 4489 1088 4564 Troiae.
1115 4489 1197 4562 Fuit
1221 4489 1331 4564 etiarn
1348 4479 1384 4580 (⁸)
1411 4489 1593 4564 Palladius

422 4611 572 4702 quidam
596 4616 705 4684 autor
737 4631 914 4684 romanus
941 4611 1003 4705 qui
1029 4611 1198 4686 tractavit
1213 4611 1259 4686 de
1283 4611 1528 4707 agricultura:
1555 4618 1594 4686 et

483 4871 510 4931 (¹)
527 4874 581 4929 lto,
598 4869 705 4919 Troiam
722 4883 823 4932 capere.
1067 4870 1096 4934 (¹)
1111 4872 1142 4922 lt.
1159 4871 1277 4934 wnceplt
1294 4885 1405 4934 puerum
1421 4883 1453 4922 ex
1471 4885 1512 4922 ec.

483 4944 509 5007 (⁸)
527 4951 580 5004 tro,
597 4949 624 4995 et
640 4945 724 4996 adhuc
741 4947 820 4997 dolat.
1068 4949 1095 5010 (¹)
1111 4948 1142 4996 E.
1158 4947 1295 4998 desolatus.

483 5022 511 5082 (¹)
527 5023 552 5072 S.
570 5021 702 5080 Diomede,
718 5021 818 5073 scillcet
834 5024 904 5087 quod
920 5025 1014 5088 rapuit.
1053 5045 1055 5050 ·
1070 5022 1097 5085 (⁸)
1114 5025 1144 5073 lt
1160 5024 1243 5072 tulus.

484 5097 511 5161 (⁷)
528 5099 558 5148 Ε.
575 5096 750 5148 obtinuerunt.
1071 5098 1098 5160 ρ)
1115 5103 1168 5160 tlt,
1186 5101 1263 5150 euim.
