4606 6840
705 941 775 1009 238
1102 950 1307 1006 couunruu
1331 949 1481 1028 rursum

703 1097 902 1192 propriam,
923 1097 1065 1171 dicens:
1080 1099 1155 1188 poi,
1179 1096 1347 1170 membra
1367 1094 1559 1188 utriusque
1575 1091 1750 1186 corporis,
1770 1095 1873 1183 sup-

701 1211 836 1309 piccdr,
862 1216 1008 1309 scilicet,
1033 1215 1070 1288 in
1088 1215 1216 1310 simul,
1234 1236 1330 1288 come
1347 1219 1461 1308 [osser
1484 1216 1566 1287 stati
1590 1216 1628 1286 di
1651 1215 1756 1286 coldo
1775 1233 1872 1301 cmo,

703 1336 806 1432 idest,
831 1346 1021 1430 tamquam
1049 1336 1078 1409 si
1104 1357 1254 1431 serpens
1278 1341 1315 1409 et
1340 1336 1451 1409 homo
1477 1326 1678 1424 luissent(¹)
1703 1333 1749 1406 de
1774 1353 1872 1428 oera,

704 1457 781 1530 sive
811 1456 964 1532 materia
995 1476 1114 1550 cerea,
1147 1457 1241 1532 incili
1269 1455 1316 1530 ad
1346 1455 1455 1528 aliam
1487 1455 1645 1530 formam
1677 1453 1877 1548 suscipien-

705 1575 807 1670 dam,
834 1576 915 1651 ideo
939 1576 1048 1650 dicit:
1074 1597 1093 1648 e
1125 1579 1296 1650 mentior
1320 1579 1376 1648 lor
1401 1577 1530 1666 colore,
1557 1573 1643 1667 quia
1681 1594 1727 1648 ex
1754 1574 1879 1647 colore

706 1695 862 1770 hominis
893 1701 931 1770 et
963 1696 1088 1770 colore
1121 1695 1298 1790 serpentis
1331 1700 1388 1768 est
1415 1694 1533 1770 lactus
1563 1692 1713 1787 quidam
1749 1692 1879 1768 tertius

705 1816 818 1909 color,
844 1814 939 1890 sicut
963 1814 1130 1889 videmus
1155 1813 1201 1888 de
1227 1813 1322 1888 lacto
1353 1813 1389 1888 in
1419 1812 1563 1886 duabus
1594 1811 1688 1886 ceris
1713 1812 1878 1886 diverso-

707 1956 792 2009 rum
818 1937 996 2028 colorum,
1023 1935 1158 2010 scilicet
1182 1932 1255 2008 albi
1280 1940 1317 2008 et
1342 1932 1448 2029 nigri,
1476 1931 1539 2026 qui
1565 1938 1651 2006 sunt
1676 1931 1750 2005 duo
1776 1931 1877 2004 colo·

706 2075 765 2130 res
790 2054 1007 2147 immediati3
1037 2053 1149 2147 aliqui
1163 2044 1200 2145 (²)
1236 2052 1334 2128 enim
1365 2052 1507 2126 colores
1532 2057 1617 2124 sunt
1645 2050 1805 2144 mediati,
1836 2057 1878 2122 ut

557 2165 561 2176 “
706 2176 786 2250 vult
810 2175 1059 2270 philosophus;
1086 2174 1167 2248 ideo
1188 2172 1292 2247 dicit:
1311 2169 1356 2246 nd
1379 2175 1462 2244 t'un
1484 2167 1530 2246 rw*
1544 2173 1669 2246 tutan
1685 2161 1746 2262 yid
1758 2190 1876 2262 pareo

706 2296 785 2385 quel
807 2296 857 2365 clr’
870 2315 947 2385 eru,
972 2294 1060 2386 quia
1084 2293 1220 2368 scilicet
1244 2311 1394 2386 serpens
1411 2311 1483 2365 non
1504 2290 1696 2364 videbatur
1722 2289 1878 2384 amplius

707 2435 870 2508 serpens,
896 2433 963 2488 nec
989 2416 1101 2488 homo
1127 2416 1253 2508 homo,
1280 2412 1338 2486 vel
1356 2412 1457 2489 color
1482 2411 1659 2505 serpentis
1683 2431 1756 2486 non
1776 2411 1877 2486 ride-

707 2534 816 2611 batur
840 2535 997 2629 amplius
1022 2535 1124 2608 color
1149 2533 1337 2628 serpentis,
1360 2551 1427 2606 nec
1444 2532 1545 2606 color
1563 2531 1730 2626 hominis,
1757 2531 1877 2605 homi-

708 2655 772 2728 nis.
805 2655 849 2728 Et
882 2653 1044 2730 declarat
1076 2655 1183 2727 istam
1213 2653 1427 2728 mixtionem
1458 2653 1625 2728 colorum
1663 2672 1729 2746 per
1764 2671 1877 2726 unam

709 2776 1018 2870 comparationem
1048 2774 1288 2867 manifestam,
1314 2773 1447 2867 dicens,
1479 2773 1578 2868 quod
1602 2773 1683 2848 talis
1708 2779 1789 2848 erat
1816 2791 1880 2846 oo-

709 2897 765 2970 lor
781 2886 817 2988 (³)
843 2895 972 2969 tertius
997 2895 1114 2970 lactus
1139 2915 1185 2968 en
1202 2883 1237 2986 (⁴)
1265 2892 1422 2987 duobus,
1440 2892 1577 2968 scilicet
1593 2891 1802 2988 serpentino
1823 2891 1879 2965 ni·

708 3037 787 3114 gro,
819 3022 856 3090 et
885 3017 1048 3090 humano
1082 3015 1178 3106 albo,
1214 3013 1330 3108 qualis
1359 3019 1415 3087 est
1444 3013 1569 3086 lumus
1598 3012 1799 3108 procedens
1832 3011 1879 3085 ab

709 3136 842 3211 ardore
876 3135 1014 3232 papyri.
1048 3134 1140 3210 Dicit
1173 3153 1285 3229 ergo:
1319 3133 1440 3208 taliter
1473 3151 1592 3208 novus
1624 3133 1724 3207 eolor
1758 3131 1878 3224 fiebat,
1970 3227 1974 3232 ¹

709 3259 795 3328 oom'
809 3277 856 3327 un
882 3258 980 3328 color
1005 3255 1131 3346 mnne,
1149 3253 1285 3328 scilicet
1308 3252 1536 3345 semiluscus,
1563 3255 1622 3326 cde
1646 3275 1718 3326 non
1738 3249 1776 3326 e'e
1791 3271 1878 3324 uero

708 3396 857 3466 ancora,
882 3375 985 3468 idest,
1012 3374 1173 3449 nondum
1201 3381 1256 3450 est
1279 3374 1387 3468 plene
1406 3373 1522 3470 niger,
1543 3377 1600 3447 e'l
1618 3374 1742 3448 tuneo
1767 3393 1878 3466 ruore,

708 3494 812 3588 idest,
837 3493 967 3569 desinit
992 3514 1072 3568 esse
1089 3494 1227 3588 album,
1239 3496 1392 3586 procede
1407 3496 1530 3566 inunzi
1546 3497 1595 3566 du
1611 3495 1781 3568 narone
1798 3513 1880 3568 stuc

705 3634 772 3707 per
801 3616 835 3686 lo
858 3615 1005 3706 papiro,
1038 3613 1183 3706 scilicet,
1216 3611 1389 3706 candelae,
1420 3612 1477 3686 vel
1508 3612 1668 3709 intellige
1697 3614 1744 3688 de
1778 3617 1879 3688 carta

710 3733 939 3808 bombicinea
964 3733 1059 3826 alba,
1088 3731 1234 3827 quando
1259 3731 1508 3826 comburitur;
1528 3740 1687 3826 utraque
1707 3734 1807 3808 enim
1824 3738 1879 3806 est
1973 3807 1988 3819 ,

710 3853 837 3930 eadem
866 3853 1102 3948 comparatio,
1129 3859 1166 3926 et
1191 3871 1350 3948 papyrus
1377 3852 1486 3926 habet
1512 3853 1578 3927 ista
1600 3853 1744 3930 diversa
1770 3853 1882 3950 signi-

712 3973 827 4048 ficata.
854 3975 898 4046 Et
923 3973 981 4049 hic
1005 3980 1091 4047 nota
1116 3971 1212 4047 bene
1229 3972 1328 4066 qnod
1345 3973 1416 4046 sub
1436 3972 1503 4046 ista
1520 3974 1648 4067 pulcra
1673 3973 1793 4070 figura
1814 3993 1883 4048 au·

709 4077 768 4170 tor
794 4097 871 4169 vult
896 4094 985 4170 dare
1010 4093 1171 4190 intelligi,
1198 4093 1296 4188 qnod
1322 4091 1385 4187 qui
1407 4094 1567 4168 assuerit
1592 4093 1655 4168 tali
1680 4095 1769 4170 vitio
1795 4114 1881 4168 raro

710 4215 767 4290 vel
793 4235 997 4308 numquam
1028 4213 1094 4288 scit
1124 4212 1309 4306 recedere,
1340 4213 1415 4287 imo
1444 4213 1691 4290 insanabiliter
1721 4213 1881 4309 persistit

708 4335 746 4409 in
771 4355 816 4410 eo
841 4333 1032 4428 usquead
1058 4339 1228 4407 mortem.
1248 4332 1333 4406 ldeo
1358 4333 1453 4408 bene
1479 4334 1648 4410 Aurelius
1674 4335 1881 4410 Alexander

710 4474 951 4529 romanorum
985 4451 1185 4546 imperator
1216 4451 1273 4525 vir
1302 4457 1401 4526 totus
1430 4473 1569 4528 aureus
1603 4455 1752 4551 virtute,
1788 4456 1883 4530 sicut

708 4573 833 4647 scribit
856 4572 972 4646 AElius
997 4572 1224 4667 Lampridius
1249 4572 1286 4646 in
1312 4573 1386 4646 vita
1417 4573 1507 4668 eius,
1533 4575 1714 4672 condigne
1739 4576 1883 4672 punivit

709 4695 841 4768 iurem.
869 4693 962 4767 Cum
989 4693 1087 4768 enim
1112 4693 1262 4786 quidam
1293 4693 1421 4768 nobilis
1451 4695 1577 4770 solitus
1608 4696 1724 4771 iurari
1755 4697 1883 4774 luisset

771 4909 798 4974 (¹1
813 4909 838 4961 S.
855 4910 964 4962 fuirunt
979 4913 1011 4963 de
1028 4913 1279 4975 pernumeratum
1295 4911 1414 4963 laelli-
1425 4917 1470 4965 tlt
1485 4928 1501 4964 e
1517 4915 1548 4966 E.
1564 4916 1671 4966 minent
1686 4913 1719 4964 ‹lc
1730 4927 1818 4972 carne,
1829 4915 1882 4966 nm

710 4989 966 5050 donatoriam,
983 4990 1062 5042 molli.
1124 4989 1153 5054 Γ)
1170 4995 1216 5042 tto
1232 5001 1247 5039 e
1264 4989 1294 5040 ll.
1311 4989 1405 5054 reliqui
1420 4991 1499 5043 enim.
1546 4989 1573 5053 Γ)
1590 4995 1667 5042 tlon
1689 4989 1720 5040 Ε.
1737 4987 1783 5040 llis
1799 4987 1882 5040 color.

774 5065 801 5128 (⁸5
818 5063 848 5115 B.
863 5077 896 5116 οι
911 5065 1012 5118 duum
1027 5067 1196 5133 mpundlrrn
1213 5063 1312 5117 scillcet
1326 5067 1403 5132 nigro
1417 5072 1444 5117 el
1460 5068 1575 5118 humano
1590 5068 1658 5118 alito.
