<?xml version="1.0" encoding="UTF-8"?>
<!DOCTYPE html PUBLIC "-//W3C//DTD XHTML 1.0 Transitional//EN"
    "http://www.w3.org/TR/xhtml1/DTD/xhtml1-transitional.dtd">
<html xmlns="http://www.w3.org/1999/xhtml" xml:lang="en" lang="en">
 <head>
  <title>
</title>
<meta http-equiv="Content-Type" content="text/html;charset=utf-8" />
  <meta name='ocr-system' content='tesseract 3.04.00' />
  <meta name='ocr-capabilities' content='ocr_page ocr_carea ocr_par ocr_line ocrx_word'/>
</head>
<body>
  <div class='ocr_page' id='page_1' title='image "./comentumsuperda01benvgoog_0171.png"; bbox 0 0 4534 6842; ppageno 0'>
   <div class='ocr_carea' id='block_1_1' title="bbox 668 913 1439 982">
    <p class='ocr_par' dir='ltr' id='par_1_1' title="bbox 668 913 1439 982">
     <span class='ocr_line' id='line_1_1' title="bbox 668 913 1439 982; baseline 0.001 -3"><span class='ocrx_word' id='word_1_1' title='bbox 668 913 737 980; x_wconf 74' lang='lat'><strong>162</strong></span> <span class='ocrx_word' id='word_1_2' title='bbox 1059 925 1261 982; x_wconf 80' lang='lat' dir='ltr'><strong>connurun</strong></span> <span class='ocrx_word' id='word_1_3' title='bbox 1285 927 1439 980; x_wconf 81' lang='lat' dir='ltr'><strong>msnnur</strong></span> 
     </span>
    </p>
   </div>
   <div class='ocr_carea' id='block_1_2' title="bbox 664 1067 1834 1526">
    <p class='ocr_par' dir='ltr' id='par_1_2' title="bbox 664 1067 1834 1526">
     <span class='ocr_line' id='line_1_2' title="bbox 665 1067 1829 1165; baseline 0.004 -24"><span class='ocrx_word' id='word_1_4' title='bbox 665 1067 767 1163; x_wconf 87' lang='lat' dir='ltr'><strong>idest,</strong></span> <span class='ocrx_word' id='word_1_5' title='bbox 799 1068 1092 1164; x_wconf 80' lang='lat' dir='ltr'><strong>persecutionem</strong></span> <span class='ocrx_word' id='word_1_6' title='bbox 1126 1071 1293 1165; x_wconf 89' lang='lat' dir='ltr'><strong>istorum,</strong></span> <span class='ocrx_word' id='word_1_7' title='bbox 1323 1091 1435 1165; x_wconf 86' lang='lat' dir='ltr'><strong>quom</strong></span> <span class='ocrx_word' id='word_1_8' title='bbox 1469 1077 1627 1164; x_wconf 80' lang='lat' dir='ltr'><strong>uterque</strong></span> <span class='ocrx_word' id='word_1_9' title='bbox 1664 1081 1829 1148; x_wconf 88' lang='lat' dir='ltr'><strong>nostrum</strong></span> 
     </span>
     <span class='ocr_line' id='line_1_3' title="bbox 665 1187 1832 1286; baseline 0.003 -24"><span class='ocrx_word' id='word_1_10' title='bbox 665 1187 885 1286; x_wconf 81' lang='lat' dir='ltr'><strong>imaginatus</strong></span> <span class='ocrx_word' id='word_1_11' title='bbox 902 1190 979 1286; x_wconf 87' lang='lat' dir='ltr'><strong>lull,</strong></span> <span class='ocrx_word' id='word_1_12' title='bbox 992 1193 1093 1282; x_wconf 69' lang='lat' dir='ltr'><strong>septi</strong></span> <span class='ocrx_word' id='word_1_13' title='bbox 1109 1187 1139 1284; x_wconf 83' lang='lat' dir='ltr'><strong>d,</strong></span> <span class='ocrx_word' id='word_1_14' title='bbox 1153 1192 1299 1286; x_wconf 83' lang='lat' dir='ltr'><strong>scilicet,</strong></span> <span class='ocrx_word' id='word_1_15' title='bbox 1315 1211 1458 1285; x_wconf 85' lang='lat' dir='ltr'><strong>verum,</strong></span> <span class='ocrx_word' id='word_1_16' title='bbox 1471 1193 1530 1264; x_wconf 80' lang='lat' dir='ltr'><strong>cte</strong></span> <span class='ocrx_word' id='word_1_17' title='bbox 1548 1193 1584 1263; x_wconf 87' lang='lat' dir='ltr'><strong>la</strong></span> <span class='ocrx_word' id='word_1_18' title='bbox 1601 1193 1719 1264; x_wconf 79' lang='lat' dir='ltr'><strong>clostra</strong></span> <span class='ocrx_word' id='word_1_19' title='bbox 1737 1199 1832 1266; x_wconf 79' lang='lat' dir='ltr'><strong>coctu</strong></span> 
     </span>
     <span class='ocr_line' id='line_1_4' title="bbox 664 1303 1833 1406; baseline 0.004 -22"><span class='ocrx_word' id='word_1_20' title='bbox 664 1312 811 1403; x_wconf 66' lang='grc' dir='ltr'><strong>ρίαεαε,</strong></span> <span class='ocrx_word' id='word_1_21' title='bbox 844 1310 946 1403; x_wconf 87' lang='lat' dir='ltr'><strong>idest,</strong></span> <span class='ocrx_word' id='word_1_22' title='bbox 971 1303 1050 1403; x_wconf 81' lang='lat' dir='ltr'><strong>si(⁴)</strong></span> <span class='ocrx_word' id='word_1_23' title='bbox 1081 1312 1127 1384; x_wconf 88' lang='lat' dir='ltr'><strong>ad</strong></span> <span class='ocrx_word' id='word_1_24' title='bbox 1156 1312 1326 1386; x_wconf 81' lang='lat' dir='ltr'><strong>dextram</strong></span> <span class='ocrx_word' id='word_1_25' title='bbox 1356 1318 1411 1386; x_wconf 87' lang='lat' dir='ltr'><strong>est</strong></span> <span class='ocrx_word' id='word_1_26' title='bbox 1441 1311 1500 1386; x_wconf 88' lang='lat' dir='ltr'><strong>illa</strong></span> <span class='ocrx_word' id='word_1_27' title='bbox 1525 1317 1660 1406; x_wconf 85' lang='lat' dir='ltr'><strong>grotta,</strong></span> <span class='ocrx_word' id='word_1_28' title='bbox 1686 1312 1733 1388; x_wconf 94' lang='lat' dir='ltr'><strong>de</strong></span> <span class='ocrx_word' id='word_1_29' title='bbox 1759 1334 1833 1406; x_wconf 84' lang='lat' dir='ltr'><strong>qna</strong></span> 
     </span>
     <span class='ocr_line' id='line_1_5' title="bbox 667 1422 1834 1526; baseline 0.002 -24"><span class='ocrx_word' id='word_1_30' title='bbox 667 1427 807 1503; x_wconf 88' lang='lat' dir='ltr'><strong>dicebat</strong></span> <span class='ocrx_word' id='word_1_31' title='bbox 832 1427 935 1502; x_wconf 89' lang='lat' dir='ltr'><strong>nobis</strong></span> <span class='ocrx_word' id='word_1_32' title='bbox 959 1428 1017 1504; x_wconf 90' lang='lat' dir='ltr'><strong>ille</strong></span> <span class='ocrx_word' id='word_1_33' title='bbox 1043 1430 1225 1504; x_wconf 86' lang='lat' dir='ltr'><strong>Malacoda</strong></span> <span class='ocrx_word' id='word_1_34' title='bbox 1239 1422 1289 1524; x_wconf 78' lang='lat'><strong>(²),</strong></span> <span class='ocrx_word' id='word_1_35' title='bbox 1309 1431 1359 1506; x_wconf 88' lang='lat' dir='ltr'><strong>ita</strong></span> <span class='ocrx_word' id='word_1_36' title='bbox 1383 1430 1565 1525; x_wconf 86' lang='lat' dir='ltr'><strong>disposita,</strong></span> <span class='ocrx_word' id='word_1_37' title='bbox 1583 1433 1642 1503; x_wconf 82' lang='lat' dir='ltr'><strong>cte</strong></span> <span class='ocrx_word' id='word_1_38' title='bbox 1666 1435 1726 1504; x_wconf 82' lang='lat' dir='ltr'><strong>noi</strong></span> <span class='ocrx_word' id='word_1_39' title='bbox 1748 1453 1834 1526; x_wconf 84' lang='lat' dir='ltr'><strong>pos-</strong></span> 
     </span>
    </p>
   </div>
   <div class='ocr_carea' id='block_1_3' title="bbox 667 1551 1847 4763">
    <p class='ocr_par' dir='ltr' id='par_1_3' title="bbox 667 1551 1847 4763">
     <span class='ocr_line' id='line_1_6' title="bbox 667 1551 1834 1645; baseline 0.003 -23"><span class='ocrx_word' id='word_1_40' title='bbox 667 1552 757 1622; x_wconf 82' lang='lat' dir='ltr'><strong>stom</strong></span> <span class='ocrx_word' id='word_1_41' title='bbox 785 1552 929 1622; x_wconf 82' lang='lat' dir='ltr'><strong>sccndcr</strong></span> <span class='ocrx_word' id='word_1_42' title='bbox 961 1570 1006 1623; x_wconf 83' lang='lat' dir='ltr'><strong>oe</strong></span> <span class='ocrx_word' id='word_1_43' title='bbox 1031 1553 1160 1624; x_wconf 71' lang='lat' dir='ltr'><strong>rona</strong></span> <span class='ocrx_word' id='word_1_44' title='bbox 1192 1551 1328 1644; x_wconf 77' lang='lat' dir='ltr'><strong>botpio:</strong></span> <span class='ocrx_word' id='word_1_45' title='bbox 1359 1551 1506 1645; x_wconf 73' lang='lat' dir='ltr'><strong>scilicet,</strong></span> <span class='ocrx_word' id='word_1_46' title='bbox 1540 1557 1682 1626; x_wconf 78' lang='lat' dir='ltr'><strong>sextam</strong></span> <span class='ocrx_word' id='word_1_47' title='bbox 1717 1553 1834 1626; x_wconf 87' lang='lat' dir='ltr'><strong>conti-</strong></span> 
     </span>
     <span class='ocr_line' id='line_1_7' title="bbox 668 1671 1834 1768; baseline 0.001 -25"><span class='ocrx_word' id='word_1_48' title='bbox 668 1692 782 1768; x_wconf 83' lang='lat' dir='ltr'><strong>guam</strong></span> <span class='ocrx_word' id='word_1_49' title='bbox 807 1671 910 1765; x_wconf 88' lang='lat' dir='ltr'><strong>buic;</strong></span> <span class='ocrx_word' id='word_1_50' title='bbox 932 1673 1002 1746; x_wconf 89' lang='lat' dir='ltr'><strong>boc</strong></span> <span class='ocrx_word' id='word_1_51' title='bbox 1026 1681 1082 1748; x_wconf 88' lang='lat' dir='ltr'><strong>est</strong></span> <span class='ocrx_word' id='word_1_52' title='bbox 1107 1672 1205 1766; x_wconf 93' lang='lat' dir='ltr'><strong>qnod</strong></span> <span class='ocrx_word' id='word_1_53' title='bbox 1222 1672 1300 1768; x_wconf 90' lang='lat' dir='ltr'><strong>ripa</strong></span> <span class='ocrx_word' id='word_1_54' title='bbox 1324 1692 1397 1746; x_wconf 92' lang='lat' dir='ltr'><strong>non</strong></span> <span class='ocrx_word' id='word_1_55' title='bbox 1422 1672 1467 1746; x_wconf 90' lang='lat' dir='ltr'><strong>sit</strong></span> <span class='ocrx_word' id='word_1_56' title='bbox 1491 1672 1528 1745; x_wconf 92' lang='lat' dir='ltr'><strong>in</strong></span> <span class='ocrx_word' id='word_1_57' title='bbox 1555 1679 1674 1746; x_wconf 89' lang='lat' dir='ltr'><strong>totum</strong></span> <span class='ocrx_word' id='word_1_58' title='bbox 1692 1692 1834 1768; x_wconf 88' lang='lat' dir='ltr'><strong>repens,</strong></span> 
     </span>
     <span class='ocr_line' id='line_1_8' title="bbox 668 1789 1836 1887; baseline 0.001 -21"><span class='ocrx_word' id='word_1_59' title='bbox 668 1790 732 1866; x_wconf 90' lang='lat' dir='ltr'><strong>sed</strong></span> <span class='ocrx_word' id='word_1_60' title='bbox 756 1789 914 1887; x_wconf 83' lang='lat' dir='ltr'><strong>declivis,</strong></span> <span class='ocrx_word' id='word_1_61' title='bbox 940 1790 989 1865; x_wconf 89' lang='lat' dir='ltr'><strong>ita</strong></span> <span class='ocrx_word' id='word_1_62' title='bbox 1021 1790 1121 1885; x_wconf 90' lang='lat' dir='ltr'><strong>quod</strong></span> <span class='ocrx_word' id='word_1_63' title='bbox 1145 1791 1278 1886; x_wconf 68' lang='lat' dir='ltr'><strong>posim</strong></span> <span class='ocrx_word' id='word_1_64' title='bbox 1305 1793 1443 1868; x_wconf 90' lang='lat' dir='ltr'><strong>ducere</strong></span> <span class='ocrx_word' id='word_1_65' title='bbox 1469 1794 1527 1867; x_wconf 87' lang='lat' dir='ltr'><strong>vel</strong></span> <span class='ocrx_word' id='word_1_66' title='bbox 1552 1801 1702 1886; x_wconf 89' lang='lat' dir='ltr'><strong>portare</strong></span> <span class='ocrx_word' id='word_1_67' title='bbox 1732 1798 1769 1868; x_wconf 81' lang='lat' dir='ltr'><strong>te</strong></span> <span class='ocrx_word' id='word_1_68' title='bbox 1799 1791 1836 1867; x_wconf 89' lang='lat' dir='ltr'><strong>in</strong></span> 
     </span>
     <span class='ocr_line' id='line_1_9' title="bbox 668 1910 1832 2008; baseline 0 -24"><span class='ocrx_word' id='word_1_69' title='bbox 668 1910 792 2006; x_wconf 84' lang='lat' dir='ltr'><strong>bulgia</strong></span> <span class='ocrx_word' id='word_1_70' title='bbox 816 1911 1102 2006; x_wconf 78' lang='lat' dir='ltr'><strong>hypocritarum,</strong></span> <span class='ocrx_word' id='word_1_71' title='bbox 1124 1911 1219 1989; x_wconf 89' lang='lat' dir='ltr'><strong>sicut</strong></span> <span class='ocrx_word' id='word_1_72' title='bbox 1243 1911 1385 2007; x_wconf 89' lang='lat' dir='ltr'><strong>portavi</strong></span> <span class='ocrx_word' id='word_1_73' title='bbox 1412 1918 1448 1986; x_wconf 91' lang='lat' dir='ltr'><strong>te</strong></span> <span class='ocrx_word' id='word_1_74' title='bbox 1473 1933 1584 2006; x_wconf 92' lang='lat' dir='ltr'><strong>snpra</strong></span> <span class='ocrx_word' id='word_1_75' title='bbox 1609 1912 1646 1985; x_wconf 93' lang='lat' dir='ltr'><strong>in</strong></span> <span class='ocrx_word' id='word_1_76' title='bbox 1670 1911 1832 2008; x_wconf 81' lang='lat' dir='ltr'><strong>bulgiam</strong></span> 
     </span>
     <span class='ocr_line' id='line_1_10' title="bbox 669 2021 1835 2126; baseline 0.003 -24"><span class='ocrx_word' id='word_1_77' title='bbox 669 2029 952 2104; x_wconf 87' lang='lat' dir='ltr'><strong>simoniacorum</strong></span> <span class='ocrx_word' id='word_1_78' title='bbox 978 2050 1044 2126; x_wconf 92' lang='lat' dir='ltr'><strong>per</strong></span> <span class='ocrx_word' id='word_1_79' title='bbox 1071 2030 1186 2126; x_wconf 87' lang='lat' dir='ltr'><strong>ripam</strong></span> <span class='ocrx_word' id='word_1_80' title='bbox 1213 2031 1336 2105; x_wconf 92' lang='lat' dir='ltr'><strong>minus</strong></span> <span class='ocrx_word' id='word_1_81' title='bbox 1361 2030 1590 2126; x_wconf 82' lang='lat' dir='ltr'><strong>pendentem.</strong></span> <span class='ocrx_word' id='word_1_82' title='bbox 1605 2071 1654 2084; x_wconf 99' lang='lat'>-</span> <span class='ocrx_word' id='word_1_83' title='bbox 1670 2021 1745 2104; x_wconf 73' lang='lat' dir='ltr'><strong>ott</strong></span> <span class='ocrx_word' id='word_1_84' title='bbox 1771 2031 1835 2105; x_wconf 89' lang='lat' dir='ltr'><strong>llic</strong></span> 
     </span>
     <span class='ocr_line' id='line_1_11' title="bbox 668 2141 1835 2244; baseline -0.001 -21"><span class='ocrx_word' id='word_1_85' title='bbox 668 2155 777 2224; x_wconf 88' lang='lat' dir='ltr'><strong>antor</strong></span> <span class='ocrx_word' id='word_1_86' title='bbox 803 2151 902 2244; x_wconf 90' lang='lat' dir='ltr'><strong>ponit</strong></span> <span class='ocrx_word' id='word_1_87' title='bbox 923 2149 1111 2224; x_wconf 88' lang='lat' dir='ltr'><strong>incursum</strong></span> <span class='ocrx_word' id='word_1_88' title='bbox 1131 2151 1277 2224; x_wconf 92' lang='lat' dir='ltr'><strong>illorum</strong></span> <span class='ocrx_word' id='word_1_89' title='bbox 1295 2150 1562 2224; x_wconf 87' lang='lat' dir='ltr'><strong>daemoniorum</strong></span> <span class='ocrx_word' id='word_1_90' title='bbox 1577 2141 1614 2242; x_wconf 77' lang='lat'><strong>(³)</strong></span> <span class='ocrx_word' id='word_1_91' title='bbox 1632 2150 1835 2226; x_wconf 86' lang='lat' dir='ltr'><strong>secundum</strong></span> 
     </span>
     <span class='ocr_line' id='line_1_12' title="bbox 669 2259 1837 2366; baseline 0.001 -23"><span class='ocrx_word' id='word_1_92' title='bbox 669 2269 766 2364; x_wconf 87' lang='lat' dir='ltr'><strong>quod</strong></span> <span class='ocrx_word' id='word_1_93' title='bbox 794 2269 1047 2366; x_wconf 78' lang='lat' dir='ltr'><strong>formidabant,</strong></span> <span class='ocrx_word' id='word_1_94' title='bbox 1074 2269 1172 2346; x_wconf 88' lang='lat' dir='ltr'><strong>unde</strong></span> <span class='ocrx_word' id='word_1_95' title='bbox 1196 2269 1299 2344; x_wconf 88' lang='lat' dir='ltr'><strong>dicit:</strong></span> <span class='ocrx_word' id='word_1_96' title='bbox 1325 2259 1387 2360; x_wconf 64' lang='lat' dir='ltr'><strong>pot</strong></span> <span class='ocrx_word' id='word_1_97' title='bbox 1412 2289 1484 2342; x_wconf 83' lang='lat' dir='ltr'><strong>noo</strong></span> <span class='ocrx_word' id='word_1_98' title='bbox 1507 2273 1638 2361; x_wconf 80' lang='lat' dir='ltr'><strong>comple</strong></span> <span class='ocrx_word' id='word_1_99' title='bbox 1654 2271 1692 2342; x_wconf 87' lang='lat' dir='ltr'><strong>dt</strong></span> <span class='ocrx_word' id='word_1_100' title='bbox 1707 2272 1837 2344; x_wconf 80' lang='lat' dir='ltr'><strong>rander</strong></span> 
     </span>
     <span class='ocr_line' id='line_1_13' title="bbox 669 2377 1838 2485; baseline -0.001 -21"><span class='ocrx_word' id='word_1_101' title='bbox 669 2393 720 2464; x_wconf 85' lang='lat' dir='ltr'><strong>tut</strong></span> <span class='ocrx_word' id='word_1_102' title='bbox 742 2392 923 2482; x_wconf 75' lang='lat' dir='ltr'><strong>coruiptto,</strong></span> <span class='ocrx_word' id='word_1_103' title='bbox 942 2389 1043 2484; x_wconf 86' lang='lat' dir='ltr'><strong>idest,</strong></span> <span class='ocrx_word' id='word_1_104' title='bbox 1060 2390 1223 2463; x_wconf 92' lang='lat' dir='ltr'><strong>nondum</strong></span> <span class='ocrx_word' id='word_1_105' title='bbox 1242 2389 1412 2485; x_wconf 83' lang='lat' dir='ltr'><strong>Virgilius</strong></span> <span class='ocrx_word' id='word_1_106' title='bbox 1432 2389 1526 2463; x_wconf 92' lang='lat' dir='ltr'><strong>bene</strong></span> <span class='ocrx_word' id='word_1_107' title='bbox 1546 2387 1689 2464; x_wconf 88' lang='lat' dir='ltr'><strong>linierat</strong></span> <span class='ocrx_word' id='word_1_108' title='bbox 1705 2377 1741 2482; x_wconf 72' lang='lat'><strong>(⁴)</strong></span> <span class='ocrx_word' id='word_1_109' title='bbox 1759 2409 1838 2466; x_wconf 86' lang='lat' dir='ltr'><strong>ser-</strong></span> 
     </span>
     <span class='ocr_line' id='line_1_14' title="bbox 670 2509 1837 2602; baseline 0.003 -20"><span class='ocrx_word' id='word_1_110' title='bbox 670 2527 818 2583; x_wconf 92' lang='lat' dir='ltr'><strong>monem</strong></span> <span class='ocrx_word' id='word_1_111' title='bbox 845 2528 967 2602; x_wconf 86' lang='lat' dir='ltr'><strong>sunm,</strong></span> <span class='ocrx_word' id='word_1_112' title='bbox 993 2511 1090 2582; x_wconf 81' lang='lat' dir='ltr'><strong>cll‘t&#39;o</strong></span> <span class='ocrx_word' id='word_1_113' title='bbox 1115 2511 1141 2581; x_wconf 87' lang='lat' dir='ltr'><strong>tt</strong></span> <span class='ocrx_word' id='word_1_114' title='bbox 1166 2511 1237 2580; x_wconf 71' lang='lat' dir='ltr'><strong>nelli</strong></span> <span class='ocrx_word' id='word_1_115' title='bbox 1268 2511 1365 2580; x_wconf 80' lang='lat' dir='ltr'><strong>venir</strong></span> <span class='ocrx_word' id='word_1_116' title='bbox 1396 2529 1462 2580; x_wconf 84' lang='lat' dir='ltr'><strong>coo</strong></span> <span class='ocrx_word' id='word_1_117' title='bbox 1486 2511 1573 2582; x_wconf 79' lang='lat' dir='ltr'><strong>toti</strong></span> <span class='ocrx_word' id='word_1_118' title='bbox 1597 2515 1676 2601; x_wconf 81' lang='lat' dir='ltr'><strong>lese,</strong></span> <span class='ocrx_word' id='word_1_119' title='bbox 1701 2509 1837 2586; x_wconf 88' lang='lat' dir='ltr'><strong>scilicet</strong></span> 
     </span>
     <span class='ocr_line' id='line_1_15' title="bbox 671 2628 1840 2724; baseline -0.002 -20"><span class='ocrx_word' id='word_1_120' title='bbox 671 2629 834 2707; x_wconf 81' lang='lat' dir='ltr'><strong>volantes</strong></span> <span class='ocrx_word' id='word_1_121' title='bbox 858 2629 1036 2724; x_wconf 82' lang='lat' dir='ltr'><strong>expedite,</strong></span> <span class='ocrx_word' id='word_1_122' title='bbox 1062 2628 1149 2722; x_wconf 86' lang='lat' dir='ltr'><strong>quia</strong></span> <span class='ocrx_word' id='word_1_123' title='bbox 1178 2628 1257 2722; x_wconf 88' lang='lat' dir='ltr'><strong>jam</strong></span> <span class='ocrx_word' id='word_1_124' title='bbox 1289 2628 1533 2703; x_wconf 81' lang='lat' dir='ltr'><strong>liberaverant</strong></span> <span class='ocrx_word' id='word_1_125' title='bbox 1562 2628 1641 2702; x_wconf 92' lang='lat' dir='ltr'><strong>illos</strong></span> <span class='ocrx_word' id='word_1_126' title='bbox 1670 2628 1763 2706; x_wconf 92' lang='lat' dir='ltr'><strong>dnos</strong></span> <span class='ocrx_word' id='word_1_127' title='bbox 1793 2629 1840 2702; x_wconf 93' lang='lat' dir='ltr'><strong>de</strong></span> 
     </span>
     <span class='ocr_line' id='line_1_16' title="bbox 670 2747 1839 2844; baseline 0 -22"><span class='ocrx_word' id='word_1_128' title='bbox 670 2749 761 2844; x_wconf 82' lang='lat' dir='ltr'><strong>pice,</strong></span> <span class='ocrx_word' id='word_1_129' title='bbox 782 2758 820 2825; x_wconf 90' lang='lat' dir='ltr'><strong>et</strong></span> <span class='ocrx_word' id='word_1_130' title='bbox 844 2748 1159 2844; x_wconf 87' lang='lat' dir='ltr'><strong>persequebantur</strong></span> <span class='ocrx_word' id='word_1_131' title='bbox 1184 2747 1270 2822; x_wconf 87' lang='lat' dir='ltr'><strong>istos</strong></span> <span class='ocrx_word' id='word_1_132' title='bbox 1294 2748 1384 2823; x_wconf 87' lang='lat' dir='ltr'><strong>alios</strong></span> <span class='ocrx_word' id='word_1_133' title='bbox 1409 2749 1519 2842; x_wconf 88' lang='lat' dir='ltr'><strong>dnos;</strong></span> <span class='ocrx_word' id='word_1_134' title='bbox 1540 2748 1621 2824; x_wconf 89' lang='lat' dir='ltr'><strong>ideo</strong></span> <span class='ocrx_word' id='word_1_135' title='bbox 1646 2749 1747 2824; x_wconf 89' lang='lat' dir='ltr'><strong>dicit:</strong></span> <span class='ocrx_word' id='word_1_136' title='bbox 1768 2769 1839 2822; x_wconf 81' lang='lat' dir='ltr'><strong>oon</strong></span> 
     </span>
     <span class='ocr_line' id='line_1_17' title="bbox 671 2867 1838 2962; baseline 0 -20"><span class='ocrx_word' id='word_1_137' title='bbox 671 2872 776 2942; x_wconf 85' lang='lat' dir='ltr'><strong>molto</strong></span> <span class='ocrx_word' id='word_1_138' title='bbox 800 2872 898 2960; x_wconf 73' lang='lat' dir='ltr'><strong>tonpl</strong></span> <span class='ocrx_word' id='word_1_139' title='bbox 916 2889 985 2962; x_wconf 81' lang='lat' dir='ltr'><strong>per</strong></span> <span class='ocrx_word' id='word_1_140' title='bbox 1010 2871 1149 2942; x_wconf 77' lang='lat' dir='ltr'><strong>colerae</strong></span> <span class='ocrx_word' id='word_1_141' title='bbox 1160 2870 1345 2960; x_wconf 66' lang='lat' dir='ltr'><strong>mandere.</strong></span> <span class='ocrx_word' id='word_1_142' title='bbox 1364 2869 1408 2944; x_wconf 88' lang='lat' dir='ltr'><strong>Et</strong></span> <span class='ocrx_word' id='word_1_143' title='bbox 1424 2867 1511 2962; x_wconf 89' lang='lat' dir='ltr'><strong>qnid</strong></span> <span class='ocrx_word' id='word_1_144' title='bbox 1529 2875 1585 2944; x_wconf 88' lang='lat' dir='ltr'><strong>est</strong></span> <span class='ocrx_word' id='word_1_145' title='bbox 1601 2871 1670 2944; x_wconf 93' lang='lat' dir='ltr'><strong>boc</strong></span> <span class='ocrx_word' id='word_1_146' title='bbox 1686 2869 1838 2962; x_wconf 89' lang='lat' dir='ltr'><strong>dictum,</strong></span> 
     </span>
     <span class='ocr_line' id='line_1_18' title="bbox 673 2987 1840 3084; baseline -0.003 -20"><span class='ocrx_word' id='word_1_147' title='bbox 673 2991 739 3064; x_wconf 92' lang='lat' dir='ltr'><strong>nisi</strong></span> <span class='ocrx_word' id='word_1_148' title='bbox 764 2988 862 3084; x_wconf 87' lang='lat' dir='ltr'><strong>quod</strong></span> <span class='ocrx_word' id='word_1_149' title='bbox 888 2987 1034 3082; x_wconf 87' lang='lat' dir='ltr'><strong>quando</strong></span> <span class='ocrx_word' id='word_1_150' title='bbox 1059 2989 1171 3063; x_wconf 93' lang='lat' dir='ltr'><strong>bomo</strong></span> <span class='ocrx_word' id='word_1_151' title='bbox 1197 2987 1340 3062; x_wconf 89' lang='lat' dir='ltr'><strong>videtur</strong></span> <span class='ocrx_word' id='word_1_152' title='bbox 1357 2988 1561 3062; x_wconf 87' lang='lat' dir='ltr'><strong>licentiatus</strong></span> <span class='ocrx_word' id='word_1_153' title='bbox 1586 2995 1624 3063; x_wconf 92' lang='lat' dir='ltr'><strong>et</strong></span> <span class='ocrx_word' id='word_1_154' title='bbox 1648 2989 1840 3084; x_wconf 80' lang='lat' dir='ltr'><strong>expeditus</strong></span> 
     </span>
     <span class='ocr_line' id='line_1_19' title="bbox 671 3099 1841 3204; baseline -0.001 -20"><span class='ocrx_word' id='word_1_155' title='bbox 671 3111 720 3184; x_wconf 92' lang='lat' dir='ltr'><strong>ab</strong></span> <span class='ocrx_word' id='word_1_156' title='bbox 745 3109 820 3182; x_wconf 88' lang='lat' dir='ltr'><strong>istis</strong></span> <span class='ocrx_word' id='word_1_157' title='bbox 844 3128 941 3204; x_wconf 85' lang='lat' dir='ltr'><strong>saepe</strong></span> <span class='ocrx_word' id='word_1_158' title='bbox 965 3109 1166 3184; x_wconf 87' lang='lat' dir='ltr'><strong>retrahitur</strong></span> <span class='ocrx_word' id='word_1_159' title='bbox 1178 3099 1216 3200; x_wconf 75' lang='lat'><strong>(⁵)</strong></span> <span class='ocrx_word' id='word_1_160' title='bbox 1242 3128 1337 3183; x_wconf 82' lang='lat' dir='ltr'><strong>nova</strong></span> <span class='ocrx_word' id='word_1_161' title='bbox 1362 3127 1484 3184; x_wconf 90' lang='lat' dir='ltr'><strong>causa.</strong></span> <span class='ocrx_word' id='word_1_162' title='bbox 1511 3109 1556 3182; x_wconf 86' lang='lat' dir='ltr'><strong>Et</strong></span> <span class='ocrx_word' id='word_1_163' title='bbox 1584 3108 1755 3188; x_wconf 86' lang='lat' dir='ltr'><strong>describit</strong></span> <span class='ocrx_word' id='word_1_164' title='bbox 1781 3129 1841 3183; x_wconf 87' lang='lat' dir='ltr'><strong>re-</strong></span> 
     </span>
     <span class='ocr_line' id='line_1_20' title="bbox 673 3228 1839 3324; baseline -0.001 -20"><span class='ocrx_word' id='word_1_165' title='bbox 673 3229 857 3324; x_wconf 89' lang='lat' dir='ltr'><strong>pentinam</strong></span> <span class='ocrx_word' id='word_1_166' title='bbox 883 3229 1125 3304; x_wconf 87' lang='lat' dir='ltr'><strong>recessionem</strong></span> <span class='ocrx_word' id='word_1_167' title='bbox 1151 3228 1288 3324; x_wconf 82' lang='lat' dir='ltr'><strong>Virgilii</strong></span> <span class='ocrx_word' id='word_1_168' title='bbox 1309 3249 1375 3324; x_wconf 91' lang='lat' dir='ltr'><strong>per</strong></span> <span class='ocrx_word' id='word_1_169' title='bbox 1396 3248 1510 3303; x_wconf 91' lang='lat' dir='ltr'><strong>unam</strong></span> <span class='ocrx_word' id='word_1_170' title='bbox 1528 3230 1839 3324; x_wconf 88' lang='lat' dir='ltr'><strong>comparationem</strong></span> 
     </span>
     <span class='ocr_line' id='line_1_21' title="bbox 672 3347 1843 3444; baseline -0.002 -20"><span class='ocrx_word' id='word_1_171' title='bbox 672 3349 908 3424; x_wconf 87' lang='lat' dir='ltr'><strong>domesticam</strong></span> <span class='ocrx_word' id='word_1_172' title='bbox 943 3370 1027 3442; x_wconf 85' lang='lat' dir='ltr'><strong>quae</strong></span> <span class='ocrx_word' id='word_1_173' title='bbox 1057 3347 1104 3422; x_wconf 87' lang='lat' dir='ltr'><strong>de</strong></span> <span class='ocrx_word' id='word_1_174' title='bbox 1128 3368 1169 3422; x_wconf 87' lang='lat' dir='ltr'><strong>se</strong></span> <span class='ocrx_word' id='word_1_175' title='bbox 1199 3354 1308 3444; x_wconf 88' lang='lat' dir='ltr'><strong>patet,</strong></span> <span class='ocrx_word' id='word_1_176' title='bbox 1333 3347 1479 3424; x_wconf 87' lang='lat' dir='ltr'><strong>dicens:</strong></span> <span class='ocrx_word' id='word_1_177' title='bbox 1510 3351 1545 3421; x_wconf 88' lang='lat' dir='ltr'><strong>to</strong></span> <span class='ocrx_word' id='word_1_178' title='bbox 1575 3350 1666 3424; x_wconf 81' lang='lat' dir='ltr'><strong>duco</strong></span> <span class='ocrx_word' id='word_1_179' title='bbox 1695 3352 1764 3422; x_wconf 79' lang='lat' dir='ltr'><strong>mio</strong></span> <span class='ocrx_word' id='word_1_180' title='bbox 1794 3351 1843 3422; x_wconf 76' lang='lat' dir='ltr'><strong>ott</strong></span> 
     </span>
     <span class='ocr_line' id='line_1_22' title="bbox 668 3459 1843 3563; baseline 0.002 -22"><span class='ocrx_word' id='word_1_181' title='bbox 668 3490 773 3562; x_wconf 84' lang='lat' dir='ltr'><strong>prese</strong></span> <span class='ocrx_word' id='word_1_182' title='bbox 796 3470 834 3541; x_wconf 84' lang='lat' dir='ltr'><strong>dt</strong></span> <span class='ocrx_word' id='word_1_183' title='bbox 856 3469 979 3560; x_wconf 76' lang='lat' dir='ltr'><strong>mbito,</strong></span> <span class='ocrx_word' id='word_1_184' title='bbox 1004 3474 1046 3541; x_wconf 89' lang='lat' dir='ltr'><strong>ut</strong></span> <span class='ocrx_word' id='word_1_185' title='bbox 1071 3475 1221 3542; x_wconf 91' lang='lat' dir='ltr'><strong>erueret</strong></span> <span class='ocrx_word' id='word_1_186' title='bbox 1246 3488 1333 3542; x_wconf 91' lang='lat' dir='ltr'><strong>eum</strong></span> <span class='ocrx_word' id='word_1_187' title='bbox 1350 3459 1386 3560; x_wconf 84' lang='lat'><strong>(⁶)</strong></span> <span class='ocrx_word' id='word_1_188' title='bbox 1406 3489 1428 3542; x_wconf 86' lang='lat' dir='ltr'><strong>a</strong></span> <span class='ocrx_word' id='word_1_189' title='bbox 1452 3473 1528 3544; x_wconf 89' lang='lat' dir='ltr'><strong>tam</strong></span> <span class='ocrx_word' id='word_1_190' title='bbox 1554 3468 1724 3563; x_wconf 75' lang='lat' dir='ltr'><strong>prasenti</strong></span> <span class='ocrx_word' id='word_1_191' title='bbox 1745 3467 1843 3562; x_wconf 86' lang='lat' dir='ltr'><strong>peri·</strong></span> 
     </span>
     <span class='ocr_line' id='line_1_23' title="bbox 674 3581 1843 3684; baseline -0.003 -21"><span class='ocrx_word' id='word_1_192' title='bbox 674 3589 758 3664; x_wconf 92' lang='lat' dir='ltr'><strong>culo</strong></span> <span class='ocrx_word' id='word_1_193' title='bbox 783 3609 830 3663; x_wconf 81' lang='lat' dir='ltr'><strong>ex</strong></span> <span class='ocrx_word' id='word_1_194' title='bbox 856 3608 989 3684; x_wconf 81' lang='lat' dir='ltr'><strong>magna</strong></span> <span class='ocrx_word' id='word_1_195' title='bbox 1015 3586 1158 3682; x_wconf 88' lang='lat' dir='ltr'><strong>pietate,</strong></span> <span class='ocrx_word' id='word_1_196' title='bbox 1184 3608 1281 3660; x_wconf 75' lang='lat' dir='ltr'><strong>conco</strong></span> <span class='ocrx_word' id='word_1_197' title='bbox 1306 3590 1342 3660; x_wconf 84' lang='lat' dir='ltr'><strong>tn</strong></span> <span class='ocrx_word' id='word_1_198' title='bbox 1367 3590 1492 3660; x_wconf 84' lang='lat' dir='ltr'><strong>madre</strong></span> <span class='ocrx_word' id='word_1_199' title='bbox 1515 3589 1615 3662; x_wconf 84' lang='lat' dir='ltr'><strong>ct’ot</strong></span> <span class='ocrx_word' id='word_1_200' title='bbox 1636 3608 1780 3662; x_wconf 75' lang='lat' dir='ltr'><strong>roncore</strong></span> <span class='ocrx_word' id='word_1_201' title='bbox 1804 3581 1843 3661; x_wconf 80' lang='lat' dir='ltr'><strong>de</strong></span> 
     </span>
     <span class='ocr_line' id='line_1_24' title="bbox 676 3706 1846 3803; baseline -0.002 -21"><span class='ocrx_word' id='word_1_202' title='bbox 676 3711 786 3798; x_wconf 77' lang='lat' dir='ltr'><strong>dorm,</strong></span> <span class='ocrx_word' id='word_1_203' title='bbox 811 3706 912 3800; x_wconf 86' lang='lat' dir='ltr'><strong>idest,</strong></span> <span class='ocrx_word' id='word_1_204' title='bbox 938 3727 1022 3800; x_wconf 81' lang='lat' dir='ltr'><strong>qnoe</strong></span> <span class='ocrx_word' id='word_1_205' title='bbox 1047 3706 1232 3781; x_wconf 86' lang='lat' dir='ltr'><strong>dormiens</strong></span> <span class='ocrx_word' id='word_1_206' title='bbox 1257 3717 1423 3801; x_wconf 86' lang='lat' dir='ltr'><strong>tempore</strong></span> <span class='ocrx_word' id='word_1_207' title='bbox 1445 3707 1559 3782; x_wconf 87' lang='lat' dir='ltr'><strong>noctis</strong></span> <span class='ocrx_word' id='word_1_208' title='bbox 1584 3707 1704 3781; x_wconf 85' lang='lat' dir='ltr'><strong>subito</strong></span> <span class='ocrx_word' id='word_1_209' title='bbox 1729 3707 1846 3803; x_wconf 81' lang='lat' dir='ltr'><strong>evigi-</strong></span> 
     </span>
     <span class='ocr_line' id='line_1_25' title="bbox 676 3827 1845 3924; baseline -0.001 -23"><span class='ocrx_word' id='word_1_210' title='bbox 676 3829 727 3902; x_wconf 91' lang='lat' dir='ltr'><strong>lat</strong></span> <span class='ocrx_word' id='word_1_211' title='bbox 750 3827 798 3901; x_wconf 93' lang='lat' dir='ltr'><strong>ad</strong></span> <span class='ocrx_word' id='word_1_212' title='bbox 823 3847 1012 3902; x_wconf 91' lang='lat' dir='ltr'><strong>rumorem</strong></span> <span class='ocrx_word' id='word_1_213' title='bbox 1035 3827 1182 3920; x_wconf 89' lang='lat' dir='ltr'><strong>quando</strong></span> <span class='ocrx_word' id='word_1_214' title='bbox 1199 3827 1381 3902; x_wconf 90' lang='lat' dir='ltr'><strong>clamatur</strong></span> <span class='ocrx_word' id='word_1_215' title='bbox 1406 3827 1453 3901; x_wconf 87' lang='lat' dir='ltr'><strong>ad</strong></span> <span class='ocrx_word' id='word_1_216' title='bbox 1478 3827 1613 3924; x_wconf 83' lang='lat' dir='ltr'><strong>ignem,</strong></span> <span class='ocrx_word' id='word_1_217' title='bbox 1630 3827 1677 3902; x_wconf 96' lang='lat' dir='ltr'><strong>ad</strong></span> <span class='ocrx_word' id='word_1_218' title='bbox 1696 3827 1845 3924; x_wconf 79' lang='lat' dir='ltr'><strong>ignem3</strong></span> 
     </span>
     <span class='ocr_line' id='line_1_26' title="bbox 675 3945 1847 4043; baseline -0.001 -22"><span class='ocrx_word' id='word_1_219' title='bbox 675 3946 775 4021; x_wconf 93' lang='lat' dir='ltr'><strong>unde</strong></span> <span class='ocrx_word' id='word_1_220' title='bbox 797 3945 901 4020; x_wconf 92' lang='lat' dir='ltr'><strong>dicit:</strong></span> <span class='ocrx_word' id='word_1_221' title='bbox 920 3969 938 4018; x_wconf 89' lang='lat' dir='ltr'><strong>e</strong></span> <span class='ocrx_word' id='word_1_222' title='bbox 964 3947 1046 4020; x_wconf 82' lang='lat' dir='ltr'><strong>ocdc</strong></span> <span class='ocrx_word' id='word_1_223' title='bbox 1058 3967 1182 4039; x_wconf 80' lang='lat' dir='ltr'><strong>presso</strong></span> <span class='ocrx_word' id='word_1_224' title='bbox 1197 3968 1222 4018; x_wconf 91' lang='lat' dir='ltr'><strong>n</strong></span> <span class='ocrx_word' id='word_1_225' title='bbox 1238 3967 1275 4018; x_wconf 82' lang='lat' dir='ltr'><strong>sc</strong></span> <span class='ocrx_word' id='word_1_226' title='bbox 1291 3949 1322 4020; x_wconf 87' lang='lat' dir='ltr'><strong>le</strong></span> <span class='ocrx_word' id='word_1_227' title='bbox 1335 3947 1477 4040; x_wconf 68' lang='lat' dir='ltr'><strong>flumme</strong></span> <span class='ocrx_word' id='word_1_228' title='bbox 1493 3967 1621 4040; x_wconf 79' lang='lat' dir='ltr'><strong>nocere,</strong></span> <span class='ocrx_word' id='word_1_229' title='bbox 1643 3946 1729 4041; x_wconf 86' lang='lat' dir='ltr'><strong>qnia</strong></span> <span class='ocrx_word' id='word_1_230' title='bbox 1754 3947 1847 4043; x_wconf 79' lang='lat' dir='ltr'><strong>ignis</strong></span> 
     </span>
     <span class='ocr_line' id='line_1_27' title="bbox 677 4065 1845 4160; baseline -0.002 -19"><span class='ocrx_word' id='word_1_231' title='bbox 677 4073 732 4142; x_wconf 90' lang='lat' dir='ltr'><strong>est</strong></span> <span class='ocrx_word' id='word_1_232' title='bbox 756 4085 931 4141; x_wconf 87' lang='lat' dir='ltr'><strong>accensus</strong></span> <span class='ocrx_word' id='word_1_233' title='bbox 956 4065 994 4138; x_wconf 93' lang='lat' dir='ltr'><strong>in</strong></span> <span class='ocrx_word' id='word_1_234' title='bbox 1018 4085 1166 4140; x_wconf 87' lang='lat' dir='ltr'><strong>camera</strong></span> <span class='ocrx_word' id='word_1_235' title='bbox 1195 4065 1255 4141; x_wconf 79' lang='lat' dir='ltr'><strong>vel</strong></span> <span class='ocrx_word' id='word_1_236' title='bbox 1286 4066 1407 4159; x_wconf 93' lang='lat' dir='ltr'><strong>domo,</strong></span> <span class='ocrx_word' id='word_1_237' title='bbox 1433 4069 1494 4142; x_wconf 82' lang='lat' dir='ltr'><strong>otc</strong></span> <span class='ocrx_word' id='word_1_238' title='bbox 1516 4070 1653 4160; x_wconf 82' lang='lat' dir='ltr'><strong>prende</strong></span> <span class='ocrx_word' id='word_1_239' title='bbox 1681 4070 1710 4140; x_wconf 83' lang='lat' dir='ltr'><strong>it</strong></span> <span class='ocrx_word' id='word_1_240' title='bbox 1733 4069 1845 4160; x_wconf 72' lang='lat' dir='ltr'><strong>fiptio,</strong></span> 
     </span>
     <span class='ocr_line' id='line_1_28' title="bbox 677 4187 1843 4281; baseline -0.002 -19"><span class='ocrx_word' id='word_1_241' title='bbox 677 4187 779 4281; x_wconf 87' lang='lat' dir='ltr'><strong>idest,</strong></span> <span class='ocrx_word' id='word_1_242' title='bbox 805 4187 1012 4281; x_wconf 78' lang='lat' dir='ltr'><strong>parvulum,</strong></span> <span class='ocrx_word' id='word_1_243' title='bbox 1039 4187 1102 4280; x_wconf 90' lang='lat' dir='ltr'><strong>qui</strong></span> <span class='ocrx_word' id='word_1_244' title='bbox 1128 4205 1201 4260; x_wconf 93' lang='lat' dir='ltr'><strong>non</strong></span> <span class='ocrx_word' id='word_1_245' title='bbox 1227 4192 1344 4281; x_wconf 88' lang='lat' dir='ltr'><strong>potest</strong></span> <span class='ocrx_word' id='word_1_246' title='bbox 1373 4205 1439 4280; x_wconf 92' lang='grc' dir='ltr'><strong>ρετ</strong></span> <span class='ocrx_word' id='word_1_247' title='bbox 1465 4207 1505 4260; x_wconf 90' lang='lat' dir='ltr'><strong>se</strong></span> <span class='ocrx_word' id='word_1_248' title='bbox 1530 4187 1699 4280; x_wconf 83' lang='lat' dir='ltr'><strong>evadere,</strong></span> <span class='ocrx_word' id='word_1_249' title='bbox 1722 4190 1843 4280; x_wconf 74' lang='lat' dir='ltr'><strong>suppo,</strong></span> 
     </span>
     <span class='ocr_line' id='line_1_29' title="bbox 676 4301 1847 4400; baseline 0.001 -19"><span class='ocrx_word' id='word_1_250' title='bbox 676 4329 781 4382; x_wconf 83' lang='lat' dir='ltr'><strong>cono</strong></span> <span class='ocrx_word' id='word_1_251' title='bbox 801 4301 1318 4398; x_wconf 67' lang='lat' dir='ltr'><strong>swonavouopitcora</strong></span> <span class='ocrx_word' id='word_1_252' title='bbox 1342 4309 1381 4378; x_wconf 86' lang='lat' dir='ltr'><strong>dt</strong></span> <span class='ocrx_word' id='word_1_253' title='bbox 1404 4309 1453 4382; x_wconf 82' lang='lat' dir='ltr'><strong>toi</strong></span> <span class='ocrx_word' id='word_1_254' title='bbox 1476 4308 1536 4380; x_wconf 80' lang='lat' dir='ltr'><strong>cbo</strong></span> <span class='ocrx_word' id='word_1_255' title='bbox 1560 4309 1599 4380; x_wconf 84' lang='lat' dir='ltr'><strong>di</strong></span> <span class='ocrx_word' id='word_1_256' title='bbox 1621 4328 1681 4400; x_wconf 70' lang='grc' dir='ltr'><strong>τες</strong></span> <span class='ocrx_word' id='word_1_257' title='bbox 1703 4313 1739 4382; x_wconf 89' lang='lat' dir='ltr'><strong>et</strong></span> <span class='ocrx_word' id='word_1_258' title='bbox 1760 4327 1847 4382; x_wconf 88' lang='lat' dir='ltr'><strong>ecce</strong></span> 
     </span>
     <span class='ocr_line' id='line_1_30' title="bbox 678 4425 1846 4522; baseline 0.001 -22"><span class='ocrx_word' id='word_1_259' title='bbox 678 4447 790 4522; x_wconf 89' lang='lat' dir='ltr'><strong>quam</strong></span> <span class='ocrx_word' id='word_1_260' title='bbox 816 4425 898 4520; x_wconf 83' lang='lat' dir='ltr'><strong>cito,</strong></span> <span class='ocrx_word' id='word_1_261' title='bbox 925 4431 1020 4498; x_wconf 81' lang='lat' dir='ltr'><strong>tuoto</strong></span> <span class='ocrx_word' id='word_1_262' title='bbox 1049 4426 1108 4497; x_wconf 75' lang='lat' dir='ltr'><strong>clu</strong></span> <span class='ocrx_word' id='word_1_263' title='bbox 1131 4427 1208 4498; x_wconf 84' lang='lat' dir='ltr'><strong>solo</strong></span> <span class='ocrx_word' id='word_1_264' title='bbox 1232 4445 1305 4499; x_wconf 83' lang='lat' dir='ltr'><strong>uno</strong></span> <span class='ocrx_word' id='word_1_265' title='bbox 1329 4429 1477 4502; x_wconf 73' lang='lat' dir='ltr'><strong>canaida</strong></span> <span class='ocrx_word' id='word_1_266' title='bbox 1501 4434 1617 4501; x_wconf 82' lang='lat' dir='ltr'><strong>vesta:</strong></span> <span class='ocrx_word' id='word_1_267' title='bbox 1642 4427 1729 4521; x_wconf 88' lang='lat' dir='ltr'><strong>imo,</strong></span> <span class='ocrx_word' id='word_1_268' title='bbox 1751 4428 1846 4502; x_wconf 90' lang='lat' dir='ltr'><strong>sicut</strong></span> 
     </span>
     <span class='ocr_line' id='line_1_31' title="bbox 678 4544 1845 4642; baseline 0.003 -22"><span class='ocrx_word' id='word_1_269' title='bbox 678 4566 747 4642; x_wconf 81' lang='lat' dir='ltr'><strong>ego</strong></span> <span class='ocrx_word' id='word_1_270' title='bbox 769 4545 841 4621; x_wconf 83' lang='lat' dir='ltr'><strong>vidi</strong></span> <span class='ocrx_word' id='word_1_271' title='bbox 864 4545 902 4620; x_wconf 94' lang='lat' dir='ltr'><strong>in</strong></span> <span class='ocrx_word' id='word_1_272' title='bbox 927 4565 1013 4638; x_wconf 90' lang='lat' dir='ltr'><strong>una,</strong></span> <span class='ocrx_word' id='word_1_273' title='bbox 1031 4545 1171 4638; x_wconf 86' lang='lat' dir='ltr'><strong>absque</strong></span> <span class='ocrx_word' id='word_1_274' title='bbox 1191 4544 1358 4641; x_wconf 87' lang='lat' dir='ltr'><strong>accipere</strong></span> <span class='ocrx_word' id='word_1_275' title='bbox 1379 4545 1566 4622; x_wconf 87' lang='lat' dir='ltr'><strong>camisiam</strong></span> <span class='ocrx_word' id='word_1_276' title='bbox 1585 4548 1643 4622; x_wconf 89' lang='lat' dir='ltr'><strong>vel</strong></span> <span class='ocrx_word' id='word_1_277' title='bbox 1662 4547 1761 4622; x_wconf 94' lang='lat' dir='ltr'><strong>aliud</strong></span> <span class='ocrx_word' id='word_1_278' title='bbox 1781 4569 1845 4624; x_wconf 67' lang='lat' dir='ltr'><strong>ve</strong></span> 
     </span>
     <span class='ocr_line' id='line_1_32' title="bbox 678 4651 1846 4763; baseline 0.002 -23"><span class='ocrx_word' id='word_1_279' title='bbox 678 4666 809 4740; x_wconf 89' lang='lat' dir='ltr'><strong>lamen.</strong></span> <span class='ocrx_word' id='word_1_280' title='bbox 837 4666 882 4739; x_wconf 88' lang='lat' dir='ltr'><strong>Et</strong></span> <span class='ocrx_word' id='word_1_281' title='bbox 905 4664 963 4738; x_wconf 88' lang='lat' dir='ltr'><strong>bic</strong></span> <span class='ocrx_word' id='word_1_282' title='bbox 988 4669 1085 4758; x_wconf 90' lang='lat' dir='ltr'><strong>nota,</strong></span> <span class='ocrx_word' id='word_1_283' title='bbox 1113 4670 1154 4737; x_wconf 90' lang='lat' dir='ltr'><strong>ut</strong></span> <span class='ocrx_word' id='word_1_284' title='bbox 1180 4651 1302 4740; x_wconf 86' lang='lat' dir='ltr'><strong>videas</strong></span> <span class='ocrx_word' id='word_1_285' title='bbox 1328 4671 1509 4758; x_wconf 86' lang='lat' dir='ltr'><strong>qnantum</strong></span> <span class='ocrx_word' id='word_1_286' title='bbox 1536 4667 1760 4763; x_wconf 89' lang='lat' dir='ltr'><strong>comparatio</strong></span> <span class='ocrx_word' id='word_1_287' title='bbox 1778 4667 1846 4742; x_wconf 90' lang='lat' dir='ltr'><strong>ista</strong></span> 
     </span>
    </p>
   </div>
   <div class='ocr_carea' id='block_1_4' title="bbox 739 4889 1752 5114">
    <p class='ocr_par' dir='ltr' id='par_1_4' title="bbox 739 4889 1752 5114">
     <span class='ocr_line' id='line_1_33' title="bbox 739 4889 1625 4956; baseline 0.007 -15"><span class='ocrx_word' id='word_1_288' title='bbox 739 4889 768 4952; x_wconf 81' lang='lat'><strong>(¹)</strong></span> <span class='ocrx_word' id='word_1_289' title='bbox 785 4889 815 4940; x_wconf 68' lang='lat' dir='ltr'><strong>lb</strong></span> <span class='ocrx_word' id='word_1_290' title='bbox 831 4891 853 4942; x_wconf 78' lang='lat' dir='ltr'><strong>sl</strong></span> <span class='ocrx_word' id='word_1_291' title='bbox 869 4892 959 4942; x_wconf 80' lang='lat' dir='ltr'><strong>dextra</strong></span> <span class='ocrx_word' id='word_1_292' title='bbox 974 4897 1013 4943; x_wconf 82' lang='lat' dir='ltr'><strong>cst</strong></span> <span class='ocrx_word' id='word_1_293' title='bbox 1028 4889 1073 4942; x_wconf 80' lang='lat' dir='ltr'><strong>tila</strong></span> <span class='ocrx_word' id='word_1_294' title='bbox 1089 4895 1183 4956; x_wconf 72' lang='lat' dir='ltr'><strong>grotta.</strong></span> <span class='ocrx_word' id='word_1_295' title='bbox 1376 4889 1405 4956; x_wconf 79' lang='lat'><strong>(¹)</strong></span> <span class='ocrx_word' id='word_1_296' title='bbox 1420 4891 1447 4944; x_wconf 85' lang='lat' dir='ltr'><strong>S.</strong></span> <span class='ocrx_word' id='word_1_297' title='bbox 1463 4893 1625 4947; x_wconf 73' lang='lat' dir='ltr'><strong>Mrlnmudn.</strong></span> 
     </span>
     <span class='ocr_line' id='line_1_34' title="bbox 743 4965 1588 5032; baseline 0.004 -14"><span class='ocrx_word' id='word_1_298' title='bbox 743 4965 769 5029; x_wconf 80' lang='lat'><strong>(¹)</strong></span> <span class='ocrx_word' id='word_1_299' title='bbox 788 4971 841 5028; x_wconf 82' lang='lat' dir='ltr'><strong>tto,</strong></span> <span class='ocrx_word' id='word_1_300' title='bbox 858 4967 1014 5020; x_wconf 72' lang='lat' dir='ltr'><strong>demonum.</strong></span> <span class='ocrx_word' id='word_1_301' title='bbox 1377 4969 1404 5032; x_wconf 73' lang='lat'><strong>(⁸)</strong></span> <span class='ocrx_word' id='word_1_302' title='bbox 1420 4969 1445 5020; x_wconf 86' lang='lat' dir='ltr'><strong>S.</strong></span> <span class='ocrx_word' id='word_1_303' title='bbox 1464 4969 1588 5022; x_wconf 82' lang='lat' dir='ltr'><strong>flnlrerat.</strong></span> 
     </span>
     <span class='ocr_line' id='line_1_35' title="bbox 743 5042 1752 5114; baseline 0.005 -19"><span class='ocrx_word' id='word_1_304' title='bbox 743 5042 771 5104; x_wconf 84' lang='lat'><strong>(¹)</strong></span> <span class='ocrx_word' id='word_1_305' title='bbox 787 5047 840 5105; x_wconf 84' lang='lat' dir='ltr'><strong>tlt,</strong></span> <span class='ocrx_word' id='word_1_306' title='bbox 856 5045 999 5098; x_wconf 75' lang='lat' dir='ltr'><strong>munbltnr</strong></span> <span class='ocrx_word' id='word_1_307' title='bbox 1013 5051 1040 5099; x_wconf 86' lang='lat' dir='ltr'><strong>ct</strong></span> <span class='ocrx_word' id='word_1_308' title='bbox 1056 5045 1205 5112; x_wconf 74' lang='lat' dir='ltr'><strong>rmpncatnr</strong></span> <span class='ocrx_word' id='word_1_309' title='bbox 1219 5059 1294 5100; x_wconf 78' lang='grc' dir='ltr'>ωτι.</span> <span class='ocrx_word' id='word_1_310' title='bbox 1378 5045 1405 5108; x_wconf 78' lang='lat'><strong>(⁸)</strong></span> <span class='ocrx_word' id='word_1_311' title='bbox 1420 5047 1446 5099; x_wconf 86' lang='lat' dir='ltr'><strong>s.</strong></span> <span class='ocrx_word' id='word_1_312' title='bbox 1462 5061 1505 5100; x_wconf 82' lang='lat' dir='ltr'><strong>mc</strong></span> <span class='ocrx_word' id='word_1_313' title='bbox 1521 5061 1536 5100; x_wconf 83' lang='grc' dir='ltr'>ι</span> <span class='ocrx_word' id='word_1_314' title='bbox 1552 5053 1606 5100; x_wconf 81' lang='lat' dir='ltr'><strong>tam</strong></span> <span class='ocrx_word' id='word_1_315' title='bbox 1623 5047 1752 5114; x_wconf 71' lang='lat' dir='ltr'><strong>pretend.</strong></span> 
     </span>
    </p>
   </div>
   <div class='ocr_carea' id='block_1_5' title="bbox 0 0 2294 6836">
    <p class='ocr_par' dir='ltr' id='par_1_5' title="bbox 0 0 2294 6836">
     <span class='ocr_line' id='line_1_36' title="bbox 0 0 2294 6836; baseline 0 0"><span class='ocrx_word' id='word_1_316' title='bbox 0 0 2294 6836; x_wconf 95' lang='lat' dir='ltr'><strong> </strong></span> 
     </span>
    </p>
   </div>
  </div>
 </body>
</html>
