4550 6844
727 892 799 960 leo
1125 904 1329 962 munerun
1354 909 1506 962 mmm

726 1058 809 1126 tullo
834 1053 886 1124 elr’
898 1053 966 1126 ella
990 1053 1091 1142 volpe
1108 1055 1238 1128 undeee
1257 1056 1400 1148 miplin3
1417 1060 1456 1130 et
1471 1054 1523 1129 sic
1540 1061 1596 1129 est
1614 1055 1811 1131 medianto
1828 1055 1902 1130 rni-

726 1192 796 1247 nor
821 1171 1052 1267 praenerlenli,
1077 1193 1162 1266 quae
1187 1173 1298 1248 habel
1321 1173 1368 1250 de
1391 1174 1534 1249 ambitu
1559 1174 1685 1271 viginti
1711 1175 1787 1250 duo
1817 1176 1901 1250 mil·

726 1291 843 1386 liaris,
868 1297 911 1365 nt
935 1291 1073 1366 dictum
1099 1298 1155 1368 esl
1180 1292 1217 1366 in
1241 1293 1461 1388 praecellenti
1483 1294 1654 1390 capitulo.
1680 1295 1724 1368 nt
1748 1295 1856 1370 dicit:
1883 1317 1903 1368 e

727 1434 800 1486 oon
824 1415 857 1486 ci
879 1401 904 1484 ὰ
928 1433 1007 1486 men
1032 1415 1067 1486 α’
1079 1434 1128 1488 arr
1152 1433 1275 1487 naezzo
1300 1416 1339 1487 di
1361 1421 1538 1506 tremo,
1563 1413 1666 1508 idest,
1692 1434 1768 1490 non
1792 1415 1904 1491 habet

729 1531 850 1606 minus
874 1530 1022 1606 dimidio
1047 1531 1194 1607 milliari
1218 1553 1286 1629 per
1310 1539 1583 1628 transversum
1604 1534 1767 1630 intelligo
1783 1555 1855 1632 ego
1880 1555 1903 1609 a

727 1653 809 1727 loon
835 1651 897 1725 ubi
931 1651 999 1726 isle
1029 1657 1110 1726 erat
1141 1672 1262 1746 usque
1292 1652 1339 1728 ad
1368 1659 1576 1728 extremam
1608 1653 1736 1749 ripam.
1768 1653 1813 1727 El
1844 1651 1904 1727 hie

727 1778 814 1846 nota
834 1771 935 1866 quod
950 1771 1057 1847 litera
1081 1771 1150 1846 ista
1173 1771 1319 1847 videtur
1336 1772 1442 1847 valde
1459 1772 1628 1868 obseura,
1645 1773 1745 1868 quod
1759 1767 1797 1866 (¹)
1815 1772 1904 1850 bne-

727 1890 918 1966 rissimum
952 1892 1110 1987 spatium
1144 1892 1281 1966 dimidii
1313 1892 1477 1967 milliaris
1506 1891 1698 1968 videbatur
1728 1892 1786 1967 isti
1824 1904 1900 1970 tam

727 2018 882 2108 gravato
908 2018 946 2087 el
970 2013 1094 2086 inllalo
1119 2011 1373 2108 longissimum
1398 2011 1486 2106 iler3
1513 2031 1599 2086 nam
1628 2011 1658 2086 si
1689 2011 1902 2089 innantem

727 2131 832 2206 annis
868 2131 992 2208 ivisset
1028 2153 1095 2228 per
1131 2132 1360 2207 latitudinem
1400 2132 1510 2206 unius
1547 2131 1664 2228 digiti,
1698 2132 1903 2229 imaginare

728 2253 876 2349 quando
901 2253 1114 2329 nonieeissel
1129 2244 1166 2344 (²)
1193 2251 1382 2328 dimidium
1409 2251 1575 2326 milliare.
1597 2252 1641 2326 at
1666 2251 1796 2327 ultimo
1821 2271 1905 2326 ma-

727 2375 841 2472 gister
865 2373 981 2448 adam
1008 2372 1126 2448 reddit
1157 2372 1337 2448 rationem
1351 2362 1389 2464 (³)
1408 2391 1527 2466 quara
1544 2377 1689 2446 tantum
1710 2371 1900 2447 laeraretur

729 2514 840 2589 poena
871 2492 1054 2568 diciorum
1087 2493 1200 2568 trium
1231 2492 1401 2586 fratrum,
1433 2491 1520 2587 quia
1539 2480 1577 2584 (⁸)
1611 2491 1763 2567 luerunt
1791 2511 1905 2568 musa

730 2612 811 2687 eius
836 2613 953 2709 cnlpae
970 2619 1007 2689 el
1027 2634 1146 2708 poenae
1166 2612 1377 2707 temporalis
1402 2611 1440 2686 in
1464 2610 1615 2706 mundo,
1640 2617 1677 2686 et
1700 2617 1850 2688 aeterne
1867 2613 1904 2688 in

730 2731 888 2827 iniern03
915 2732 1014 2810 unde
1037 2733 1142 2810 dicit:
1164 2736 1287 2807 loson
1308 2753 1375 2826 prr
1399 2734 1457 2806 lor
1481 2739 1540 2806 tra
1562 2724 1593 2805 sl
1614 2736 1707 2827 saun
1727 2734 1905 2828 [amiplim

731 2851 833 2945 idest,
851 2852 947 2926 intra
972 2853 1058 2928 istos
1083 2852 1300 2950 hydropicos
1317 2851 1534 2946 immobiles,
1551 2855 1631 2926 elei
1649 2854 1694 2924 m'
1706 2853 1904 2943 morerere,

730 2973 800 3048 sub
820 2994 885 3069 spe
905 2975 1029 3071 magni
1054 2974 1148 3049 lucri
1173 2983 1211 3051 el
1234 2973 1386 3069 praemii,
1405 2994 1430 3046 a
1446 2975 1558 3048 balim
1574 2975 1600 3046 lr'
1615 2974 1751 3066 fiorini,
1768 2971 1904 3046 scilieet

729 3092 851 3186 falsos,
877 3095 1055 3168 cll'aoenn
1079 3099 1133 3168 tre
1156 3096 1272 3167 carati
1296 3094 1334 3167 di
1357 3095 1564 3184 morediplr'a,
1581 3092 1685 3187 idest,
1708 3090 1905 3186 superflui·

729 3211 832 3307 lalis3
858 3233 946 3287 nam
970 3212 1132 3288 florenus
1157 3213 1187 3287 si
1212 3212 1258 3287 sil
1282 3233 1396 3288 verus
1419 3217 1457 3287 el
1476 3211 1567 3306 justi
1599 3210 1769 3307 ponderis
1794 3210 1906 3286 habet

729 3330 768 3406 in
792 3351 834 3406 se
857 3331 982 3428 viginti
1008 3352 1127 3407 unum
1152 3337 1296 3407 caraios
1321 3331 1415 3406 auri.

805 3455 851 3523 lll
871 3452 908 3522 io
932 3471 956 3524 a
981 3453 1039 3523 lai.
1065 3451 1134 3525 lsla
1161 3457 1218 3525 aar
1243 3451 1351 3525 tertia
1375 3471 1459 3545 pars
1481 3449 1664 3547 generalis
1681 3448 1718 3524 in
1738 3469 1814 3544 qua
1837 3469 1907 3525 an·

733 3575 792 3643 tor
816 3569 891 3664 agit
915 3575 952 3644 et
982 3575 1114 3646 tractat
1143 3568 1190 3645 (le
1220 3576 1353 3664 quarta
1366 3561 1404 3662 (⁵)
1430 3569 1552 3665 specie
1583 3569 1813 3664 falsatornm,
1842 3568 1907 3664 qni

733 3690 959 3768 falsaverunt
984 3690 1098 3765 rerba
1123 3694 1160 3764 el
1184 3709 1385 3766 sermones
1411 3689 1455 3762 Et
1487 3690 1608 3785 primo
1636 3696 1747 3765 autor
1772 3689 1907 3786 petita

734 3808 912 3906 magistro
936 3808 1053 3884 Adam
1078 3809 1249 3886 falsatore
1275 3815 1445 3904 moneta,
1466 3808 1530 3904 qui
1551 3810 1623 3884 sinl
1645 3809 1695 3884 illi
1719 3809 1795 3885 duo
1820 3808 1909 3884 socii

728 3929 894 4024 iaoeotes
919 3936 957 4004 et
981 3927 1166 4005 fumantes
1180 3918 1239 4024 (ἧς
1265 3928 1365 4004 unde
1381 3929 1489 4004 dicit:
1515 3936 1548 4003 el
1569 3931 1605 4002 io
1629 3950 1654 4002 a
1678 3931 1739 4021 lai,
1759 3928 1907 4022 scilicet,

733 4048 831 4124 diri:
857 4051 912 4122 cli
934 4071 998 4123 sorr
1024 4053 1051 4124 li
1073 4052 1140 4123 dae
1165 4051 1288 4143 ωρίπί,
1310 4048 1412 4144 idest,
1431 4049 1568 4143 miseri,
1586 4047 1757 4144 inielines‚
1775 4051 1835 4122 cle
1848 4053 1909 4143 sa-

734 4189 818 4242 men
834 4190 930 4243 come
955 4191 1040 4244 man
1062 4171 1217 4262 laquata
1241 4172 1270 4243 il
1291 4189 1415 4260 verno,
1433 4175 1583 4264 propter
1600 4168 1742 4244 labrem
1762 4168 1908 4243 inllnm-

734 4295 898 4365 mantem
916 4309 991 4384 ene,
1010 4289 1190 4364 utstatim
1212 4287 1368 4381 dicetur,
1384 4289 1555 4379 pinsendo
1574 4291 1686 4362 sireni
1700 4289 1738 4360 ai
1757 4289 1829 4360 moi
1843 4287 1907 4358 de-

732 4412 799 4484 strr'
822 4411 974 4502 confini?
998 4409 1088 4482 lstos
1107 4406 1207 4482 enim
1229 4405 1333 4502 fingit
1353 4406 1481 4501 jacere
1505 4425 1624 4480 unum
1644 4407 1753 4501 juxta
1778 4403 1906 4496 alium,

733 4529 820 4623 qnia
845 4529 1108 4603 laboraverunt
1131 4527 1211 4622 pari
1233 4526 1376 4621 morbo,
1396 4525 1532 4601 scilicet
1549 4524 1677 4601 eadem
1698 4523 1819 4618 specie
1839 4521 1908 4597 ial-

735 4645 859 4720 sitatis.
885 4645 930 4718 El
955 4646 1055 4740 ponit
1079 4645 1352 4741 responsionem
1375 4644 1462 4720 Adae
1479 4644 1622 4720 dicens:
1640 4649 1679 4718 et
1701 4642 1761 4718 ille
1778 4641 1907 4734 Adam,

797 4871 827 4935 (¹)
843 4874 874 4924 R.
888 4887 904 4926 n
920 4875 946 4927 S.
963 4876 1033 4940 quin.
1158 4875 1185 4939 (¹)
1201 4876 1233 4926 ll.
1249 4874 1353 4939 qnando
1369 4873 1521 4927 roniecmsel
1537 4875 1654 4927 medinm
1670 4873 1792 4926 nullm.

798 4949 826 5012 ε’)
842 4950 874 5002 ll.
890 4953 1018 5005 rationem
1034 4952 1093 5005 lala
1110 4965 1192 5018 μοι
1207 4953 1347 5003 (lineorum.

798 5024 827 5090 ll
842 5028 874 5079 B.
891 5030 945 5094 qur.
1158 5029 1185 5093 υ)
1200 5029 1227 5081 s.
1240 5029 1361 5094 pamm.
1487 5028 1514 5089 (η
1531 5029 1562 5080 n
1578 5029 1749 5080 rnnmmru.
