4580 6844
720 977 857 1034 murus
881 975 1075 1033 ueeuuus
1097 975 1228 1032 nouus.
1490 961 1561 1031 387

386 1139 467 1198 suae
490 1121 683 1218 petitionis,
708 1124 795 1218 quia
821 1123 957 1200 scilicet
980 1129 1091 1199 autor
1115 1141 1191 1198 non
1215 1121 1405 1198 consuevit
1431 1121 1483 1198 sic
1508 1121 1564 1196 la-

386 1262 474 1318 cere
499 1241 536 1318 in
561 1241 639 1316 eliis
663 1242 792 1338 poeuis.
818 1243 920 1318 Unde
942 1242 1045 1320 dicit:
1064 1249 1101 1317 tu
1115 1263 1189 1315 non
1207 1243 1268 1316 dui
1279 1245 1370 1335 sotto
1390 1233 1421 1314 sl
1438 1245 1498 1316 all'
1507 1245 1564 1314 o!-

386 1370 440 1436 tc
463 1361 593 1453 helpre:
615 1367 654 1436 et
677 1363 765 1456 quia
781 1368 905 1458 posset
919 1362 1044 1438 dicere
1060 1362 1216 1438 Dentes:
1233 1362 1305 1436 hoc
1321 1361 1403 1437 ideo
1420 1352 1561 1453 lamed)

386 1481 460 1574 tric,
487 1479 575 1575 quia
600 1483 735 1558 reliam
757 1483 830 1558 alia
858 1482 1003 1578 videre3
1028 1481 1114 1558 dicit
1138 1481 1328 1580 Virgilius:
1359 1481 1468 1555 nimis
1495 1482 1564 1555 lra-

386 1603 495 1678 beres
518 1601 659 1697 lacere3
686 1601 784 1678 uude
804 1602 927 1678 statim
954 1603 1069 1698 tangit
1092 1601 1381 1699 magnitudinem
1399 1600 1564 1695 loci-di-

388 1741 495 1796 cmrs:
521 1741 636 1814 penso
664 1723 725 1796 cde
748 1725 787 1795 tn
814 1725 918 1813 vatic,
947 1721 1051 1817 idest,
1076 1719 1145 1796 isla
1170 1721 1294 1819 bulgio
1323 1739 1432 1816 nona,
1463 1722 1565 1812 volpe

390 1842 510 1931 „aare
528 1842 694 1916 ucnddrrr.
711 1841 756 1916 lit
772 1841 831 1916 hic
845 1847 934 1916 uota
951 1840 1051 1935 quod
1066 1839 1179 1935 aliqui
1196 1840 1323 1916 dicunt
1337 1839 1438 1934 quod
1453 1846 1565 1914 autor

390 1961 471 2035 vult
493 1979 563 2055 per
580 1962 651 2036 hoc
666 1961 833 2054 innuere,
852 1961 951 2056 quod
973 1981 1211 2056 unaqueque
1231 1961 1355 2058 bulgia
1375 1961 1422 2034 sit
1446 1958 1565 2034 maior

391 2080 502 2174 duplo
518 2099 586 2154 sua
607 2080 786 2175 sequenti,
808 2079 907 2155 unde
923 2079 1065 2155 decima
1085 2081 1209 2178 bulgia
1226 2100 1385 2176 sequens
1404 2079 1567 2154 eontinet

392 2195 563 2276 undecim
581 2199 761 2294 milliaria,
781 2199 876 2274 sicut
899 2199 993 2274 inira
1009 2200 1169 2296 dicetur3
1193 2192 1282 2293 ct(¹)
1309 2206 1451 2294 nemra,
1471 2219 1566 2293 qua-

391 2319 559 2416 draginta
583 2325 755 2414 quatuor,
787 2326 825 2394 et
857 2319 907 2393 ita
939 2318 1121 2415 gradatim
1152 2319 1381 2395 ascendendo
1410 2319 1469 2395 vel
1499 2318 1566 2394 de-

393 2437 619 2532 soemendo·;
648 2437 715 2514 sed
745 2437 851 2532 lorte,
876 2438 1082 2514 secundum
1114 2438 1221 2518 istam
1254 2439 1564 2534 computationem

396 2559 561 2634 inieram
584 2557 800 2634 ascenderet
823 2557 871 2633 ad
901 2557 1011 2632 nimis
1039 2577 1213 2656 magnam
1239 2559 1500 2658 quantitatem
1525 2565 1566 2632 tu

393 2698 485 2754 vero
509 2677 652 2754 rideas:
679 2685 717 2754 et
742 2684 839 2754 tacta
865 2677 1116 2775 magnitudine
1145 2679 1227 2774 loci,
1252 2678 1424 2777 Virgilius
1453 2678 1569 2776 tangit

393 2797 611 2894 parvitatem
637 2798 825 2893 temporis,
848 2798 1029 2874 dicenstc
1051 2789 1114 2892 pid
1137 2803 1176 2873 ta
1198 2802 1284 2874 doto
1308 2797 1345 2874 e'c
1369 2807 1458 2874 sotto
1473 2803 1488 2872 t
1502 2821 1569 2874 uo-

393 2921 460 2994 rtn'
476 2920 582 3012 piedt
609 2919 680 2992 Per
704 2919 776 2992 hoc
803 2925 914 2996 autor
945 2918 1009 2994 dat
1037 2918 1187 3015 intelligi
1219 2918 1320 3013 quod
1351 2926 1433 2995 erat
1462 2921 1569 3014 quasi

393 3039 577 3131 meridies,
609 3038 660 3113 ita
690 3038 790 3132 quod
819 3044 997 3114 steterant
1025 3039 1170 3114 duobus
1198 3039 1329 3115 diebus
1357 3045 1395 3115 et
1424 3039 1571 3114 duabus

396 3160 575 3251 noctibus,
592 3168 631 3234 et
649 3157 845 3233 medietate
861 3155 978 3234 tertiae
994 3156 1067 3233 diei
1089 3158 1127 3232 in
1144 3159 1298 3254 interno,
1315 3159 1366 3235 ita
1385 3159 1484 3254 quod
1501 3158 1569 3253 sol,

396 3276 600 3354 secundum
617 3275 887 3371 dispositionem
909 3276 1043 3351 dictam
1061 3278 1128 3352 XX
1142 3267 1180 3370 (³)
1198 3278 1369 3374 capitulo,
1390 3279 1571 3354 transive-

397 3406 455 3502 rat
475 3396 635 3473 mediam
656 3396 753 3472 diem
776 3403 887 3491 unm,
908 3407 1047 3491 quanto
1071 3397 1159 3473 luna
1185 3399 1461 3474 transcurrebat
1475 3387 1511 3492 (ι)
1533 3398 1570 3472 in

397 3523 529 3613 quarta
554 3522 659 3612 parte
679 3516 761 3610 dici,
779 3515 829 3591 ita
846 3517 945 3611 quod
962 3517 1067 3614 largo
1084 3517 1196 3594 modo
1211 3525 1359 3614 poterat
1372 3539 1453 3594 esse
1469 3519 1572 3614 plus-

396 3654 510 3734 quam
536 3637 706 3713 meridies
730 3655 798 3730 per
822 3636 948 3733 viginti
975 3637 1128 3714 minuta.
1155 3638 1240 3714 ldeo
1265 3639 1361 3714 benc
1390 3638 1495 3713 dicit:
1522 3641 1573 3710 Lo

397 3767 509 3854 tempo
540 3754 578 3832 ὼ
603 3777 694 3848 poco
727 3759 824 3830 omui
855 3759 915 3830 clrc
942 3760 978 3830 η’
995 3753 1033 3832 c'c
1062 3779 1237 3849 concesso,
1272 3758 1359 3852 quia
1392 3758 1573 3832 habemus

395 3885 495 3952 stare
519 3877 556 3950 in
581 3875 725 3949 interno
750 3875 870 3949 solum
901 3877 1060 3950 mediam
1077 3869 1114 3968 (⁵)
1147 3876 1258 3969 diem,
1291 3883 1330 3951 et
1358 3897 1472 3950 unam
1504 3895 1573 3949 no-

397 4002 513 4086 ctemq
539 3993 638 4088 quod
663 3999 720 4068 est
742 3993 889 4069 dicere:
916 3994 1071 4068 materia
1095 4001 1151 4068 est
1181 3996 1303 4091 longa,
1333 3995 1397 4070 sed
1426 4002 1574 4089 tempus

397 4116 523 4205 breve,
549 4113 635 4207 quie
661 4112 732 4188 cito
758 4119 902 4209 oportet
926 4112 1105 4208 perlicere
1125 4113 1235 4188 istum
1254 4115 1415 4210 primum
1436 4122 1574 4190 tracta-

398 4241 480 4310 tum
510 4233 654 4327 lnlemi,
679 4241 713 4308 ct
735 4237 829 4308 ultro
853 4230 891 4309 e'c
915 4235 964 4307 dc
989 4235 1094 4308 ceder
1123 4235 1183 4306 cre
1206 4241 1243 4308 tu
1268 4255 1341 4308 nora
1365 4239 1456 4327 cedi,
1485 4236 1573 4330 quia

400 4353 481 4429 eliae
506 4352 655 4428 fraudes
679 4360 819 4430 restant
841 4353 1100 4447 describente,
1116 4353 1253 4430 scilicet
1269 4355 1411 4430 salsatio
1429 4363 1467 4430 et
1487 4376 1575 4451 pro-

401 4475 500 4569 ditio,
526 4495 610 4570 quer
635 4476 795 4550 multum
821 4496 888 4550 nos
912 4475 1117 4572 occupabit,
1135 4475 1223 4570 quia
1243 4481 1300 4551 est
1325 4477 1481 4552 materia
1506 4474 1575 4550 dil-

402 4595 504 4671 dcilis
528 4595 575 4671 ad
599 4586 941 4689 describendum(⁶).
954 4637 1005 4652 -
1018 4601 1062 4670 Sc
1086 4603 1132 4671 tu.
1153 4597 1220 4673 llic
1240 4597 1451 4708 autorum
1468 4617 1575 4672 suem

464 4786 490 4846 ('l
507 4785 538 4835 ll.
554 4785 630 4840 lacto.
647 4789 706 4851 quia
724 4790 766 4840 laic
782 4791 840 4842 real
856 4790 906 4840 alia
922 4791 1018 4842 ridere.
1144 4791 1170 4854 ι’)
1186 4791 1218 4843 B.
1234 4797 1262 4842 et
1276 4793 1312 4842 lta
1327 4797 1429 4842 octava.

463 4859 490 4922 ι’)
506 4861 538 4911 li.
553 4862 648 4912 mcum
665 4865 692 4914 ic
709 4867 828 4928 proriam
844 4872 921 4917 cantu
938 4867 1091 4917 transiverat
1108 4867 1274 4918 medietatem
1291 4873 1372 4918 tanto.

463 4936 490 4996 θ)
506 4936 538 4987 Ε.
556 4939 756 4990 transiverat-
767 4946 821 5000 ild,
838 4947 1039 4992 unumunurm.

463 5011 490 5072 l'l
507 5012 547 5071 Βι,
564 5011 590 5062 S·
606 5026 622 5062 ο
639 5017 693 5070 ¹¹⁸.
710 5028 758 5078 per
773 5017 885 5066 mediam
901 5017 969 5068 diem
985 5023 1011 5068 et
1028 5029 1076 5080 per
1090 5031 1169 5068 uuam
1185 5023 1297 5068 noctem.

463 5088 490 5150 (⁸)
508 5089 539 5139 ll.
555 5102 570 5139 a
587 5088 613 5139 S.
630 5090 805 5142 scribendum.
