4550 6844
821 978 960 1035 usurus
984 977 1212 1034 intumus.
1531 965 1605 1032 127

428 1129 498 1217 etti,
523 1123 660 1200 scilicet
683 1123 859 1221 magister
883 1123 1092 1218 Grilolinus,
1109 1145 1134 1196 a
1158 1143 1226 1215 ote,
1245 1122 1389 1219 supple,
1404 1119 1495 1196 dixit
1516 1119 1605 1194 milri

429 1247 477 1322 ita
502 1244 659 1320 dulciter
681 1244 864 1322 adiumnti
890 1265 991 1340 eum,
1016 1237 1164 1338 quotide
1188 1247 1211 1318 i
1223 1243 1346 1316 urimo
1362 1244 1495 1334 wera,
1516 1240 1605 1336 quia

427 1366 524 1442 istud
549 1367 669 1441 scelus
694 1370 750 1440 est
773 1364 1081 1460 antiquissimum,
1106 1367 1145 1438 di
1173 1365 1293 1439 utura
1323 1365 1508 1452 somata,
1533 1359 1605 1435 lilia

428 1488 570 1563 (linare
595 1485 692 1582 regis
717 1485 837 1583 Cypri,
855 1485 919 1560 ubi
938 1504 1085 1581 semper
1105 1484 1174 1559 luit
1189 1482 1322 1558 ardens
1348 1480 1496 1556 luxuria
1515 1499 1604 1556 eon-

427 1605 555 1681 lormis
579 1605 692 1680 calori
718 1604 898 1701 regionis,
924 1604 1007 1680 ideo
1031 1603 1139 1679 dieit:
1166 1605 1225 1676 eie
1249 1603 1395 1676 dium
1421 1603 1540 1673 amieo
1568 1601 1608 1672 al

422 1734 529 1819 putre
549 1729 636 1820 ltror
659 1727 718 1798 del
739 1727 846 1800 uitro
870 1745 1006 1818 amore,
1033 1723 1179 1816 scilieet,
1210 1727 1315 1797 extra
1340 1741 1511 1796 amorem
1535 1739 1603 1796 na·

428 1845 588 1920 turalem
615 1847 824 1939 honestum,
849 1845 912 1939 qui
938 1851 993 1920 est
1023 1844 1119 1919 inter
1148 1847 1290 1938 patrem
1323 1847 1362 1916 et
1395 1839 1523 1934 lilium,
1550 1837 1606 1915 in·

429 1963 515 2038 eidit
539 1964 576 2037 in
592 1983 761 2039 amorem
779 1962 1097 2060 concupiscibilem
1115 1961 1331 2037 damnatum
1349 1966 1387 2035 et
1405 1959 1506 2036 omni
1524 1959 1606 2055 lege

431 2083 664 2178 prohibitum.
679 2123 729 2139 —
745 2089 881 2174 (inerte
899 2084 964 2158 llic
985 2081 1182 2158 Griiolinus
1203 2087 1395 2175 comparat
1418 2079 1604 2177 Myrrham

430 2203 605 2280 furiosam
642 2204 758 2279 Vanni
789 2203 953 2280 Sohieohi
986 2203 1139 2296 furioso,
1171 2201 1218 2275 de
1252 2221 1327 2296 quo
1355 2201 1435 2296 jam
1469 2199 1607 2274 ieoerat

431 2323 666 2398 mentionem.
693 2325 739 2398 Et
762 2325 832 2399 hoe
856 2323 941 2398 iecit
966 2343 1101 2420 magna
1129 2328 1222 2414 arte,
1250 2326 1292 2394 ut
1322 2325 1534 2394 revertatur
1557 2319 1606 2393 ad

429 2442 704 2538 declarandum,
731 2444 813 2539 quis
837 2443 949 2519 luerit
973 2443 1167 2539 predictus
1193 2442 1349 2534 Vennes,
1375 2445 1413 2514 et
1438 2438 1525 2533 quid
1550 2437 1606 2513 ie-

430 2563 533 2657 ee'rit,
550 2563 811 2658 propterquod
828 2564 874 2638 sit
894 2564 1043 2658 punitus
1059 2563 1188 2638 furore
1207 2561 1422 2656 simuleum
1439 2559 1604 2655 Myrrha,

430 2701 516 2756 nam
542 2681 689 2757 luerent
713 2682 801 2758 socii
833 2683 870 2756 in
895 2704 972 2758 una
1000 2681 1121 2779 speeie
1152 2682 1283 2776 culpe,
1309 2679 1391 2756 ideo
1416 2678 1517 2775 ponit
1542 2697 1606 2754 eos

430 2800 546 2876 socios
572 2800 608 2875 in
634 2802 764 2878 eodem
790 2823 929 2900 genere
953 2823 1083 2898 poenae,
1113 2801 1198 2876 lieet
1228 2800 1402 2875 distantes
1432 2818 1498 2894 per
1527 2798 1607 2872 lon-

429 2918 576 3018 gissima
604 2928 812 3017 temporum
845 2922 971 3018 spatia.
1003 2922 1118 3020 igitur
1149 2921 1196 2997 ad
1227 2920 1472 3016 cognitionem
1503 2906 1628 2992 istiu?

430 3040 566 3116 Vannio
597 3039 709 3117 debes
745 3043 852 3137 scire,
882 3042 982 3137 quod
1012 3042 1141 3116 Βοείιιε
1173 3040 1221 3116 de
1253 3039 1403 3115 Donatis
1440 3038 1487 3114 de
1523 3038 1608 3110 Flo-

432 3161 561 3254 rentia,
586 3160 671 3235 lieet
695 3168 791 3236 esset
816 3161 946 3236 nobilis
971 3161 1075 3236 miles
1099 3161 1146 3235 de
1170 3159 1307 3236 familia
1326 3157 1515 3255 preclara,
1537 3155 1605 3228 luit

432 3285 555 3354 tamen
586 3278 647 3352 ior
676 3278 723 3354 ad
757 3287 902 3376 tempus
931 3300 1018 3356 enm
1050 3280 1129 3355 aliis
1158 3278 1352 3374 nobilibus,
1387 3277 1481 3352 sicut
1509 3275 1609 3350 clare

431 3404 618 3473 ostensum
645 3406 701 3474 est
731 3420 844 3495 supra
872 3401 1031 3496 capitulo
1056 3400 1178 3494 XXV,
1204 3405 1241 3475 et
1267 3419 1314 3474 ex
1338 3399 1438 3474 lurto
1470 3397 1608 3472 iecerat

431 3538 567 3615 magna
601 3518 728 3594 lucra:
763 3527 912 3617 propter
941 3519 1041 3616 quod
1070 3521 1220 3596 veniens
1248 3520 1296 3596 ad
1322 3525 1494 3614 mortem,
1526 3537 1607 3612 poe-

430 3637 581 3713 nitentia
605 3638 749 3732 ductus,
777 3639 1071 3734 relinquebatur
1095 3647 1314 3716 testamento
1332 3639 1448 3714 multa
1468 3643 1505 3714 et
1527 3656 1606 3711 ma-

430 3779 504 3855 gna
529 3758 649 3855 legata
667 3758 801 3834 multis.
819 3761 874 3834 Ex
900 3782 974 3855 quo
1000 3759 1127 3836 Simon
1157 3760 1251 3835 lilius
1280 3759 1360 3834 eius
1389 3757 1548 3834 sentiens
1565 3777 1606 3832 se

430 3885 627 3975 gravatum
654 3879 868 3974 hereditate,
894 3880 1109 3956 subumarit
1123 3873 1160 3973 (¹)
1180 3881 1345 3956 Vannem
1371 3876 1535 3954 Sehieehi
1560 3876 1607 3952 de

432 3997 724 4094 (inminentibus,
743 3999 805 4094 qui
824 3999 973 4074 intrauit
990 3999 1127 4073 lectum
1145 4000 1227 4074 loeo
1244 3998 1328 4074 dicti
1346 3997 1456 4092 Bosii‚
1471 4003 1507 4073 et
1527 3995 1610 4071 iecit
1762 3982 1766 3992 ’

432 4123 706 4212 testamentum,
732 4119 821 4213 quia
845 4118 1004 4194 habebat
1028 4139 1159 4195 rocem
1189 4127 1227 4194 et
1256 4118 1442 4213 loquelam
1468 4113 1608 4192 similli-

433 4255 534 4311 mam
560 4236 620 4309 illi.
646 4238 718 4311 lste
742 4237 838 4312 inter
861 4237 933 4313 alia
961 4238 1083 4335 legata
1113 4238 1249 4335 legavit
1279 4238 1346 4314 sihi
1376 4237 1443 4333 ipsi
1477 4256 1610 4331 quarn·

434 4355 518 4430 dam
553 4377 690 4451 equam
723 4358 999 4453 pulcerrimum,
1024 4380 1100 4456 que
1135 4359 1236 4435 nulla
1266 4365 1347 4434 erat
1363 4350 1401 4450 (¹)
1427 4357 1548 4434 carior
1573 4355 1610 4430 in

434 4481 510 4553 tota
535 4477 683 4573 Tuscia3
709 4479 911 4555 eratenim
939 4478 976 4553 in
1001 4479 1119 4575 pretio
1146 4479 1245 4555 mille
1270 4481 1509 4556 florenorum.
1536 4477 1610 4552 Re-

434 4599 571 4692 liquam
599 4599 756 4674 lormam
774 4599 982 4675 testamenti
998 4599 1083 4675 lecit
1102 4600 1197 4676 sieut
1215 4600 1502 4698 preordinatum
1528 4602 1610 4674 erat

433 4735 521 4790 eum
546 4718 719 4813 predicto
744 4719 903 4814 Simone,
921 4740 1034 4814 quem
1057 4720 1205 4816 reliquit
1224 4721 1471 4797 universalem
1498 4721 1655 4836 here-J

433 4835 531 4912 dem.
555 4838 610 4912 ild
634 4839 777 4915 literam
804 4861 914 4937 ergo:
941 4840 1026 4914 dieii
1050 4839 1247 4915 Griiolinus
1276 4841 1323 4916 (le
1353 4840 1500 4937 llyrrha
1525 4859 1609 4934 pes·

495 5019 523 5083 (¹)
540 5025 596 5083 tle,
611 5023 770 5087 subruerit.

496 5097 571 5162 (²113.
587 5104 644 5152 erat
659 5101 777 5164 pulcrior
792 5103 819 5152 tn
835 5101 939 5164 Tutela,
955 5115 1004 5153 ner
1019 5101 1114 5153 certor.
1131 5102 1204 5153 lint.
