4606 6840
720 872 791 938 204
1111 881 1313 938 conmtruu
1338 881 1490 936 rnnnam

719 1036 883 1106 turtures
908 1037 946 1105 et
970 1029 1120 1123 similes3
1138 1029 1196 1104 bic
1215 1049 1306 1104 vero
1323 1029 1467 1103 stabant
1486 1033 1693 1123 serpentes;
1714 1029 1812 1105 unde
1829 1030 1884 1106 di-

718 1150 788 1225 cit:
806 1151 845 1224 dt
859 1153 1010 1244 serpenti
1021 1172 1044 1222 e
1059 1141 1137 1223 aa
1153 1151 1294 1224 dinosa
1312 1167 1427 1240 moto,
1440 1147 1542 1243 idest,
1556 1158 1633 1224 tam
1651 1148 1883 1226 diversarum

718 1270 924 1346 manerium
939 1264 976 1362 (¹)
1008 1275 1045 1344 et
1074 1269 1262 1346 variarum
1276 1260 1313 1361 (²)
1346 1274 1564 1343 naturarum
1595 1274 1634 1343 et
1665 1269 1883 1366 figurarum,

717 1392 777 1463 ote
802 1393 838 1463 lo
863 1391 1032 1462 memoria
1056 1410 1167 1462 oooor
1192 1391 1240 1462 mi
1263 1391 1355 1480 sipu,
1372 1387 1474 1482 idest,
1491 1386 1646 1462 destruit
1671 1395 1708 1462 et
1733 1396 1885 1464 contur-

718 1512 792 1605 bat,
822 1513 850 1584 it
879 1531 1024 1601 scapo,
1061 1508 1207 1604 quando
1241 1509 1334 1584 redit
1367 1508 1413 1582 ad
1448 1515 1608 1584 mentem
1643 1529 1766 1584 meam
1804 1509 1884 1584 talis

716 1637 886 1726 aspectus
911 1629 1104 1726 fugiendus
1116 1621 1164 1722 (³).
1179 1669 1228 1684 -—
1240 1625 1315 1703 Pii.
1337 1629 1402 1704 Hie
1419 1640 1527 1705 autor
1548 1629 1673 1705 volens
1690 1629 1882 1706 ostendere

718 1751 1117 1846 incomprehensibilem
1149 1749 1394 1826 diversitatem
1425 1756 1636 1844 serpentum
1666 1749 1769 1824 istius
1799 1750 1882 1824 bul-

716 1873 798 1969 giae,
825 1877 979 1948 testatur
1004 1891 1076 1945 non
1102 1890 1207 1966 posse
1232 1868 1394 1964 reperire
1419 1869 1729 1966 comparationem
1759 1869 1882 1944 condi-

716 2012 847 2089 gnam3
873 1991 954 2066 ideo
979 1991 1131 2085 imponit
1156 1990 1338 2066 silentium
1364 2010 1487 2064 arenae
1503 1989 1643 2084 biricae,
1670 2009 1754 2084 quae
1781 1989 1882 2066 vide-

716 2117 779 2186 tur
803 2133 879 2206 prae
903 2111 1045 2187 caeteris
1069 2111 1234 2206 partibus
1267 2111 1394 2186 mundi
1424 2109 1574 2206 gloriari
1602 2110 1648 2186 de
1672 2110 1881 2187 diversitate

716 2237 938 2326 serpentum.
965 2231 1051 2304 Hac
1075 2237 1131 2305 est
1155 2231 1215 2304 illa
1240 2249 1354 2306 arena
1371 2229 1500 2304 blricae
1525 2229 1789 2326 ardentissima,
1808 2236 1882 2306 ste-

717 2351 894 2445 rilissima,
921 2369 1004 2443 quae
1029 2349 1135 2444 plene
1159 2349 1337 2444 descripta
1369 2356 1424 2424 est
1455 2369 1567 2444 supra
1591 2349 1749 2444 capitulo
1776 2351 1880 2446 xuni,

716 2471 753 2544 in
779 2489 853 2563 qua
878 2469 968 2544 Cato
992 2475 1030 2543 et
1054 2469 1110 2542 sui
1136 2468 1229 2563 passi
1255 2468 1405 2542 luerunt
1437 2475 1489 2546 tot
1514 2477 1551 2544 et
1576 2475 1677 2546 unta
1702 2471 1800 2546 mala
1825 2471 1881 2545 in-

719 2589 923 2684 commoda,
938 2588 1263 2684 pericula,damna,
1273 2589 1368 2664 sicut
1380 2597 1544 2684 ventum,
1554 2591 1758 2685 pulverem,
1771 2591 1881 2686 sitim,

716 2711 889 2803 calorem,
911 2718 948 2785 et
973 2708 1070 2802 quod
1094 2707 1197 2802 peius
1222 2708 1299 2802 luit,
1326 2708 1545 2784 invenerunt
1569 2708 1712 2786 diversa
1743 2731 1881 2808 genera

716 2828 1000 2925 *pestilentium
1039 2835 1248 2924 serpentum
1288 2828 1508 2904 mirabilium
1548 2835 1778 2925 naturarum,
1818 2832 1880 2926 qui

714 2951 895 3026 dederunt
910 2949 963 3024 eis
979 2949 1123 3024 diversa
1134 2968 1271 3045 genera
1281 2948 1300 2992 *
1310 2937 1345 3040 (⁴)
1362 2949 1549 3044 mortium,
1562 2950 1608 3025 de
1620 2971 1780 3044 quarum
1798 2951 1881 3046 qui·-

714 3069 869 3145 busdam
894 3068 1026 3144 dieitur
1050 3068 1118 3143 bic.
1144 3069 1249 3142 Nunc
1274 3067 1401 3142 ordina
1425 3068 1580 3162 literam,
1607 3091 1691 3163 quaa
1716 3077 1770 3146 est
1795 3071 1880 3148 satis

714 3188 936 3284 suspensiva.
964 3187 1299 3282 numquamne
1325 3188 1436 3283 vulgo
1456 3187 1588 3264 dicitur
1604 3189 1790 3284 Barbaria,
1809 3212 1881 3264 ooo

713 3315 745 3385 si
769 3313 865 3384 vent
884 3305 946 3401 pii
970 3329 1036 3382 ooo
1059 3328 1125 3380 suu
1141 3327 1244 3399 roto,
1261 3307 1364 3402 quasi
1381 3308 1476 3384 dicat
1493 3309 1620 3384 tacite:
1642 3317 1791 3386 autores
1816 3313 1880 3405 qui

713 3431 924 3506 describunt
947 3447 1099 3502 arenam
1127 3427 1247 3522 Lybiae
1272 3447 1360 3502 oum
1385 3429 1612 3523 serpentibus
1640 3431 1715 3504 suis
1740 3451 1808 3526 pro
1838 3451 1880 3508 re

715 3549 883 3642 mirabili,
901 3548 994 3624 sicut
1015 3547 1160 3641 Plinius,
1179 3547 1333 3642 Solinus,
1351 3549 1558 3644 Martianus,
1576 3551 1746 3625 Lucanus
1765 3553 1880 3628 etalii

715 3691 788 3746 non
813 3671 988 3745 extollant
1012 3667 1167 3763 amplius
1199 3667 1304 3741 biam
1336 3688 1489 3742 arenam
1520 3670 1771 3768 descriptione,
1793 3673 1880 3768 quia

714 3811 785 3887 ego
811 3789 931 3886 reperi
947 3788 1091 3864 fictione
1108 3807 1191 3864 mea
1207 3788 1316 3862 aliam
1340 3788 1612 3886 mirabiliorem,
1631 3791 1730 3885 quod
1751 3793 1879 3888 probo,

714 3907 785 4002 obi,
811 3910 914 4005 idest,
940 3910 1026 4004 quia
1052 3908 1127 4003 ipsa
1152 3929 1266 3984 arena
1290 3909 1423 4006 Lybiae,
1448 3931 1520 3982 oon
1550 3906 1682 3984 moseo
1713 3913 1771 3988 vel
1793 3935 1881 4007 pro—

713 4033 815 4106 dusse
838 4033 973 4122 plumat
997 4037 1089 4104 mate
1110 4032 1329 4123 pest’tenzie3
1355 4036 1393 4104 et
1417 4049 1548 4104 verum
1575 4030 1670 4126 dicit,
1697 4033 1782 4127 quia
1812 4056 1880 4128 pro

713 4156 814 4226 certo
839 4150 945 4245 plura
970 4155 1056 4224 sunt
1079 4169 1217 4246 genera
1242 4148 1368 4222 lurum
1394 4155 1432 4223 et
1455 4148 1641 4226 furtorum
1668 4153 1746 4228 sine
1775 4173 1879 4227 com·

712 4270 912 4366 paratione,
931 4290 1043 4363 quam
1070 4269 1208 4363 speeies
1234 4275 1459 4363 serpentum,
1477 4263 1522 4344 ne*
1543 4263 1573 4344 st
1597 4293 1669 4366 ree,
1688 4279 1725 4348 et
1744 4291 1875 4348 verum

712 4389 807 4482 dicit,
834 4387 920 4481 quia
945 4387 1070 4481 peiora
1095 4393 1181 4460 sunt
1197 4387 1264 4462 ista
1281 4388 1379 4462 turta
1401 4386 1685 4466 *interficientia
1703 4392 1876 4490 animam,

711 4527 825 4601 quam
851 4525 993 4581 venena
1010 4511 1221 4598 serpentum
1234 4498 1299 4599 ap»)
1319 4507 1570 4584 interficientia
1586 4512 1706 4586 solum
1724 4533 1876 4609 corpus3

711 4633 747 4702 et
771 4625 877 4701 dicit:
905 4645 971 4698 coo
996 4631 1081 4699 tutto
1106 4628 1291 4719 t’tttiopto,
1317 4627 1404 4721 quia
1429 4627 1466 4701 in
1490 4627 1671 4725 AEtbiopia
1689 4639 1745 4706 est
1764 4634 1875 4709 etiam
1969 4665 1983 4682 ·

773 4839 800 4902 (¹)
815 4839 841 4890 S.
858 4851 873 4889 e
889 4837 920 4888 E.
936 4823 1120 4890 muletarum.
1244 4837 1272 4903 (¹)
1289 4845 1342 4900 lto,
1360 4841 1528 4894 diuersurum.
1654 4839 1681 4906 (Ἴ
1697 4844 1728 4896 Β,
1743 4845 1875 4912 fugium

773 4915 800 4977 (ἢ
816 4916 943 4968 blaneuno
958 4915 1001 4968 nel
1017 4915 1112 4968 Codice
1128 4915 1234 4966 meones
1251 4916 1276 4966 le
1292 4917 1381 4980 parole
1397 4916 1437 4968 liu
1453 4919 1462 4968 i
1477 4919 1528 4970 due
1544 4920 1686 4972 uterlmbl.
1861 4959 1864 4966 .

772 4991 800 5054 (⁸)
816 4994 852 5044 Le
868 4993 957 5056 parole
973 4993 1012 5046 tra
1030 4994 1039 5044 l
1054 4994 1106 5046 dne
1121 4993 1253 5046 nteriwlni
1269 5008 1316 5046 son
1332 4995 1444 5059 suppllto
1459 4995 1528 5061 (lorti
1543 4997 1604 5050 altri
1620 5003 1661 5052 tue
1675 4997 1770 5050 Codiel.
