4498 6836
757 975 897 1032 caurus
921 975 1147 1030 rnrunsmus.
1465 967 1546 1036 115.

364 1117 400 1192 in
425 1119 596 1214 patriam,
612 1126 650 1196 et
668 1120 949 1198 sacrificandum
974 1128 1031 1196 est
1050 1119 1173 1196 anima
1193 1119 1302 1195 unius
1318 1122 1443 1218 graeei.
1462 1123 1539 1198 llac

365 1257 457 1314 voue
481 1238 663 1332 publicata
678 1232 713 1331 (⁴)
740 1240 777 1314 in
803 1241 928 1337 vulgm
953 1260 1083 1316 omnes
1108 1240 1274 1316 exterriti
1300 1248 1388 1315 sunt
1417 1241 1536 1337 rnlde,

364 1359 450 1454 quia
476 1359 629 1453 quilibet
652 1359 805 1436 timebat
813 1351 851 1453 (¹)
878 1360 944 1434 sibi
971 1379 1052 1434 esse
1077 1360 1148 1436 ille.
1171 1360 1274 1436 Tune
1290 1362 1424 1458 Ulyxes
1451 1381 1539 1458 pro·

362 1477 474 1552 traxit
499 1477 536 1552 in
560 1478 748 1574 publicum
766 1479 1000 1554 Calchantem
1022 1479 1135 1554 allum
1153 1499 1337 1575 augurem
1356 1500 1536 1576 magnum

362 1618 449 1673 cum
475 1619 611 1695 magne
636 1599 799 1674 elamme
823 1604 951 1694 petens
976 1617 1090 1693 quem
1116 1597 1164 1673 dii
1190 1598 1258 1674 sibi
1285 1599 1476 1695 volebant3
1502 1607 1540 1675 et

363 1719 550 1812 continuo,
566 1717 652 1792 dicit
668 1717 791 1812 Sinon,
814 1718 919 1792 multi
935 1718 1146 1793 divinabant
1160 1717 1247 1792 mibi
1262 1725 1438 1794 mortem.
1457 1719 1541 1794 Cal·

365 1839 452 1914 cbas
476 1844 601 1914 autem
627 1857 695 1933 per
719 1837 927 1932 quindecim
956 1837 1034 1914 dies
1049 1827 1086 1930 (³)
1113 1839 1240 1933 tacuit,
1265 1844 1303 1914 et
1337 1839 1540 1914 absconsus

366 1958 482 2033 noluit
507 1957 699 2033 nominare
723 1956 904 2051 aliquem3
929 1955 1078 2032 tandem
1095 1958 1309 2052 compulsus
1329 1977 1466 2054 magna
1483 1957 1540 2030 in-

364 2077 495 2152 stantia
509 2064 547 2169 (⁸)
573 2077 710 2173 Ulyxis‚
734 2075 824 2151 (linit
849 2095 910 2150 me
935 2095 1016 2151 ense
1045 2075 1330 2152 immolandum:
1362 2083 1400 2152 et
1423 2076 1541 2152 eonti-

365 2217 441 2272 nuo
465 2216 596 2272 omnes
619 2201 868 2288 assenserunt,
893 2201 936 2269 ut
966 2213 1098 2270 eorum
1133 2195 1244 2270 timor
1275 2195 1541 2270 transferretur

364 2318 403 2391 in
429 2323 587 2392 mortem
612 2315 722 2389 unius
747 2315 883 2390 miseri.
910 2316 991 2390 lam
1018 2322 1171 2390 venerat
1199 2315 1276 2391 dies
1301 2315 1438 2410 infelix,
1459 2316 1539 2412 jam

364 2437 566 2535 parabatur
589 2434 809 2510 sacrificium
827 2455 938 2530 supra
955 2442 1067 2530 caput
1083 2455 1223 2510 meum.
1241 2436 1351 2512 Certe
1367 2455 1437 2532 ego
1456 2435 1539 2510 dicu

365 2576 516 2632 verum:
541 2573 614 2652 ego
639 2555 723 2650 rupi
747 2573 950 2648 carcerem,
967 2561 1006 2630 et
1025 2554 1169 2650 lugiens
1189 2555 1279 2639 latui
1301 2555 1337 2628 in
1357 2556 1453 2630 valle
1472 2575 1538 2650 pa-

364 2675 469 2750 lustri
495 2680 662 2770 tempore
682 2674 809 2768 noctis,
829 2680 867 2748 et
892 2673 943 2748 sic
968 2673 1120 2748 liberavi
1146 2695 1208 2750 me
1231 2695 1256 2749 a
1279 2681 1401 2750 morte
1426 2693 1539 2770 expe-

365 2802 468 2870 ctans
484 2793 513 2868 si
533 2793 628 2869 torte
645 2793 693 2866 illi
712 2799 944 2868 recesserunt
958 2785 1012 2886 (ἥς
1031 2813 1100 2868 nec
1116 2793 1236 2868 babeo
1251 2793 1415 2888 aliquam
1433 2812 1537 2888 spem

364 2912 509 2989 ridendi
533 2933 699 3007 unquam
724 2901 915 3007 antiquam
941 2912 1110 3007 patriam,
1134 2912 1261 2987 dulces
1285 2912 1390 3006 lilios,
1410 2918 1448 2986 et
1472 2913 1539 2986 de-

365 3033 565 3107 sideratum
591 3037 747 3127 patrem,
765 3051 859 3127 quos
878 3031 1030 3107 forsitan
1049 3031 1115 3126 ipsi
1135 3031 1247 3128 greci
1265 3031 1484 3108 cruciabunt
1500 3038 1539 3106 et

366 3153 551 3229 necabunt
575 3159 725 3247 propter
749 3152 876 3248 lugam
903 3171 1038 3246 meam,
1064 3158 1102 3226 et
1135 3151 1187 3226 sic
1217 3151 1429 3249 purgabunt
1459 3152 1541 3227 eul-

366 3293 452 3367 pam
470 3291 593 3346 meam
615 3277 736 3347 morte
761 3271 996 3346 miserorum.
1016 3271 1171 3366 Propter
1187 3271 1288 3365 quod
1305 3293 1397 3369 rogo
1413 3277 1463 3367 te,
1484 3272 1541 3346 in-

367 3393 464 3487 clyte
484 3411 563 3486 rer,
581 3411 647 3486 per
672 3391 760 3466 deos
785 3391 960 3484 celestes,
977 3395 1015 3466 et
1033 3389 1234 3485 per-tidem
1261 3390 1487 3486 inviolatam,
1510 3391 1540 3466 si
1613 3379 1617 3386 ’

367 3511 488 3587 adbuc
518 3511 643 3605 aliqua
673 3510 850 3586 remansit
884 3511 920 3584 in
952 3509 1172 3603 bominibus,
1207 3509 1386 3586 miserere
1418 3516 1541 3586 tutet

366 3636 554 3705 tantorum
581 3629 751 3704 laborum
777 3636 815 3704 et
845 3629 929 3724 mei,
955 3628 1020 3723 qui
1051 3628 1133 3704 dico
1163 3628 1227 3702 tibi
1258 3649 1359 3704 vera.
1392 3630 1539 3708 Troiani

365 3769 457 3846 ergo
481 3748 576 3844 capti
602 3749 658 3822 bis
682 3747 853 3843 lacrymis
878 3754 1073 3844 coeperunt
1099 3747 1265 3824 misereri
1291 3748 1383 3844 eius,
1405 3750 1540 3846 etipse

365 3870 535 3943 Priamus
560 3868 747 3943 mandavit
772 3867 871 3960 quod
896 3869 1115 3960 solveretur,
1136 3873 1174 3942 et
1197 3860 1458 3960 consolatusl⁶l
1483 3875 1540 3944 est

366 4007 454 4062 eum
483 3985 736 4078 amicabiliter,
768 3985 916 4060 diuens:
945 3985 1117 4077 Quisquis
1147 4005 1198 4078 es,
1231 3986 1334 4062 trade
1367 3986 1539 4062 oblivioni

366 4125 519 4202 graenos,
541 4103 627 4198 quia
645 4103 718 4179 eris
744 4111 869 4178 noster
890 4103 1066 4196 troianus,
1084 4107 1121 4178 et
1137 4103 1196 4178 dic
1215 4103 1304 4177 mibi
1325 4105 1539 4182 veritatem:

367 4245 485 4320 quare
522 4223 635 4320 greci
659 4229 948 4298 nonstruxerunt
972 4241 1111 4317 equum
1139 4227 1215 4296 tam
1243 4229 1448 4319 magnum?
1477 4226 1541 4301 llle

367 4343 480 4419 Sinon
505 4343 635 4438 plenus
661 4342 792 4418 fraude
816 4348 854 4418 et
878 4347 961 4416 arte
984 4361 1106 4436 graeea
1124 4341 1258 4417 levavit
1284 4361 1417 4417 manus
1438 4345 1541 4420 sulu-

368 4470 423 4538 las
448 4462 495 4538 ad
520 4463 671 4556 eoelum,
687 4461 863 4538 invocans
887 4451 976 4536 dees
1000 4461 1037 4535 in
1064 4467 1174 4536 tester
1195 4461 1294 4555 quod
1311 4468 1433 4558 posset
1452 4483 1542 4559 npe-

369 4582 443 4656 rlre
468 4588 611 4657 secreta
635 4601 858 4679 grecorum,
884 4581 972 4675 quia
997 4600 1071 4655 non
1090 4580 1285 4656 tenebatur
1303 4582 1460 4678 amplius
1477 4603 1542 4678 pa-

428 4840 455 4901 l')
472 4841 503 4892 ll.
518 4841 649 4904 publicata
664 4845 691 4895 ln
708 4845 806 4910 popule
821 4851 849 4897 et
865 4845 953 4909 vulgo.
1119 4841 1149 4906 (¹)
1164 4845 1195 4896 B.
1211 4845 1319 4896 llmebnt
1334 4857 1390 4896 etse
1405 4845 1492 4896 lllnm.

430 4916 456 4977 (¹)
473 4917 504 4967 B.
521 4917 575 4966 dies
590 4919 729 4970 absconsus
745 4921 880 4972 recusabat
896 4921 1039 4971 nominare.
1122 4919 1150 4980 (⁸)
1166 4919 1192 4971 S.
1209 4920 1312 4970 utalia.

427 4994 455 5054 (¹)
471 4991 502 5043 R.
517 4993 678 5046 recederent.
688 4995 753 5047 -S.
769 4997 932 5048 mcesnerlnt.
942 5023 969 5034 -
979 4999 1034 5055 tlt,
1051 4995 1212 5046 recederent.

428 5069 455 5131 (⁸)
471 5068 498 5119 S.
514 5069 693 5122 oeoulnu-
703 5075 756 5130 tlt.
772 5078 800 5123 et
815 5071 981 5123 ennrnlarent
996 5085 1068 5122 enm.
