4526 6836
711 929 755 994 12
939 997 940 1000 ,
1105 933 1308 992 donarunt
1332 935 1483 989 mannus

694 1083 861 1185 papbora
878 1092 974 1159 esset
991 1081 1109 1156 aliena
1126 1102 1149 1156 a
1165 1081 1360 1178 proposito,
1377 1088 1420 1155 ut
1436 1099 1502 1176 per
1521 1099 1562 1155 se
1578 1085 1795 1175 patet-Et
1808 1081 1874 1154 etti.

707 1206 812 1279 Nunc
836 1210 946 1279 autor
969 1203 1069 1298 ponit
1095 1203 1366 1297 responsionem
1392 1201 1486 1276 illius
1511 1201 1684 1296 Venetici,
1702 1202 1766 1296 qui
1790 1201 1877 1276 satis

708 1345 808 1422 aegre
832 1345 873 1400 se
897 1323 1125 1417 manifestat3
1154 1322 1250 1397 unde
1274 1322 1378 1398 dicit:
1397 1329 1431 1396 et
1445 1325 1502 1396 etti
1519 1343 1544 1395 a
1560 1343 1627 1414 arc,
1652 1321 1787 1398 scilieet
1804 1323 1876 1397 Ve-

709 1445 849 1520 neticus
873 1443 963 1520 dixit
987 1443 1087 1538 mibi,
1114 1445 1188 1516 mut
1212 1445 1389 1516 vobntert
1411 1445 1440 1515 u
1462 1444 1553 1535 daco,
1574 1442 1661 1539 quia
1687 1462 1746 1518 res
1771 1442 1877 1538 igno·

711 1564 862 1638 miniosa
888 1569 954 1658 est,
979 1583 1039 1636 ma
1063 1566 1100 1637 ta
1125 1569 1184 1637 tuo
1209 1565 1332 1636 cidara
1354 1564 1499 1657 sevodo,
1517 1562 1603 1658 quia
1622 1562 1757 1637 scilicet
1777 1561 1878 1638 vide-

709 1685 760 1760 ris
784 1685 900 1780 vivuS,
917 1687 977 1758 cltc
1000 1687 1050 1757 mt'
1064 1688 1106 1779 so
1126 1687 1289 1757 souvcntr
1303 1685 1362 1758 dcl
1375 1686 1506 1758 mondo
1524 1686 1638 1758 anam
1654 1677 1704 1777 (⁴),
1721 1682 1814 1757 idest
1831 1683 1878 1758 de

709 1809 770 1882 illo
795 1807 893 1882 bono
917 1806 1055 1910 mundo
1079 1806 1242 1900 antiquo,
1268 1803 1414 1900 quando
1443 1805 1610 1879 homines
1640 1810 1746 1880 erant
1770 1824 1877 1878 ama-

711 1934 809 2002 tores
822 1917 858 2020 (²)
887 1925 1048 2000 veritatis
1072 1931 1110 2000 ct
1134 1925 1319 2020 libertatis,
1338 1946 1422 2020 quae
1447 1925 1522 2000 duo
1546 1925 1642 2000 bona
1668 1930 1753 1999 sunt
1769 1923 1877 1999 bodie

710 2046 933 2125 odiosissime
960 2044 1113 2139 mundo;
1139 2045 1243 2138 quasi
1268 2045 1377 2120 dieat:
1397 2053 1436 2119 tu
1462 2045 1595 2120 videris
1612 2045 1700 2119 mibi
1717 2065 1814 2119 unus
1830 2044 1878 2119 de

709 2168 778 2243 illis
802 2168 906 2244 bonis
923 2165 1085 2241 romanis
1104 2165 1262 2259 antiquis
1279 2185 1301 2239 a
1319 2185 1479 2260 quorum
1496 2155 1533 2258 (³)
1551 2165 1728 2263 sangnine
1744 2172 1784 2239 tu
1802 2163 1879 2239 ori·

710 2289 833 2386 gincm
859 2286 1080 2380 contraxisti,
1107 2286 1156 2360 ita
1181 2285 1296 2360 libere
1321 2285 1481 2380 loqueris
1506 2287 1699 2364 veritatem
1714 2273 1760 2377 (⁸).
1786 2283 1879 2358 Dicit

710 2429 825 2505 crgo:
852 2412 900 2480 nti
923 2409 1069 2502 ssorciu,
1086 2405 1220 2481 scilicet
1241 2405 1288 2480 ad
1307 2405 1500 2481 dicendum
1519 2406 1555 2482 id
1571 2405 1670 2500 quod
1691 2404 1877 2480 honestius

711 2533 883 2605 tacerem.
910 2529 954 2600 Et
977 2527 1059 2600 ideo
1084 2526 1206 2600 statim
1228 2526 1398 2601 describit
1418 2547 1458 2602 se
1473 2528 1621 2623 aculpa
1639 2547 1717 2621 sua,
1735 2526 1877 2601 dicens:

711 2655 752 2722 1o
776 2669 842 2722 son
866 2650 957 2722 colui
980 2649 1039 2720 cte
1063 2650 1225 2721 conducet
1248 2650 1284 2720 to
1317 2649 1458 2721 ansata
1488 2648 1589 2740 betto,
1616 2647 1750 2722 scilicet
1776 2667 1880 2721 soro-

711 2791 792 2845 rem
817 2789 939 2844 meam
964 2767 1113 2842 nominc
1134 2766 1330 2863 Gbisolam,
1348 2788 1431 2862 quae
1450 2768 1653 2844 vocabatur
1669 2768 1797 2863 pulcra
1813 2787 1879 2862 per

710 2889 975 2983 excellentiam,
1008 2888 1135 2982 quales
1166 2889 1299 2962 multas
1331 2887 1403 2962 vidi
1433 2887 1599 2963 dominas
1631 2887 1803 2962 Bononiae
1832 2887 1879 2962 de

710 3011 821 3086 domo
847 3010 907 3083 illa
937 3009 1155 3084 excedentes
1188 3014 1341 3084 caeteras
1365 3008 1402 3083 in
1427 3008 1682 3105 pulcritudine,
1707 3031 1732 3082 a
1753 3013 1816 3104 sor
1841 3013 1877 3082 la

711 3135 828 3224 copta
854 3132 911 3205 del
925 3132 1118 3222 Moralesc,
1137 3128 1273 3205 scilicet
1288 3128 1420 3204 Azouis
1436 3130 1492 3225 111,
1513 3130 1733 3205 marchionis
1749 3131 1878 3205 Esten-

711 3252 769 3326 sis.
795 3251 839 3324 Et
865 3249 958 3344 vide,
980 3249 1078 3345 quod
1094 3248 1180 3324 dicit
1205 3249 1412 3344 simpliciter
1429 3252 1486 3324 det
1499 3253 1690 3343 Marciaco,
1707 3251 1795 3345 quia
1812 3271 1878 3347 per

712 3369 975 3463 excellentiam,
994 3368 1141 3464 quando
1157 3368 1289 3444 dicitur
1309 3370 1478 3465 Marcbio
1500 3376 1537 3444 et
1562 3391 1636 3446 non
1661 3371 1879 3467 exprimitur

710 3509 859 3584 nomen,
875 3487 983 3565 debet
1007 3489 1156 3584 intelligi
1180 3488 1227 3563 de
1252 3489 1463 3566 marchione
1484 3490 1634 3585 Estensi,
1652 3491 1793 3566 ratione
1813 3513 1879 3588 ge-

711 3608 916 3686 nerositatis
932 3613 969 3683 et
986 3607 1207 3704 principatus
1224 3609 1373 3704 antiqui.
1395 3611 1440 3683 Et
1465 3609 1532 3684 iste
1555 3608 1631 3684 azo
1647 3610 1715 3685 luit
1732 3631 1879 3687 summe

712 3729 927 3826 magnificus
960 3735 998 3804 ct
1030 3728 1275 3824 pulcerrimus
1307 3750 1481 3826 corpore;
1513 3730 1595 3806 ideo
1628 3731 1723 3808 bene
1753 3731 1880 3807 debuit

711 3849 908 3926 convenire
937 3869 1023 3924 cum
1049 3850 1271 3944 pulcerrima
1294 3849 1341 3925 ad
1374 3851 1663 3947 extinguendum
1689 3853 1878 3928 dammam

711 3969 871 4044 ardentis
896 3969 1032 4045 amoris
1057 3969 1124 4044 sui.
1151 3970 1195 4043 Et
1220 3969 1304 4045 dicit
1328 3970 1545 4046 veneticus:
1571 3993 1667 4046 come
1696 3976 1755 4047 cite
1779 3977 1883 4048 oscos·

712 4091 749 4162 tn
764 4092 903 4162 sconsio
920 4093 1065 4164 coneda
1084 4090 1439 4186 Quomodocumque
1455 4092 1604 4167 historia
1621 4092 1689 4167 ista
1706 4114 1778 4169 non
1797 4066 1903 4190 pulsx

711 4229 775 4285 cra
800 4216 991 4305 narretur3
1009 4211 1078 4285 boc
1104 4231 1171 4306 pro
1188 4217 1289 4285 tanto
1305 4211 1401 4306 uicit,
1419 4213 1505 4306 quia
1522 4212 1666 4287 diversa
1684 4220 1765 4288 erat
1781 4215 1879 4289 tama

711 4329 821 4404 buius
845 4330 931 4404 facti
955 4331 991 4403 in
1017 4331 1140 4426 vulgo.
1166 4330 1286 4424 Aliqui
1315 4331 1413 4404 enim
1443 4331 1567 4406 mitius
1596 4333 1799 4428 loquentes,
1824 4334 1880 4409 di-

711 4449 856 4544 cebant,
889 4449 988 4544 quod
1021 4449 1088 4524 ista
1120 4451 1249 4545 pulcra
1282 4451 1403 4526 fuerat
1438 4451 1587 4529 seducta
1622 4461 1658 4529 et
1691 4453 1879 4532 subtracta

772 4679 801 4742 (⁸)
818 4683 871 4742 tta,
888 4679 980 4738 muco,
997 4679 1049 4740 nbi,
1065 4680 1163 4732 cribrat
1178 4693 1227 4746 ago
1243 4682 1294 4734 rixi
1309 4687 1447 4747 numnam
1462 4682 1579 4734 ventrem
1595 4683 1646 4742 bic,
1663 4685 1700 4734 mt
1714 4685 1816 4748 olorda,
1827 4687 1880 4736 scl-

711 4759 772 4808 lioet
787 4758 819 4808 sd
835 4758 973 4809 dicendum
989 4757 1043 4818 tibi,
1059 4758 1102 4810 rel
1118 4759 1176 4810 dic:
1193 4760 1219 4810 la
1235 4765 1281 4810 tuo
1295 4761 1385 4810 obturo
1400 4759 1504 4825 laudo,
1520 4760 1585 4812 idest
1595 4760 1676 4812 ltbsrr
1690 4767 1719 4812 ot
1729 4765 1826 4825 sporta,
1836 4765 1879 4814 cta

711 4849 751 4884 me
765 4836 796 4898 sn
810 4835 910 4885 woentr
924 4835 965 4884 dcl
979 4835 1071 4886 morrdo
1086 4837 1198 4902 miquo,
1215 4836 1280 4887 idest
1296 4837 1330 4888 de
1343 4835 1390 4889 illo
1406 4837 1482 4888 bono.

773 4909 800 4972 (¹)
817 4912 847 4962 Ε.
865 4915 993 4962 amatores
1008 4912 1112 4964 rinntls
1126 4918 1153 4964 et
1170 4913 1341 4976 liberalitatis:
1358 4927 1416 4978 qum
1433 4915 1508 4966 bons.

774 4987 801 5050 (Ἴ
818 4988 848 5038 ll.
865 5001 880 5038 s
895 5001 1008 5053 qnorum
1026 4991 1149 5054 progente
1165 4990 1315 5054 nerninem
1331 4991 1487 5042 contrulsd.

774 5063 801 5127 (⁸)
817 5065 847 5116 1²„
864 5065 979 5130 loqueris
994 5079 1094 5130 rerum,
1111 5067 1169 5120 ideo
1184 5067 1259 5120 dicit:
1275 5069 1314 5118 ms'
1327 5070 1422 5132 sforza.
