4566 6844
722 945 793 1014 490
1114 955 1318 1018 OOUENTUH
1341 961 1493 1018 mrum

720 1093 824 1194 xiid)
850 1100 1012 1178 Christus
1037 1100 1084 1176 dc
1108 1101 1202 1178 luda
1226 1103 1431 1199 proditore:
1448 1105 1591 1182 bouum
1610 1109 1692 1182 erat
1716 1103 1751 1185 el
1774 1105 1891 1186 uuu-

721 1227 783 1300 tus
808 1239 881 1298 uon
905 1218 1033 1298 iuissst
1057 1221 1171 1296 homo
1195 1221 1265 1297 ille.
1279 1261 1329 1278 -
1343 1227 1456 1298 eone.
1473 1223 1540 1301 llic
1555 1228 1666 1300 autor
1682 1225 1810 1302 volans
1826 1225 1893 1304 de-

721 1339 883 1416 scribere
906 1339 1118 1436 generalem
1143 1361 1293 1436 pmnam
1321 1343 1563 1438 proditorum,
1594 1343 1659 1438 qui
1688 1345 1893 1439 puniuutur

721 1461 759 1536 iu
783 1459 910 1556 glacie,
937 1459 1056 1554 primo
1081 1460 1238 1536 ostendit
1270 1463 1457 1556 quomodo
1488 1463 1599 1540 luerit
1631 1462 1812 1540 excitatus
1845 1463 1893 1540 ad

583 1578 588 1585 ’
722 1577 984 1673 respiciendam
1002 1578 1109 1654 istam
1125 1598 1286 1675 pronam.
1305 1581 1423 1678 Fingit
1439 1581 1538 1656 enirn
1556 1601 1598 1656 sa
1612 1580 1758 1658 audisse
1778 1601 1892 1658 umm

721 1717 852 1776 vocem
877 1696 1138 1774 admonentem
1163 1697 1283 1794 ipsum
1311 1706 1353 1773 ut
1375 1698 1446 1776 irat
1477 1705 1605 1796 aperte
1633 1719 1700 1796 per
1724 1701 1838 1778 talem
1854 1691 1892 1794 (¹)

721 1818 838 1912 vlam3
864 1816 963 1892 uude
987 1815 1094 1892 dicit:
1120 1819 1265 1892 udmnd
1288 1821 1398 1912 dicen
1423 1819 1525 1914 idest,
1546 1819 1672 1897 audivi
1695 1819 1766 1895 dici
1790 1819 1891 1916 milri,

719 1939 877 2034 guarda,
894 1955 990 2010 corne
1005 1939 1114 2028 possi.
1135 1937 1212 2012 Hoc
1236 1937 1333 2033 dicit,
1350 1937 1438 2033 quia
1454 1939 1590 2035 glacies
1607 1939 1667 2016 illa
1686 1947 1767 2017 crat
1784 1939 1891 2017 valde

721 2056 872 2150 lubrica,
898 2061 935 2130 et
960 2075 1025 2150 pes
1051 2061 1196 2152 poterat
1219 2056 1372 2134 faciliter
1402 2057 1487 2152 labi,
1513 2065 1551 2133 et
1574 2057 1709 2134 laedere
1737 2057 1889 2132 umbras

715 2177 880 2272 jacentes
894 2165 932 2267 (³)
958 2175 1027 2270 ibi;
1052 2195 1123 2253 uec
1145 2184 1228 2252 erat
1259 2176 1308 2252 ihi
1337 2177 1398 2254 via
1428 2183 1541 2272 certa,
1566 2178 1660 2254 sicut
1690 2177 1728 2252 iu
1755 2175 1888 2272 bulgiis

719 2294 981 2392 superioribus,
998 2314 1065 2388 per
1089 2315 1182 2388 quas
1206 2296 1350 2372 iverant
1362 2285 1400 2388 (⁴)
1428 2317 1495 2392 per
1511 2303 1659 2392 poutas;
1681 2295 1762 2372 ideo
1782 2294 1886 2372 dicit:

724 2419 778 2490 vot
795 2408 838 2507 si,
864 2414 966 2509 idest,
992 2414 1043 2490 ita
1067 2420 1218 2510 attente,
1243 2417 1304 2490 olto
1332 2423 1367 2490 tu
1391 2437 1465 2490 non
1489 2419 1597 2492 mota·
1619 2437 1687 2490 oon
1705 2419 1736 2490 lc
1754 2419 1889 2510 piosa,

721 2535 857 2610 scilicet
880 2533 1078 2628 pedum,te
1103 2540 1183 2606 testa
1206 2536 1377 2629 Μίνωα·
1401 2537 1520 2610 radam
1544 2539 1644 2628 laod,
1671 2535 1775 2630 idest,
1798 2535 1890 2611 iule-

720 2654 856 2729 licium.
881 2654 926 2728 Et
950 2653 1009 2728 lric
1034 2660 1121 2729 nota
1146 2653 1245 2748 quod
1270 2654 1338 2730 ista
1355 2676 1428 2732 vor
1451 2662 1532 2732 erat
1550 2655 1660 2732 unius
1679 2655 1826 2752 spiritus
1844 2655 1893 2732 do

721 2779 821 2848 terra
846 2793 925 2867 sua,
952 2771 1017 2867 qui
1047 2773 1099 2848 sic
1131 2772 1353 2882 loquebatur
1383 2774 1429 2852 de
1463 2774 1607 2850 duobus
1639 2773 1813 2852 iratribus
1844 2773 1892 2852 de

719 2893 849 2972 eadem
879 2899 990 2970 terra.
1022 2893 1066 2967 Et
1094 2893 1164 2970 ista
1196 2893 1265 2968 luit
1299 2893 1449 2990 quidam
1479 2895 1695 2972 Camisonus
1728 2894 1890 2988 uomina,

719 3013 785 3109 qui
809 3031 1076 3109 recognoscens
1100 3019 1272 3090 autorem
1297 3014 1519 3108 premonuit
1542 3033 1631 3092 eum
1657 3033 1706 3089 ue
1728 3015 1889 3090 calcaret

717 3153 805 3212 oum
824 3132 976 3228 pedibus
996 3131 1115 3229 capita
1140 3132 1289 3206 illorum
1308 3132 1478 3226 fratrum,
1497 3133 1560 3226 qui
1578 3139 1683 3208 eraut
1707 3131 1816 3210 amul
1826 3131 1888 3227 ja-

717 3257 841 3330 centes
865 3251 903 3326 iu
927 3251 1161 3326 extremitate
1185 3250 1286 3345 putei
1311 3251 1350 3326 in
1373 3251 1502 3348 glacie,
1519 3251 1566 3328 de
1586 3251 1721 3347 quibus
1744 3249 1886 3326 dicetur

717 3371 860 3464 statim3
892 3369 1125 3446 inhonestum
1160 3369 1259 3445 euim
1293 3370 1485 3446 videbatur
1515 3378 1711 3467 percutere
1734 3368 1887 3466 pedibus

717 3490 837 3586 capita
870 3495 1199 3566 conterraneorum
1229 3508 1396 3564 suorum.
1429 3491 1473 3563 Et
1505 3488 1613 3568 dicit:
1648 3489 1718 3564 troc
1749 3487 1888 3580 audivi,

717 3631 814 3684 come
837 3611 898 3682 noi
919 3612 1052 3702 pemmo
1076 3604 1137 3700 pid
1160 3611 1219 3683 net
1240 3629 1362 3700 puzzo
1385 3629 1503 3699 suno,
1529 3608 1616 3702 quia
1645 3608 1675 3680 si
1707 3613 1806 3682 totus
1830 3607 1888 3680 in-

717 3729 845 3806 ieruus
870 3735 925 3804 est
949 3728 1141 3822 obscurare,
1167 3727 1328 3802 maxime
1353 3726 1413 3802 lric
1442 3727 1544 3802 locus
1574 3724 1733 3820 intimus,
1761 3731 1851 3800 sotto
1874 3729 1889 3800 i

711 3851 773 3942 pai
796 3849 854 3924 uer
874 3850 1028 3940 ffipunoe,
1054 3847 1200 3942 scilicet,
1223 3844 1365 3940 duthei,
1382 3849 1479 3920 assui
1496 3841 1561 3938 pici
1586 3846 1693 3938 duod,
1713 3844 1817 3940 quasi
1833 3844 1890 3920 di·

716 3977 786 4064 cat,
817 3967 927 4064 louge
957 3967 1120 4062 iuferius,
1146 3973 1179 4040 ct
1203 3969 1239 4040 io
1263 3968 1405 4040 muoso
1428 3984 1565 4040 ancora
1589 3985 1614 4040 a
1638 3968 1744 4040 tulto
1769 3987 1887 4058 marro,

716 4086 818 4182 idest,
844 4087 891 4162 ad
916 4092 1071 4183 puteum
1097 4092 1300 4180 muratum,
1326 4084 1431 4180 quasi
1455 4084 1570 4158 dicat:
1597 4090 1635 4162 et
1659 4104 1746 4160 cum
1773 4085 1887 4181 respi-

562 4303 567 4310 .
717 4208 859 4284 orcham
884 4207 1005 4284 adhuc
1029 4226 1192 4299 sursum,
1217 4212 1255 4282 et
1280 4204 1443 4280 nondum
1474 4205 1736 4281 inclinaveram
1760 4207 1886 4282 oculos

716 4329 764 4408 ad
787 4329 956 4426 glaciem.
981 4329 1026 4402 Et
1050 4326 1150 4423 pouit
1175 4325 1348 4401 ellectum
1374 4325 1483 4400 huius
1499 4317 1535 4416 (ὅ)
1557 4325 1667 4419 vocis,
1685 4325 1770 4420 quia
1789 4323 1886 4398 scili-

716 4455 775 4530 cet
799 4449 847 4526 ad
872 4469 1005 4526 sonum
1035 4448 1184 4522 illorum
1218 4444 1431 4538 verborum,
1457 4443 1595 4540 oculos,
1620 4463 1713 4536 quos
1737 4440 1885 4516 tenebat

717 4589 878 4662 sursum,
896 4567 1037 4642 retlexit
1056 4565 1232 4640 deorsum
1257 4563 1304 4638 ad
1328 4563 1497 4660 glaciem,
1520 4561 1557 4637 iu
1582 4581 1658 4656 qua
1681 4559 1884 4657 puniuntur

718 4687 932 4784 proditores.
962 4685 1015 4760 nd
1048 4684 1155 4762 cuius
1186 4683 1240 4760 rei
1274 4682 1548 4780 intelligentiam
1579 4686 1636 4756 eat
1671 4678 1884 4772 notandum,

781 4912 810 4978 (¹)
825 4913 856 4964 lt
872 4913 935 4966 dtur
945 4913 1064 4966 Salvator
1075 4918 1163 4964 uoatar
1174 4914 1379 4978 pratiou'rsimus
1390 4913 1516 4966 murinus
1524 4911 1601 4962 lesus
1609 4909 1727 4962 curetur
1738 4907 1886 4960 bemdctm

718 4989 751 5041 da
765 4989 840 5041 tuda.
964 4989 992 5053 (¹)
1007 4989 1033 5041 S.
1049 4989 1128 5042 utam
1143 4991 1240 5044 locum.
1365 4987 1392 5052 (¹)
1410 4993 1464 5050 rra,
1477 4987 1620 5054 jacentium
1635 4987 1680 5038 itt.

781 5067 809 5131 (⁴)
826 5071 872 5119 lto
886 5081 903 5119 o
918 5067 949 5118 li.
965 5068 1055 5120 lrerat.
1365 5065 1392 5130 (¹)
1409 5065 1440 5116 li.
1455 5066 1520 5117 aius.
