4526 6836
698 975 744 1044 30
1089 985 1294 1044 munorum
1318 987 1469 1042 insnum

697 1133 820 1229 ignem
836 1124 872 1225 (¹)
900 1132 937 1206 in
963 1129 1102 1227 regiam
1129 1151 1334 1226 persarum,
1352 1132 1399 1207 de
1423 1151 1498 1224 qua
1523 1127 1661 1206 dictum
1679 1133 1736 1204 est
1755 1147 1866 1223 supra

696 1254 734 1328 in
758 1253 1016 1349 capitulollll‚
1042 1254 1102 1325 olm
1125 1255 1260 1345 riopose
1276 1255 1316 1326 ol
1333 1254 1449 1326 drudo
1465 1271 1541 1343 suo,
1560 1249 1652 1324 idest
1668 1269 1781 1345 proco
1798 1269 1867 1323 suo

696 1373 797 1448 fatue
814 1371 952 1448 amanti
978 1389 1061 1446 eam
1088 1391 1172 1465 quae
1195 1371 1396 1467 decipiebat
1414 1391 1521 1463 eum;
1538 1376 1577 1443 et
1598 1369 1649 1444 sio
1668 1368 1751 1444 vide
1768 1367 1868 1463 quod

696 1514 807 1589 supra
842 1493 982 1588 punivit
1013 1492 1113 1568 viros
1147 1493 1311 1568 fallentes
1344 1492 1517 1568 mulieres
1549 1490 1586 1566 in
1620 1511 1775 1586 persona
1808 1491 1868 1566 Ja-

696 1613 809 1707 sonis,
842 1633 940 1688 nunc
971 1613 1075 1708 punit
1109 1613 1283 1688 mulieres
1312 1612 1475 1688 fallentes
1505 1611 1604 1688 viros
1639 1611 1675 1686 in
1712 1631 1867 1706 persona

697 1732 852 1828 Thaidis,
869 1735 954 1806 ami
971 1736 1225 1823 morooiplr'nre,
1243 1731 1334 1808 idest
1359 1732 1472 1808 habes
1495 1731 1635 1827 gratias
1655 1752 1730 1806 nen
1746 1731 1866 1807 solum

696 1871 860 1949 magnas,
874 1852 938 1928 sed
963 1851 1128 1949 ingentes
1152 1852 1251 1948 apud
1276 1869 1349 1946 me,
1371 1853 1512 1944 quondo
1535 1853 1640 1942 disse,
1660 1851 1751 1928 idest
1775 1851 1867 1946 peti-

696 1972 758 2066 vit,
777 1974 821 2045 lto
846 1977 881 2046 io
904 1975 1029 2065 prozie
1043 1974 1177 2063 maadi
1192 1993 1286 2064 appo
1302 1979 1357 2046 to?
1372 1973 1417 2046 Et
1433 1971 1491 2047 hie
1509 1977 1608 2064 nota,
1626 1970 1752 2065 lector,
1766 1971 1866 2065 qued

695 2093 809 2188 aliqui
834 2092 1028 2186 mirantur,
1045 2092 1121 2166 ime
1143 2092 1368 2168 calumniant
1392 2092 1530 2167 dietum
1555 2091 1706 2188 autoris,
1727 2091 1786 2166 hio
1809 2090 1865 2165 di·

695 2220 830 2306 eentes,
856 2212 955 2307 quod
980 2212 1086 2286 Thais
1112 2231 1185 2287 non
1211 2212 1296 2288 lecit
1319 2213 1425 2288 istam
1455 2212 1728 2309 responsionem
1758 2213 1866 2286 Tras-

697 2332 788 2427 soni,
806 2333 901 2408 sicut
911 2332 990 2427 jam
1009 2332 1143 2428 scripsi.
1161 2333 1214 2408 Ad
1232 2332 1330 2427 quod
1349 2334 1562 2429 respondeo,
1579 2332 1678 2427 quod
1698 2332 1793 2408 istud
1810 2338 1866 2407 est

697 2451 810 2528 rixari
834 2453 881 2528 do
906 2453 988 2527 lana
1014 2453 1161 2547 caprina
1186 2452 1294 2529 etde
1318 2453 1401 2549 lege
1425 2453 1532 2528 suffia
1554 2453 1694 2528 canina.
1716 2452 1808 2526 Nam
1835 2451 1864 2526 si

696 2573 802 2647 Thais
828 2572 953 2648 retulit
978 2571 1064 2646 istas
1087 2581 1211 2669 grates
1230 2571 1386 2647 Gnatoni
1403 2573 1538 2650 nuncio
1554 2573 1752 2666 Trassouis,
1771 2572 1865 2646 bene

698 2693 815 2789 potuit
839 2692 961 2768 dicere
984 2699 1096 2770 autor
1120 2692 1219 2786 qued
1245 2695 1412 2768 retulerit
1424 2687 1462 2786 (¹)
1489 2695 1554 2791 ipsi
1579 2693 1759 2787 Trassoni,
1778 2690 1864 2785 quia

695 2819 914 2911 procurator
939 2820 976 2888 ot
996 2813 1151 2889 nuncius
1168 2819 1223 2888 est
1239 2819 1429 2910 tamquam
1450 2816 1531 2911 pica
1548 2821 1585 2890 et
1602 2834 1784 2911 organum
1804 2831 1865 2886 re-

697 2935 818 3010 ferens
843 2933 956 3010 verba
970 2924 1008 3026 (³)
1035 2933 1182 3008 domini.
1209 2935 1253 3008 Et
1278 2935 1407 3010 ultimo
1434 2945 1544 3013 autor
1568 2935 1742 3010 terminat
1764 2931 1864 3027 capi·

697 3054 817 3128 tulum
833 3042 870 3146 (⁴)
896 3060 934 3129 et
959 3053 1151 3129 materiam
1181 3053 1288 3130 utam
1322 3054 1560 3130 concludens:
1590 3077 1609 3128 e
1640 3056 1756 3148 quinon·
1783 3055 1863 3126 siaa

695 3177 726 3247 le
749 3181 867 3248 nostre
892 3177 976 3248 nto
1003 3176 1114 3266 razio,
1139 3174 1245 3268 quasi
1274 3173 1393 3248 dicat:
1420 3173 1506 3248 satis
1531 3173 1699 3250 stetimus
1723 3173 1761 3247 in
1789 3172 1863 3246 alto

693 3301 803 3389 ponte
827 3294 874 3370 ad
901 3293 1167 3390 respiciendum
1200 3300 1236 3369 et
1266 3294 1588 3388 contemplandum
1618 3293 1714 3368 istud
1744 3291 1864 3366 lundi-

693 3436 781 3489 cum
806 3435 951 3510 magnae
964 3406 1001 3507 (⁵)
1028 3415 1218 3509 spatiariae.
1245 3415 1289 3490 Et
1313 3415 1372 3491 lric
1391 3421 1479 3490 nota
1498 3414 1717 3490 laudabilem
1738 3419 1776 3489 et
1792 3412 1863 3486 mi-

694 3533 846 3610 rabilem
872 3534 1054 3610 cantelam
1080 3535 1230 3629 autoris,
1245 3535 1308 3629 qui
1326 3541 1402 3612 tam
1422 3534 1495 3610 cito
1512 3555 1552 3608 se
1568 3533 1714 3630 expedit
1731 3535 1778 3610 de
1793 3533 1864 3608 du-

692 3657 773 3753 plici
806 3655 960 3732 meteria
990 3655 1151 3730 duarum
1186 3656 1397 3752 bulgiarum
1434 3661 1624 3749 tamquam
1660 3653 1861 3728 utilissima.

693 3779 795 3854 Sicut
811 3776 909 3852 enim
926 3797 1054 3852 sensus
1070 3777 1247 3853 abhorret
1264 3777 1349 3852 talia
1366 3776 1501 3869 videre,
1518 3775 1616 3852 undo
1634 3776 1746 3850 homo
1763 3773 1865 3850 clau·

692 3897 744 3974 dit
768 3917 877 3972 nares
901 3902 939 3974 et
964 3896 1176 3972 transvertit
1204 3897 1337 3991 visum,
1369 3896 1419 3972 ita
1449 3895 1578 3972 oculus
1611 3891 1864 3970 intellectualis

693 4018 779 4094 talia
803 4018 1016 4112 detestatur,
1042 4024 1080 4094 et
1104 4017 1176 4094 cito
1200 4016 1346 4096 divertit
1370 4017 1418 4092 ad
1443 4017 1552 4095 aliam
1578 4015 1785 4094 materiam.

753 4281 782 4348 t¹l
800 4288 853 4347 1¹⁸.
870 4285 955 4350 lmen
971 4286 999 4338 n
1014 4299 1096 4350 resno
1112 4299 1257 4350 rer-mm·

754 4363 782 4426 (¹)
798 4362 829 4414 B.
846 4363 984 4414 retulit-
995 4367 1050 4422 116,
1064 4363 1185 4414 retulerit
1201 4363 1247 4412 sibl
1263 4361 1386 4413 Truonl.

753 4437 827 4501 l'lss·
844 4439 922 4489 rerba
937 4437 1036 4490 domini
1052 4439 1100 4488 rui.
1117 4439 1160 4490 Et.
1170 4465 1201 4478 -
1211 4443 1265 4498 illl,
1283 4437 1392 4489 verbum
1409 4437 1516 4489 domini.
1533 4437 1574 4489 El.

754 4514 783 4573 l⁸l
798 4515 823 4564 il
838 4514 907 4566 irturl
922 4515 1074 4580 rapturum.
1257 4513 1287 4578 ζ’)
1306 4517 1383 4566 lite
1400 4515 1430 4568 E.
1446 4527 1569 4580 maguum
1578 4513 1720 4580 'mothrim

1145 4835 1409 4848 ffl-——ss
