4534 6842
710 911 780 977 196
1102 925 1306 981 comm
1330 925 1481 980 mmm

709 1069 867 1162 qualiter
882 1070 948 1164 iri,
974 1070 1058 1145 licet
1082 1072 1188 1147 udde
1212 1069 1418 1146 difficulter.
1441 1070 1541 1146 Sicut
1566 1089 1657 1167 ergo
1682 1091 1769 1146 cum
1797 1093 1876 1148 ma-

707 1211 781 1286 gno
795 1183 832 1284 (¹)
858 1189 991 1266 timore
1017 1199 1249 1267 recesserunt
1273 1212 1296 1266 a
1322 1198 1446 1268 turma
1474 1198 1706 1267 armatorum
1735 1192 1876 1268 daemo-

708 1311 868 1406 niorum,
888 1312 938 1386 ita
958 1332 1057 1387 nunc
1078 1332 1164 1387 cum
1182 1333 1317 1410 magno
1337 1313 1464 1388 labore
1484 1311 1661 1388 recedunt
1680 1333 1703 1388 a
1723 1315 1877 1411 collegio

710 1437 920 1528 togatorum
946 1432 1233 1528 hypocritarum,
1251 1453 1273 1508 a
1294 1432 1429 1526 quihus
1447 1431 1559 1506 etiam
1577 1439 1633 1508 est
1653 1432 1800 1508 difficile
1816 1453 1877 1509 re·

709 1552 852 1647 cedere,
864 1553 962 1648 quia,
980 1559 1021 1626 ut
1033 1553 1111 1647 jam
1129 1553 1267 1627 dictum
1289 1559 1354 1647 est,
1376 1572 1472 1648 saepe
1491 1552 1677 1648 decipiunt
1696 1553 1876 1649 sapienter

706 1681 746 1748 et
770 1675 909 1748 stultos.
936 1675 1028 1748 Nota
1054 1673 1164 1748 etiam
1191 1672 1290 1770 quod
1319 1679 1428 1748 autor
1459 1671 1561 1770 tingit
1595 1673 1741 1749 ruinam
1773 1675 1876 1749 istius

708 1794 826 1888 pontis
858 1793 961 1889 sexti,
987 1794 1119 1869 iactam
1154 1800 1319 1889 tempore
1344 1793 1471 1868 mortis
1501 1793 1643 1889 Christi,
1669 1795 1756 1888 quia
1787 1801 1875 1868 tunc

707 1913 754 1989 de
780 1914 834 1989 rei
859 1914 1012 1989 veritate
1036 1913 1198 2011 gravitm
1228 1914 1303 1988 ruit
1335 1920 1451 1989 status
1482 1919 1519 2003 et
1543 1920 1641 1988 secta
1667 1914 1875 2010 hypocrita-

709 2055 806 2129 rum,
831 2035 926 2109 sicut
945 2035 1024 2129 jam
1049 2035 1166 2130 patuit
1182 2035 1219 2108 in
1239 2035 1458 2130 precedenti
1475 2035 1633 2130 capitulo
1653 2034 1700 2109 dc
1716 2035 1875 2130 Caypha,

707 2155 810 2230 Anna
836 2160 874 2230 et
898 2153 1039 2230 ceteris
1065 2155 1324 2231 sacerdotibus.
1339 2195 1389 2210 -
1402 2159 1482 2229 Non
1501 2177 1576 2228 era.
1598 2156 1663 2230 Hic
1679 2162 1789 2230 autor
1810 2154 1876 2230 de·

707 2275 841 2369 scripto
865 2275 1015 2350 consilio
1041 2281 1078 2350 et
1102 2275 1239 2350 auxilio
1264 2275 1401 2371 Virgilii
1426 2275 1524 2350 circa
1554 2295 1748 2350 ascensum
1773 2275 1876 2350 istius

708 2396 836 2490 ruinae,
871 2415 969 2469 nnnc
1002 2395 1173 2470 describit
1201 2395 1452 2472 difficultatem
1483 2395 1595 2490 ipsius
1627 2415 1813 2489 ascensus,
1839 2400 1876 2470 et

707 2535 919 2610 aseensum;
945 2515 1030 2590 dicit
1055 2536 1146 2613 ergo
1170 2516 1312 2610 primo:
1339 2537 1411 2590 neo
1439 2537 1504 2589 era
1534 2519 1592 2590 m'n
1623 2518 1672 2589 du
1697 2519 1815 2590 vestio
1839 2516 1877 2587 di
1985 2515 1990 2522 '

707 2659 821 2731 cappa
832 2665 848 2733 ,-
873 2639 944 2712 hoc
977 2635 1061 2711 dicit
1093 2644 1242 2731 propter
1276 2637 1480 2733 hypocritas
1517 2636 1714 2712 existentes
1746 2636 1783 2710 in
1815 2633 1876 2708 iila

707 2757 831 2855 huigia
856 2757 1032 2832 habentes
1057 2775 1190 2852 cappas
1206 2756 1412 2852 plumbatas
1427 2748 1486 2850 (¹);
1504 2763 1542 2831 et
1560 2757 1655 2832 hene
1674 2755 1771 2849 dicit,
1789 2754 1875 2848 quia

707 2879 737 2952 si
761 2877 906 2953 difficile
930 2884 1011 2953 erat
1036 2877 1112 2952 istis
1135 2877 1359 2973 sapientibus
1384 2879 1558 2953 recedere
1588 2879 1637 2952 ah
1667 2875 1874 2973 hypocritis,

706 3005 845 3093 quanto
870 2998 998 3073 iortius
1023 3005 1104 3074 erat
1127 2998 1273 3074 difficile
1291 2997 1486 3093 hypocritis
1504 2996 1679 3073 recedere
1703 3017 1726 3070 a
1750 2995 1875 3092 belgia

706 3119 785 3213 ista,
799 3117 874 3193 imo
890 3129 971 3196 erat
987 3118 1217 3214 impossihile,
1231 3118 1318 3212 quia
1335 3118 1429 3192 sicut
1444 3117 1650 3192 baratarius
1667 3135 1872 3210 numquam

705 3245 823 3334 potest
847 3240 972 3314 invare
986 3230 1023 3332 (³)
1053 3259 1140 3315 sea
1170 3239 1260 3334 pice,
1286 3237 1336 3313 ita
1360 3237 1549 3334 hypocrita
1575 3256 1780 3332 numquam
1805 3255 1875 3330 po·-

707 3341 776 3434 test
801 3357 955 3454 spoliare
981 3379 1021 3434 se
1045 3379 1169 3454 cappa.
1187 3358 1239 3433 illi
1257 3377 1348 3454 ergo
1365 3357 1568 3433 tardissime
1585 3357 1792 3433 incedentes
1809 3375 1876 3451 per

705 3479 804 3553 viam
829 3479 976 3573 pinnam
1002 3479 1104 3553 nullo
1129 3479 1239 3553 modo
1263 3478 1465 3574 potuissent
1486 3476 1686 3552 ascendere
1703 3477 1800 3552 viam
1821 3476 1875 3550 al·

705 3605 794 3693 tam,
819 3618 1012 3694 asperam3
1038 3604 1076 3673 et
1099 3600 1169 3674 hoc
1192 3600 1335 3694 prohat,
1359 3599 1446 3692 quia
1470 3598 1536 3693 ipsi
1561 3598 1661 3674 leves
1686 3597 1747 3674 vir
1772 3607 1877 3692 pote·

706 3725 790 3792 rant
813 3719 1012 3793 ascendere
1037 3738 1122 3792 cnm
1149 3718 1277 3793 labore
1301 3719 1413 3792 animi
1439 3725 1477 3793 et
1501 3718 1682 3814 corporis3
1699 3717 1799 3793 unde
1820 3716 1876 3792 di-

706 3837 773 3912 cit:
799 3834 861 3911 cte*
882 3841 955 3928 noi,
980 3837 1116 3913 scilicet
1139 3839 1225 3933 duo,
1247 3841 1379 3931 rilem,
1397 3838 1499 3934 idest,
1517 3839 1593 3935 ipse
1610 3838 1793 3935 Virgiiins,
1811 3835 1875 3932 qni

705 3964 787 4032 crat
810 3957 889 4032 sine
912 3959 1094 4055 gravitate
1118 3959 1335 4054 eorporiset
1356 3957 1626 4054 ponderositate
1642 3958 1774 4051 earnis,
1793 3964 1826 4030 et
1839 3958 1875 4030 io

704 4081 872 4170 sospinto,
898 4077 1001 4174 idest,
1022 4100 1173 4154 sursum
1199 4078 1564 4180 impulsusmanihus
1589 4084 1627 4153 et
1652 4076 1876 4152 exhortatio-

705 4198 813 4274 nibus
838 4198 986 4294 Virgilii,
1012 4201 1117 4294 quasi
1141 4199 1248 4295 dicat,
1270 4201 1335 4295 qui
1360 4220 1463 4275 eram
1490 4200 1600 4276 etiam
1626 4199 1727 4274 levis·
1742 4217 1875 4294 quam·

705 4317 759 4392 vis
784 4337 903 4394 essem
928 4340 1016 4394 curn
1045 4339 1168 4413 carne,
1194 4319 1281 4414 quia
1315 4339 1418 4395 eram
1450 4320 1529 4394 sine
1558 4339 1684 4414 cappa,
1715 4319 1809 4394 sicut
1837 4323 1875 4393 et

705 4436 886 4532 Virgilius,
912 4445 951 4512 et
974 4458 1077 4514 eram
1103 4439 1287 4514 animatus
1309 4439 1458 4514 consilio
1482 4445 1520 4513 et
1544 4438 1681 4514 auxilio
1701 4439 1792 4534 cius,
1807 4459 1875 4532 po-

705 4564 816 4630 tcoam
840 4565 982 4630 mentor
1005 4580 1059 4651 su,
1085 4558 1220 4635 scilicet
1245 4580 1312 4655 per
1337 4559 1406 4635 ista
1431 4579 1520 4636 sara
1546 4560 1707 4654 ruinosa,
1726 4581 1751 4632 a
1765 4579 1874 4654 pern,

704 4677 807 4772 idest,
832 4699 919 4754 cum
944 4678 1168 4775 difficultate,
1194 4683 1232 4755 di
1259 4683 1409 4775 chiappa
1437 4684 1476 4754 in
1505 4683 1669 4774 cidoppa,
1700 4679 1802 4775 idest,
1828 4679 1875 4754 de

704 4797 821 4898 lapide
838 4799 875 4874 in
892 4799 1058 4897 lapidem.
1073 4801 1117 4875 Et
1134 4808 1189 4876 est
1205 4802 1332 4896 pulcra
1352 4803 1587 4898 metaphora3
1605 4801 1757 4897 chiappa
1774 4799 1873 4876 enim

765 5059 794 5126 (⁸)
810 5061 840 5114 R
856 5076 951 5130 magno
965 5065 1055 5120 labora
1069 5071 1097 5119 ct
1113 5067 1216 5119 timore.
1295 5065 1322 5128 (¹)
1338 5065 1370 5116 Β.
1385 5063 1528 5130 prmum
1607 5061 1676 5128 ωδ.
1692 5061 1789 5114 iurare.
