4606 6840
707 962 779 1029 254
1103 969 1306 1026 COMENTUM
1330 971 1481 1026 tunnam

707 1117 780 1191 mal
805 1117 925 1192 luerat
950 1117 1073 1210 bomo,
1103 1121 1140 1192 et
1172 1135 1271 1191 nunc
1296 1115 1430 1191 iterum
1460 1115 1707 1192 renovabatur
1735 1115 1772 1190 in
1804 1117 1873 1192 bo-

704 1237 853 1312 minem.
879 1236 968 1311 Erat
1000 1235 1098 1311 enim
1130 1233 1309 1311 Guercius
1338 1234 1385 1311 de
1413 1235 1702 1330 cavalcantibus,
1738 1242 1776 1310 et
1805 1236 1872 1310 iste

703 1357 816 1432 bomo
830 1348 868 1449 (⁴)
901 1355 1023 1431 luerat
1053 1374 1213 1451 serpens,
1249 1361 1287 1431 et
1318 1373 1416 1430 nunc
1448 1355 1585 1431 iterum
1623 1354 1873 1431 renovabatur

703 1477 751 1554 ad
775 1477 933 1552 formam
959 1475 1224 1571 serpentinam3
1251 1476 1453 1552 eratenim
1483 1476 1612 1552 Bosius
1641 1477 1688 1552 de
1712 1475 1899 1550 bonatis·

704 1596 796 1672 Dicit
820 1616 931 1693 ergo:
950 1598 1029 1689 praet
1042 1597 1102 1671 cle
1117 1599 1254 1688 ptocea
1270 1595 1417 1691 scilicet,
1434 1596 1564 1671 Rosius
1580 1595 1644 1691 qui
1663 1594 1775 1672 tiebat
1791 1615 1873 1670 ser·

704 1737 794 1813 pens
818 1736 885 1812 per
909 1715 1129 1812 oppositum,
1146 1719 1265 1790 caedo
1288 1719 1315 1790 u
1338 1737 1437 1791 muso
1460 1719 1596 1809 iuuant,
1620 1717 1723 1808 idest,
1742 1721 1873 1792 exten-

704 1837 755 1912 dit
780 1836 817 1910 in
842 1836 994 1933 longum
1020 1856 1061 1910 os
1085 1835 1133 1911 ad
1157 1835 1308 1912 modum
1335 1837 1523 1933 serpentis,
1549 1858 1569 1910 e
1598 1839 1705 1911 ήιίνα
1736 1839 1872 1910 l'orec-

703 1959 776 2030 obis
801 1977 870 2049 per
901 1959 937 2030 lo
967 1963 1065 2046 unm,
1095 1955 1197 2050 idest,
1228 1956 1382 2031 retraxit
1414 1977 1525 2032 aures
1556 1957 1747 2052 humanas,
1778 1975 1871 2049 quas

704 2077 863 2153 babebat
887 2084 1004 2172 extra,
1030 2077 1126 2153 intra
1151 2083 1272 2173 caput.
1298 2077 1342 2150 Et
1366 2076 1527 2154 declarat
1543 2078 1614 2153 boc
1630 2097 1695 2173 per
1720 2097 1870 2173 compa-

705 2197 885 2272 rationem
910 2197 1049 2272 claram
1066 2187 1116 2292 (³),
1142 2196 1288 2272 dicens:
1315 2215 1410 2270 conte
1435 2200 1470 2270 lu
1496 2200 1665 2272 tomacula
1690 2199 1721 2271 le
1744 2217 1868 2272 coroa

703 2317 749 2390 Et
779 2317 838 2391 bic
871 2323 958 2391 nota
989 2316 1089 2412 quod
1123 2316 1349 2411 comparatio
1379 2322 1433 2392 est
1464 2315 1570 2392 valde
1600 2317 1757 2412 propria,
1783 2316 1870 2412 quia

704 2436 815 2512 limax
847 2435 929 2512 ideo
963 2437 1015 2512 sic
1048 2443 1213 2532 vocatur,
1248 2437 1336 2532 quia
1369 2437 1407 2510 in
1434 2437 1522 2512 limo
1535 2427 1573 2530 (³)
1608 2443 1809 2534 generatur
1833 2443 1872 2514 el

704 2557 879 2652 nutritur,
904 2563 944 2632 et
968 2556 1049 2632 talis
1074 2563 1129 2632 est
1153 2557 1214 2631 lur
1239 2557 1302 2650 qui
1328 2566 1455 2652 sponte
1480 2557 1520 2630 lit
1543 2577 1693 2652 serpens
1717 2569 1755 2635 et
1780 2557 1874 2652 repit

704 2696 771 2771 per
797 2682 958 2770 terram3
985 2676 1099 2752 limax
1124 2676 1213 2753 latet
1236 2677 1382 2773 hyeme,
1402 2695 1492 2753 vere
1521 2677 1608 2770 exit,
1637 2677 1687 2751 ita
1716 2677 1784 2752 iste
1812 2677 1872 2752 ior

704 2796 793 2872 latet
817 2797 993 2893 quamdiu
1019 2805 1074 2872 est
1099 2817 1259 2892 serpens,
1278 2796 1353 2872 exit
1376 2816 1467 2873 vero
1487 2797 1774 2893 quando'incipit
1792 2797 1872 2874 fieri

705 2916 841 3010 bomo,
873 2917 984 2992 limax
1015 2917 1151 2992 animal
1189 2915 1358 2992 timidum
1396 2916 1517 2992 statim
1547 2937 1633 2992 cum
1665 2918 1773 2994 sentit
1803 2918 1871 2994 ali-

704 3037 792 3132 quid
819 3038 971 3115 retrahit
995 3058 1035 3113 se
1060 3039 1155 3113 intra
1180 3037 1344 3132 domum,
1369 3037 1420 3112 ita
1447 3043 1484 3112 et
1508 3037 1569 3112 ior
1593 3037 1713 3115 statim
1740 3059 1780 3113 se
1805 3059 1868 3114 oc·

703 3146 879 3252 cultatd).
893 3163 987 3232 -E
1011 3160 1048 3231 tu
1072 3161 1202 3250 domm.
1227 3156 1292 3232 llic
1316 3162 1425 3232 autor
1441 3156 1612 3232 describit
1628 3157 1868 3234 mutationem

703 3279 839 3377 linguae
863 3279 901 3353 in
927 3285 1096 3374 utroque,
1122 3279 1268 3354 dicens:
1294 3299 1314 3351 c
1342 3281 1379 3351 lu
1409 3281 1529 3369 ἱίηριω
1560 3281 1611 3352 clt'
1624 3299 1713 3352 aveo
1732 3283 1868 3372 mmo,

702 3399 793 3474 dum
818 3406 913 3474 esset
937 3400 1060 3492 bomo,
1086 3401 1183 3473 onitu
1206 3419 1226 3471 e
1246 3405 1367 3490 presta
1391 3399 1580 3490 apertur,
1604 3401 1636 3470 si
1657 3401 1772 3492 scum,
1798 3397 1869 3474 sci-

703 3520 788 3596 licet
807 3519 843 3592 in
861 3517 952 3594 duas
976 3524 1111 3614 partes,
1127 3517 1214 3612 quia
1235 3537 1383 3612 serpens
1400 3517 1511 3593 babet
1527 3518 1690 3614 linguam
1708 3519 1869 3613 scissam,

703 3647 741 3715 et
766 3645 952 3733 econtra,
977 3660 996 3711 e
1020 3642 1057 3712 lo
1078 3642 1233 3734 sucum,
1266 3636 1369 3733 idest,
1399 3637 1526 3735 lingua
1555 3640 1731 3735 serpentis
1754 3639 1871 3713 bilur-

704 3767 797 3855 cata,
828 3761 1052 3851 amatodo,
1085 3757 1187 3852 idest,
1221 3756 1261 3832 tit
1290 3758 1403 3852 unita,
1429 3779 1473 3831 oe
1502 3761 1644 3852 idco,
1673 3759 1808 3835 scilicet
1833 3759 1870 3832 in

668 3977 671 3984 Ι
705 3884 884 3977 serpente.
911 3881 955 3954 Et
979 3878 1037 3954 bic
1062 3886 1148 3953 nota
1173 3877 1273 3973 quod
1297 3877 1409 3973 aliqui
1434 3877 1570 3974 dicunt,
1596 3878 1695 3974 quod
1721 3898 1871 3976 serpens

704 4000 750 4076 de
780 4000 834 4076 rei
867 4000 1021 4076 veritate
1053 4018 1126 4073 non
1156 3998 1266 4074 babet
1295 3998 1459 4095 linguam
1492 3997 1651 4093 scissam,
1686 3998 1750 4075 sed
1783 4019 1870 4075 cum

704 4127 805 4196 taum
839 4119 1025 4196 celeritate
1059 4124 1183 4194 movet
1214 4118 1326 4214 illam,
1357 4117 1456 4213 quod
1489 4118 1647 4194 videtur
1663 4117 1796 4214 duplex
1811 4110 1869 4213 (⁵);

705 4246 829 4315 tamen
846 4240 982 4315 Plinius
998 4245 1036 4314 et
1052 4237 1221 4313 albertus
1235 4258 1391 4334 magnus
1403 4237 1528 4312 dicunt
1543 4236 1642 4331 quod
1660 4238 1722 4333 sic,
1738 4257 1872 4332 quam·

703 4360 758 4435 ris
783 4358 973 4436 moraliter
996 4357 1179 4454 loquendo
1205 4357 1346 4432 nullum
1372 4358 1509 4432 animal
1537 4365 1592 4434 est
1616 4357 1778 4456 bilingue
1804 4357 1870 4434 nisi

702 4480 802 4553 solus
826 4480 951 4572 bomo,
976 4485 1014 4553 et
1042 4477 1247 4554 concludit:
1278 4478 1311 4551 et
1336 4481 1436 4571 sunm
1468 4486 1577 4570 resta,
1607 4479 1709 4574 idest,
1741 4484 1869 4555 cessat.

701 4600 773 4675 Per
797 4601 868 4675 boc
892 4597 1011 4674 innuit
1034 4597 1134 4695 quod
1159 4599 1340 4694 completa
1369 4605 1449 4675 erat
1475 4599 1756 4696 transformatio,
1783 4599 1870 4695 quia

763 4865 791 4928 (¹)
806 4865 832 4916 s.
849 4864 928 4916 bomo
943 4863 1006 4916 nlius
1022 4864 1115 4918 luerut.
1302 4864 1330 4930 (η
1346 4865 1377 4916 E.
1393 4865 1562 4918 clarissimum
1578 4866 1610 4917 dc
1626 4877 1662 4928 se,
1679 4865 1716 4916 sic
1732 4867 1846 4917 dicem·

763 4941 791 5006 (¹)
806 4942 837 4993 E.
852 4942 916 4992 limo
931 4943 1072 4994 enutritur.

764 5019 792 5082 (⁸)
809 5021 862 5079 llo,
878 5019 1001 5078 mantnt.
1018 5020 1097 5071 limax
1112 5019 1189 5071 babet
1205 5019 1257 5071 duo
1273 5031 1372 5072 cornua
1388 5019 1483 5081 brevia,
1500 5019 1552 5070 duo
1563 5018 1723 5084 longa—li
1736 5019 1762 5070 lo
1773 5019 1870 5082 lupun.

766 5095 794 5158 (¹)
809 5096 840 5147 E.
856 5095 951 5160 duplex
967 5097 1067 5162 lingum
1084 5103 1178 5150 tumen.
