4606 6840
751 965 888 1022 nonnus
912 968 1103 1024 mammos
1127 967 1270 1023 snxnns.
1512 957 1581 1024 271

420 1118 620 1186 convocato
630 1103 665 1202 (¹)
677 1112 845 1206 lsrabele,
860 1121 1080 1188 convocaret
1096 1114 1382 1211 quadringentos
1403 1115 1586 1208 quinqua-

419 1231 519 1328 ginta
544 1231 653 1306 falsos
677 1234 870 1327 propbetas
888 1233 924 1306 in
945 1240 1070 1308 monte
1095 1234 1271 1329 Carmeli3
1285 1255 1361 1328 quo
1385 1234 1480 1309 lacto
1498 1253 1585 1308 con-

420 1353 520 1428 venit
537 1371 623 1426 cum
642 1351 709 1426 illis
726 1353 916 1427 utbovem
936 1353 1097 1428 occisum
1115 1365 1293 1449 ponerent
1314 1375 1428 1450 snper
1445 1360 1591 1432 struem.

420 1472 617 1568 lignorum,
644 1477 680 1544 et
710 1472 786 1566 ipse
811 1472 975 1547 similiter
1000 1481 1151 1568 poneret
1176 1474 1289 1548 alium
1316 1475 1467 1567 bovem3
1495 1480 1533 1547 et
1546 1463 1583 1566 (²)

421 1611 508 1666 cum
522 1590 570 1664 illi
588 1593 774 1686 prophetat
787 1591 849 1666 dib
867 1592 1096 1668 invocassent
1113 1615 1249 1668 nomen
1270 1595 1335 1669 llei
1351 1594 1407 1668 sui
1425 1593 1586 1668 inciden-

422 1717 477 1786 tes
501 1730 542 1785 se
566 1712 718 1785 cultellis
744 1719 782 1786 et
805 1713 976 1787 lanceolis
987 1703 1023 1804 (³)
1045 1714 1151 1808 juxta
1178 1733 1319 1790 morem
1342 1734 1486 1808 eorum,
1514 1734 1588 1788 non

420 1831 572 1907 luerunt
605 1831 776 1907 exauditi.
808 1833 945 1908 Deinde
977 1833 1072 1908 Elias
1101 1834 1220 1909 oravit
1244 1835 1290 1908 ad
1311 1835 1524 1928 bominum,
1551 1841 1587 1910 ct

422 1951 595 2028 continuo
620 1953 803 2028 descendit
828 1953 919 2048 ignis
944 1953 1089 2028 Domini
1114 1953 1160 2028 de
1185 1955 1278 2028 coelo
1304 1954 1367 2047 qui
1392 1956 1535 2029 voravit
1550 1944 1586 2047 (ὗ)

358 2097 361 2102 ·
423 2093 584 2166 cannam,
616 2073 712 2169 ligna
743 2079 779 2146 et
808 2073 942 2147 omnia.
975 2075 1052 2146 Hoc
1087 2074 1181 2148 lacto
1214 2074 1309 2148 Elias
1334 2095 1418 2148 cum
1445 2089 1588 2170 ‘magno

423 2194 586 2268 clamore
619 2200 655 2267 et
687 2193 814 2268 lavone
848 2193 970 2287 populi
1004 2193 1088 2267 lecit
1121 2193 1200 2287 capi
1233 2213 1362 2268 omnes
1395 2196 1589 2290 propbetas

425 2313 710 2407 quadringentos
730 2312 1005 2407 quinquaginta,
1023 2318 1061 2386 et
1078 2312 1157 2386 illos
1177 2319 1311 2387 tractos
1331 2314 1368 2388 in
1390 2320 1590 2389 torrentem

426 2433 533 2507 Cison
558 2431 736 2508 interiecit
760 2452 899 2524 omnes,
917 2432 966 2504 ita
989 2432 1087 2525 quod
1106 2452 1202 2506 unus
1219 2454 1292 2507 non
1313 2434 1445 2528 evasit3
1463 2434 1593 2510 deinde

427 2552 584 2628 restituit
608 2553 768 2647 pluviam
792 2557 867 2628 tam
889 2551 951 2626 diu
969 2558 1198 2646 expectatam
1217 2559 1254 2627 et
1270 2553 1485 2649 denegatam
1507 2575 1593 2648 pro-

429 2678 510 2766 pter
535 2677 724 2766 peccatum
742 2663 778 2763 (⁵)
811 2670 996 2776 idolatriae.
1030 2673 1132 2744 Tunc
1160 2672 1305 2746 lezabel
1335 2672 1460 2768 regina
1496 2694 1591 2748 uxor

429 2791 551 2866 Achab
565 2781 616 2884 (⁶),
640 2790 764 2865 audita
790 2796 910 2864 morte
934 2791 1209 2885 prophetarum,
1221 2790 1361 2885 juravit
1378 2793 1476 2885 quod
1494 2793 1592 2868 lace-

428 2917 485 2985 ret
509 2910 625 2984 simile
649 2911 695 2984 de
720 2911 812 3004 Elia3
837 2917 985 3005 propter
1010 2911 1108 3004 qnod
1133 2911 1237 3004 Elias,
1256 2911 1387 2986 cedens
1413 2912 1528 2986 lunoni
1555 2921 1592 2988 et

426 3031 534 3104 minis
560 3031 696 3126 reginae
721 3031 835 3125 iratae,
862 3030 1010 3106 recessit
1035 3032 1143 3126 longe
1160 3031 1196 3104 in
1213 3031 1410 3126 desertum,
1437 3032 1496 3106 cni
1517 3034 1590 3108 llo—

427 3151 548 3226 minus
572 3151 753 3247 praecepit,
780 3159 821 3226 ut
845 3152 1039 3247 inungeret
1053 3141 1089 3242 (⁷)
1115 3152 1274 3226 Eliseum
1300 3152 1337 3225 in
1362 3154 1588 3246 prophetam.

426 3269 565 3344 Eliseus
580 3259 617 3362 (⁸)
642 3271 689 3344 de
716 3271 840 3346 Abella
869 3271 1038 3347 inventus
1062 3290 1171 3344 arare
1204 3277 1353 3363 tenram,
1379 3277 1517 3346 tractus
1542 3271 1589 3344 ab

426 3395 551 3464 aratro
580 3410 644 3483 per
673 3390 789 3464 Eliam
822 3396 969 3465 secutus
1004 3403 1059 3467 est
1092 3410 1179 3465 eum
1211 3396 1248 3465 et
1283 3390 1511 3468 ministrabat
1543 3391 1588 3466 ei.
1696 3397 1699 3404 '

427 3511 571 3584 Mortuo
596 3515 720 3583 autem
748 3510 872 3584 Achab
895 3509 933 3582 in
959 3510 1083 3604 praelio
1109 3511 1275 3607 regnavit
1300 3512 1474 3586 chozias
1499 3511 1594 3584 lilius

429 3630 508 3704 eius
533 3650 599 3724 pro
624 3649 670 3704 eo
695 3630 732 3704 in
757 3630 892 3705 lsrabel
917 3629 1062 3704 dnobus
1078 3631 1193 3725 annis,
1212 3637 1249 3705 et
1268 3630 1352 3706 lecit
1374 3633 1511 3706 malum
1530 3651 1594 3705 co-

430 3771 509 3824 ram
536 3749 708 3824 nonno:
727 3755 807 3843 post
824 3769 935 3842 quem
955 3750 1120 3846 regnavit
1140 3751 1256 3844 Moab,
1277 3751 1339 3845 qui
1357 3751 1446 3825 dum
1472 3771 1592 3848 aegno-

431 3874 525 3943 taret
558 3869 724 3942 mittebat
757 3869 904 3942 nuntios
937 3889 1024 3943 suos
1054 3876 1096 3942 ut
1125 3872 1358 3945 consulerent
1390 3871 1596 3946 Belzebucb

431 3989 541 4063 deum
567 3988 747 4082 nicharon,
773 3988 800 4061 si
832 3993 974 4082 poterat
1003 3988 1161 4064 evadere
1193 3990 1241 4062 ab
1273 3990 1481 4064 infirmitate
1514 4011 1593 4064 sua.

432 4109 526 4185 Elias
546 4115 670 4184 autem
689 4108 735 4184 ad
752 4115 974 4203 pnaeoeptnm
1001 4109 1120 4204 angeli
1146 4108 1288 4183 bomini
1314 4110 1378 4185 ivit
1402 4111 1439 4184 in
1464 4131 1596 4186 occur-

432 4250 514 4324 sum
545 4229 690 4322 nuntiis,
721 4236 758 4304 et
785 4248 947 4324 arguens
982 4247 1045 4304 eos
1074 4226 1164 4302 dixit
1178 4219 1239 4320 (ῆι
1272 4249 1393 4304 nonne
1418 4237 1474 4304 est
1498 4231 1599 4306 Deus,

432 4351 469 4424 in
494 4348 657 4424 lsnabelt
684 4369 756 4422 non
780 4347 975 4423 descendet
992 4368 1056 4422 rex
1076 4354 1197 4423 vester
1221 4347 1268 4422 de
1291 4347 1437 4443 lectulo,
1462 4349 1525 4424 sed
1541 4341 1592 4442 (¹⁰)

493 4617 520 4677 (¹)
537 4621 591 4676 tlt,
609 4622 765 4681 magnentio
782 4618 897 4669 lsrabele
913 4620 1084 4681 congregaret
1100 4620 1146 4666 tto
1162 4617 1302 4680 propbetas
1319 4616 1405 4670 salsos.

494 4693 521 4756 (¹)
538 4694 568 4746 tt.
585 4700 613 4746 et
628 4699 691 4746 tnnc
707 4709 768 4746 cum
785 4695 832 4746 illi.
1102 4693 1129 4758 Γ)
1146 4694 1177 4745 Ε.
1193 4694 1297 4746 lanceis.

495 4769 845 4830 vindemiantium.
1102 4769 1129 4830 (¹)
1145 4769 1176 4820 E.
1193 4774 1306 4833 peccata.

494 4845 520 4908 (⁸)
537 4846 568 4897 lt
583 4847 654 4898 illius
670 4846 770 4898 Achab.
1104 4845 1132 4910 (Ἴ)
1148 4846 1173 4897 S.
1190 4851 1308 4911 ungant.

495 4921 522 4984 (¹)
540 4927 594 4982 tlt.
611 4923 713 4975 Ellaem
728 4937 792 4988 crgo
807 4925 935 4976 incantus.

495 4997 522 5062 (l)
538 4999 569 5050 E.
585 4999 649 5050 dixit
668 5001 722 5050 ets:
745 5014 842 5052 numne
862 5001 932 5052 llam
951 5006 991 5052 att
1006 5001 1032 5052 in
1048 5000 1138 5060 lsrael,
1153 5004 1185 5051 nt
1199 5000 1338 5052 comiato
1354 5001 1440 5052 baum
1456 4999 1599 5050 Acbmont

435 5080 571 5140 montem
587 5091 640 5128 non
655 5077 800 5129 descendat.
1091 5076 1129 5138 (¹⁸)
1145 5076 1170 5126 S.
1186 5078 1231 5130 ted
1246 5078 1384 5130 moriatur.
