4498 6836
788 979 928 1036 ornus
953 973 1179 1032 morsurus.
1227 925 1228 928 ‘
1495 962 1565 1029 421

393 1119 483 1215 quia
507 1120 656 1198 Ovidius
681 1124 827 1200 videtur
850 1124 984 1218 dicere,
999 1120 1098 1217 quod
1117 1119 1280 1214 Hecuba,
1297 1119 1448 1194 veniens
1472 1117 1518 1193 ad
1529 1112 1567 1210 (¹)

396 1240 482 1316 litus
506 1261 574 1337 pro
604 1263 702 1338 aqua
725 1243 773 1318 ad
804 1243 1002 1319 lavandum
1036 1261 1170 1336 corpus
1197 1239 1405 1336 Polyxena,
1432 1237 1569 1333 reperit

395 1379 530 1455 corpus
554 1361 723 1457 Polydori
747 1363 930 1459 appulisse
953 1360 1001 1438 od
1025 1360 1134 1434 litus:
1160 1358 1207 1434 de
1231 1359 1300 1434 islo
1324 1357 1505 1455 Polydoro
1531 1365 1569 1433 et

395 1479 547 1558 deeius
571 1481 860 1557 mortedicelur
888 1482 1031 1579 plenius
1060 1479 1270 1576 Purgalorii
1301 1479 1459 1574 capitulo
1489 1477 1568 1571 xx,

394 1599 461 1675 ubi
484 1605 594 1675 autor
624 1599 732 1676 dicit:
768 1605 965 1676 Polineslor
995 1604 1177 1675 olr'onoise
1210 1601 1391 1674 Policloro.
1418 1599 1461 1672 Et
1486 1599 1569 1692 hoc,

396 1719 491 1813 dico,
507 1719 637 1796 accidit
660 1719 708 1796 de
731 1722 893 1818 Hecuba,
911 1725 1054 1815 wando
1071 1725 1271 1815 infortuna
1290 1723 1384 1794 volso
1403 1723 1441 1794 io
1466 1719 1570 1792 bosso

397 1843 571 1916 follem
595 1843 649 1916 de'
660 1844 778 1916 boian
803 1845 864 1916 clo
886 1849 970 1917 balo
989 1845 1133 1934 ordlon,
1150 1840 1253 1934 idest,
1270 1840 1421 1915 deduxit
1438 1839 1475 1913 in
1493 1839 1571 1912 rui-

399 1982 484 2035 nam
509 1961 623 2036 altam
648 1963 859 2058 superbiam
882 1963 1123 2056 lroianorum,
1143 1961 1189 2036 de
1209 1980 1284 2055 qua
1306 1960 1449 2036 dicetur
1465 1958 1572 2055 plene

398 2081 605 2177 Purgalorii
630 2083 789 2178 capitulo
814 2084 889 2177 llll,
916 2082 983 2156 ibi:
1009 2085 1142 2155 Vedeon
1161 2085 1268 2156 linio
1292 2085 1328 2154 in
1355 2101 1476 2155 omero
1498 2082 1574 2153 oio

398 2221 558 2274 coverne.
584 2202 629 2276 El
654 2221 744 2277 rere
768 2202 917 2277 fortuna
947 2202 1107 2276 mullum
1141 2200 1319 2296 depressit
1350 2200 1462 2275 allam
1494 2200 1574 2296 glo-

400 2319 495 2396 riam
520 2319 763 2416 troianorum,
786 2314 817 2394 si
841 2323 901 2394 ele
916 2324 944 2395 'l
965 2341 1007 2394 re
1027 2325 1068 2415 sn
1096 2341 1198 2395 rosso
1226 2322 1347 2394 insiem
1370 2321 1427 2392 col
1449 2339 1571 2410 renuo.

401 2439 501 2516 Solet
529 2439 629 2514 enim
648 2459 746 2536 saepe
770 2440 939 2516 accidere
963 2441 1074 2536 quod,
1100 2460 1190 2538 rege
1219 2446 1361 2515 cassato
1393 2445 1430 2514 et
1460 2440 1574 2536 depo·

401 2559 483 2654 sito,
515 2579 675 2654 regnum
715 2568 884 2636 remanet
914 2561 1115 2657 integrum,
1146 2561 1231 2635 licei
1262 2559 1505 2634 transferatur
1536 2559 1574 2633 in

401 2677 528 2771 alium,
553 2679 647 2754 sicut
670 2681 788 2774 patuit
815 2679 853 2754 in
867 2672 903 2774 (ἢ
935 2681 1133 2775 Tarquinio
1162 2681 1321 2777 superbo
1353 2680 1506 2774 expulso
1536 2685 1575 2754 el

401 2798 500 2872 mille
524 2798 612 2874 aliis.
640 2799 704 2875 llic
726 2806 871 2895 aulem,
897 2801 1105 2877 miserabile
1129 2801 1240 2895 dictu,
1268 2821 1345 2895 rex,
1372 2799 1510 2897 regina,
1537 2807 1576 2874 et

400 2923 476 2992 iola
507 2917 614 3012 stirps
647 2919 748 3016 regia
780 2919 890 2994 simul
921 2941 1008 2995 enm
1042 2940 1159 3017 regno
1185 2919 1411 2995 deiecerunt.
1429 2957 1479 2974 -
1498 2923 1571 2992 llo.

400 3038 505 3111 Nunc
518 3028 555 3129 (³)
581 3045 692 3113 anlor
716 3040 873 3134 applicat
898 3040 944 3114 ad
970 3040 1197 3134 propositum
1215 3037 1407 3136 praediclos
1429 3038 1576 3113 lurores

401 3162 443 3230 ul
468 3156 575 3232 eolat
600 3157 913 3252 eomparalionem
932 3178 1048 3254 quam
1067 3158 1236 3252 intendil3
1255 3164 1293 3232 et
1309 3157 1395 3231 dicit
1413 3157 1578 3232 breviter

403 3275 502 3368 quod
515 3283 648 3350 neuter
660 3276 822 3350 duorum
835 3277 1006 3353 lurorom
1024 3276 1297 3373 predictorum,
1314 3277 1452 3350 scilicet
1464 3277 1579 3351 Atho·

404 3395 538 3470 maniis
557 3395 687 3470 nobilis
704 3397 865 3492 thebani,
882 3405 921 3472 el
941 3398 1102 3472 Hecubae
1120 3397 1249 3473 nobilis
1270 3397 1424 3471 troianoe
1441 3396 1510 3469 luit
1529 3395 1579 3468 si·
1688 3482 1692 3494 ,

404 3514 499 3590 milis
523 3514 651 3608 lurori,
677 3535 789 3608 quem
808 3535 908 3591 nnnc
928 3517 1017 3594 vidit
1041 3518 1078 3592 in
1103 3517 1249 3592 duobus
1267 3516 1453 3612 spiritibus
1475 3515 1580 3590 nobi-

403 3634 500 3710 libus
515 3634 633 3712 allero
650 3634 797 3729 lomina,
815 3637 933 3712 allero
950 3636 1133 3732 masculo,
1150 3638 1267 3714 altero
1283 3637 1447 3731 antiquo,
1462 3635 1579 3710 allero

404 3754 608 3848 modern03
633 3755 719 3830 dicit
743 3775 857 3852 ergo:
884 3777 944 3830 mn
968 3751 1013 3830 ni
1032 3761 1126 3851 [saie
1150 3761 1189 3831 dl
1217 3759 1315 3849 Tele,
1331 3756 1426 3832 sieut
1446 3755 1579 3852 praedi·

403 3883 473 3950 nte
497 3880 536 3946 el
558 3874 641 3948 aliae
666 3876 792 3948 molta
823 3896 909 3970 quae
937 3877 1088 3950 luerunt
1116 3877 1154 3949 in
1187 3883 1288 3950 terra
1321 3876 1394 3968 illa,
1422 3875 1517 3949 sieut
1542 3875 1579 3947 in

293 3985 299 4000 ’
405 3989 574 4083 Hercule,
600 3993 664 4084 qui
691 3993 870 4068 interiecit
895 4013 1052 4068 uxorem
1078 4001 1115 4068 el
1140 3992 1243 4088 lilios,
1270 4001 1313 4067 ul
1336 4000 1436 4088 patei
1460 3994 1579 4088 prima

406 4109 586 4208 lragoedia
610 4111 779 4204 Senecae3
814 4119 851 4186 et
884 4113 978 4187 siout
1010 4114 1046 4187 in
1076 4113 1239 4188 Elbioole
1264 4119 1301 4188 et
1326 4113 1508 4210 Polynice,
1534 4111 1581 4187 de

406 4230 540 4324 quibus
565 4228 704 4304 dictum
729 4237 785 4306 est
809 4251 921 4328 supra
946 4232 1105 4328 capitulo
1131 4233 1257 4327 XXVI,
1274 4238 1312 4308 et
1337 4233 1386 4306 ila
1411 4231 1458 4306 de
1484 4233 1581 4306 mul-

406 4350 463 4445 lis,
488 4346 534 4426 ne*
557 4353 706 4442 mne,
731 4351 825 4426 sieut
849 4353 968 4448 patuit
992 4352 1029 4426 in
1054 4353 1204 4428 Hecuba
1221 4359 1259 4427 et
1276 4353 1479 4428 &mandra
1497 4350 1581 4448 lilia,

405 4473 562 4546 sinder
586 4475 660 4546 moi
688 4473 726 4546 in
754 4475 859 4547 norm
889 4479 985 4548 orno
1017 4475 1138 4564 narie,
1170 4474 1275 4568 idest,
1305 4473 1486 4568 crudeles,
1511 4493 1585 4546 non

404 4611 556 4684 omino,
590 4590 692 4685 idest,
726 4591 773 4666 ad
804 4592 1059 4690 pungendum,
1083 4595 1198 4686 besee,
1230 4615 1302 4668 oon
1332 4597 1394 4668 ele
1424 4595 1582 4668 mensore

407 4731 547 4803 mooe,
573 4710 674 4806 idest,
700 4713 838 4788 nedum
865 4715 1035 4790 membra
1059 4715 1264 4789 bominum.
1290 4716 1367 4790 lloo
1386 4736 1455 4811 pro
1480 4722 1581 4791 lanio

406 4828 507 4923 dicit,
541 4831 628 4922 quia
662 4831 746 4907 licet
779 4853 867 4908 caro
901 4836 1064 4908 bumana
1099 4834 1217 4931 magis
1250 4835 1382 4910 sentiat
1414 4835 1580 4910 dolorem

995 4969 1168 4978 *αι-...-

469 5012 498 5075 (Ἲ
513 5013 540 5064 ⁸·
557 5015 589 5064 ¹¹¹
605 5027 679 5065 ΜΝ
694 5029 742 5079 Μ
757 5030 859 5082 unm.
1001 5019 1029 5082 (¹)
1046 5019 1071 5068 S.
1088 5019 1114 5068 ln
1131 4973 1194 5083 rere
1209 4987 1361 5083 Tarquinio.

470 5087 498 5152 (⁸)
514 5089 539 5141 S.
556 5090 607 5142 illo
622 5098 700 5143 solor
715 5107 794 5146 none.
