4526 6836
796 869 934 926 cunnus
959 869 1171 926 uouemus,
1516 855 1562 922 '13

391 1035 512 1109 serus,
539 1014 622 1090 ideo
646 1014 802 1090 debebat
826 1015 925 1090 ierre
949 1015 1177 1110 sententiam,
1204 1035 1272 1092 nec
1301 1013 1457 1091 debebat
1482 1033 1563 1089 esse

391 1141 582 1231 suspectus
606 1133 788 1230 partibus;
815 1155 900 1210 nam
922 1135 1012 1210 dum
1029 1134 1143 1212 semel
1159 1156 1182 1211 a
1200 1155 1288 1211 casu
1305 1135 1477 1210 transiret
1496 1153 1563 1229 per

392 1255 545 1330 viridem
571 1255 711 1351 sylvam
740 1254 827 1332 vidit
849 1255 942 1330 duos
962 1276 1116 1352 magnos
1136 1263 1322 1352 serpentes
1348 1256 1457 1330 simul
1474 1273 1565 1330 con·

392 1375 536 1451 iunctos
561 1373 598 1448 in
622 1380 708 1451 ectu
734 1373 903 1468 luxurie,
925 1396 1018 1469 quos
1043 1375 1223 1471 percussit
1239 1395 1325 1451 cum
1351 1375 1456 1472 virga
1481 1394 1563 1467 sua,

393 1501 431 1569 et
454 1495 578 1568 statim
604 1513 650 1568 ex
676 1493 757 1569 viro
781 1493 899 1570 lactus
916 1502 972 1570 est
993 1491 1154 1590 loemiria,
1180 1503 1218 1571 et
1242 1497 1293 1572 sic
1310 1495 1406 1571 stetit
1422 1499 1562 1590 septem

394 1613 507 1688 annis.
527 1615 612 1688 Post
627 1613 857 1709 septennium
876 1615 1009 1690 iterum
1029 1616 1206 1692 transiens
1218 1636 1285 1712 per
1302 1616 1471 1692 eamdem
1490 1613 1565 1710 syl·

396 1752 480 1808 vam
495 1725 532 1824 (¹)
558 1733 693 1808 iterum
719 1733 807 1808 ridit
831 1733 1022 1829 praedictos
1047 1741 1234 1830 serpentes
1259 1735 1394 1810 iterum
1413 1726 1449 1827 (ἢ
1476 1753 1566 1808 con-

397 1851 538 1926 iunctos
567 1852 774 1946 carnaliter,
806 1852 939 1946 quibus
968 1853 1148 1948 percussis
1181 1873 1267 1928 cum
1299 1854 1428 1930 eadem
1463 1851 1566 1948 virga

400 1993 569 2048 reversus
599 1979 655 2048 est
688 1974 726 2046 in
755 1971 943 2067 pristinam
978 1973 1135 2048 sormam
1168 1973 1419 2050 masculinam.
1452 1973 1567 2070 Igitur

399 2091 576 2168 Tbiresias
600 2093 739 2168 electus
762 2092 901 2168 arbiter
929 2092 1026 2168 dedit
1050 2093 1266 2168 sententiam
1292 2114 1360 2189 pro
1385 2094 1494 2188 Jorc3
1521 2113 1568 2167 er

399 2232 473 2308 qno
506 2214 603 2287 Juno
634 2211 819 2307 indignata
851 2212 1030 2307 percussit
1062 2213 1261 2290 Tbiresiam
1295 2218 1333 2290 et
1361 2213 1517 2309 privavit
1530 2203 1567 2305 (³)

399 2333 481 2408 luce
505 2331 711 2426 oculorum,
737 2331 824 2424 quia
849 2331 1041 2406 videbatur
1064 2331 1131 2407 sibi
1147 2332 1287 2408 dedisse
1308 2352 1447 2408 caecum
1468 2331 1569 2428 jndi—
1647 2365 1649 2370 ·

399 2451 510 2526 cium.
536 2449 677 2546 Jupiter
701 2456 827 2526 numm
853 2471 927 2526 non
958 2451 1083 2526 valens
1112 2471 1290 2528 revocare
1322 2452 1460 2528 lactum
1489 2451 1569 2526 dem

400 2590 467 2665 pro
505 2568 642 2644 lumine
673 2569 854 2663 corporali
885 2570 984 2663 quod
1015 2571 1111 2646 tuno
1138 2571 1340 2648 abstulerat
1373 2571 1440 2646 sibi
1473 2569 1570 2645 dedit

402 2692 529 2764 lumen
550 2678 586 2780 (⁴)
616 2689 786 2784 mentale,
818 2689 905 2783 quia
935 2689 1069 2765 scilicet
1098 2692 1250 2766 contulit
1281 2692 1347 2766 sibi
1382 2691 1569 2768 scientiam

402 2809 625 2902 iuturorum,
646 2816 683 2884 et
699 2809 761 2884 tali
778 2811 919 2885 bonore
936 2810 1111 2886 relevavit
1135 2829 1281 2905 poenam
1308 2810 1489 2905 Tbiresiae,
1507 2810 1570 2905 qui

403 2929 518 3004 iactus
543 2927 804 3002 famosissimus
828 2948 952 3024 augur
976 2928 1087 3006 dabat
1111 2949 1284 3025 responsa
1309 2950 1410 3023 vera,
1435 2935 1473 3004 et
1498 2929 1572 3023 pri-

404 3069 506 3123 mum
533 3047 746 3122 vaticinium
763 3046 860 3122 dedit
876 3046 924 3121 de
939 3047 1116 3142 Narcisso,
1142 3048 1189 3124 de
1212 3069 1299 3143 quo,
1317 3048 1346 3123 si
1365 3048 1419 3123 vis
1436 3046 1573 3142 videre,

404 3187 557 3244 recurre
582 3167 629 3242 ad
654 3167 804 3242 tertium
829 3167 1030 3262 capitulum
1057 3167 1227 3244 Paradisi.
1254 3169 1331 3244 Sub
1355 3169 1422 3244 ista
1446 3175 1573 3245 autem

405 3287 560 3364 mirabili
586 3286 731 3362 fictione
754 3287 963 3364 continetur
979 3307 1039 3362 res
1057 3289 1246 3365 naturalis:
1265 3287 1362 3364 unde
1387 3289 1573 3364 sciendum

404 3409 459 3482 est
483 3406 583 3501 quod
600 3406 740 3501 Jupiter
765 3406 802 3478 in
820 3407 889 3482 boc
914 3406 994 3482 loco
1020 3413 1076 3482 est
1100 3407 1324 3483 elementum
1351 3399 1575 3506 ignis31uno

404 3547 494 3603 vero
511 3528 735 3602 elementum
761 3525 875 3600 acris:
901 3523 1091 3622 generatio
1115 3534 1241 3602 autem
1268 3528 1429 3604 manime
1449 3549 1495 3603 er
1513 3548 1577 3603 ca·

405 3648 484 3723 lore
508 3645 682 3742 procedit
700 3644 859 3732 Quilibet
883 3651 1010 3721 autem
1037 3646 1094 3720 vir
1119 3647 1333 3723 naturaliter
1349 3653 1405 3722 cst
1429 3647 1578 3723 calidior

407 3767 573 3860 muliere,
599 3766 687 3861 quia
703 3765 760 3839 vir
781 3766 996 3840 naturaliter
1012 3773 1067 3842 est
1083 3766 1318 3863 sanguineus,
1337 3769 1471 3843 mulier
1487 3789 1578 3844 vero

409 3886 633 3982 llcgmatica3
651 3891 829 3962 ettamen
846 3885 997 3960 immina
1013 3897 1069 3963 est
1087 3886 1204 3960 multo
1225 3886 1447 3962 luxuriosior
1464 3910 1577 3982 quam

410 4005 484 4099 rir3
510 4005 595 4098 qnia
621 4005 678 4080 vir
704 4005 813 4080 babet
837 4005 874 4078 in
899 4011 984 4078 actu
1010 4023 1170 4079 venereo
1202 4010 1344 4079 tantum
1375 4027 1487 4080 unam
1514 4007 1580 4082 dc-

410 4123 653 4218 locutionem,
679 4124 814 4200 scilicet
839 4123 876 4196 in
901 4121 1100 4198 emittendo
1125 4141 1288 4218 sperma3
1314 4123 1464 4199 immina
1489 4147 1579 4201 vero

410 4243 521 4318 babet
544 4243 751 4338 duplicem:
783 4262 897 4317 unam
911 4232 948 4336 (⁵)
980 4241 1019 4315 iu
1048 4240 1256 4338 recipiendo
1286 4259 1435 4338 sperma·
1463 4244 1579 4338 ririle,

409 4363 564 4440 alteram
596 4363 634 4436 in
668 4361 867 4438 emittendo
898 4359 1033 4456 suuln3
1064 4371 1243 4458 praeterea
1277 4363 1397 4438 omnis
1428 4357 1582 4439 materia

411 4490 551 4577 quanto
575 4483 751 4579 frigidior,
777 4488 877 4558 tanto
903 4482 1020 4579 magis
1045 4479 1163 4558 le'rvet
1186 4503 1272 4558 cum
1297 4483 1521 4580 accenditur,
1546 4491 1583 4560 et

412 4603 553 4678 tardius
577 4603 818 4700 extinguitur,
849 4612 891 4680 ut
915 4609 1014 4697 patet
1038 4602 1075 4677 in
1100 4602 1200 4678 ierro
1224 4609 1260 4678 et
1285 4597 1426 4698 stipula.
1453 4606 1582 4679 Matrix

473 4825 501 4886 (¹)
518 4827 548 4877 ll.
564 4825 663 4890 epirum
680 4828 752 4879 vidit.
939 4828 967 4890 (¹)
983 4827 1013 4878 li.
1031 4827 1129 4878 lterum
1146 4827 1285 4879 carnaliter
1301 4832 1432 4889 coeuntes,
1445 4827 1547 4892 qulbm.

474 4901 501 4964 (¹)
517 4901 544 4953 S.
561 4905 669 4968 privarit
685 4917 747 4956 curn
763 4905 831 4956 lucc.
940 4906 968 4968 (¹)
986 4907 1040 4967 tro,
1058 4903 1145 4956 lucem
1161 4905 1311 4956 mentulem'.

475 4977 503 5040 (Ἰ
519 4977 551 5030 li.
566 4993 645 5032 unam
662 4981 761 5033 scillcet
775 4982 811 5033 ln.
