<?xml version="1.0" encoding="UTF-8"?>
<!DOCTYPE html PUBLIC "-//W3C//DTD XHTML 1.0 Transitional//EN"
    "http://www.w3.org/TR/xhtml1/DTD/xhtml1-transitional.dtd">
<html xmlns="http://www.w3.org/1999/xhtml" xml:lang="en" lang="en">
 <head>
  <title>
</title>
<meta http-equiv="Content-Type" content="text/html;charset=utf-8" />
  <meta name='ocr-system' content='tesseract 3.04.00' />
  <meta name='ocr-capabilities' content='ocr_page ocr_carea ocr_par ocr_line ocrx_word'/>
</head>
<body>
  <div class='ocr_page' id='page_1' title='image "./comentumsuperda01benvgoog_0405.png"; bbox 0 0 4544 6834; ppageno 0'>
   <div class='ocr_carea' id='block_1_1' title="bbox 683 921 1463 1018">
    <p class='ocr_par' dir='ltr' id='par_1_1' title="bbox 683 921 1463 1018">
     <span class='ocr_line' id='line_1_1' title="bbox 683 921 1463 1018; baseline -0.012 -1"><span class='ocrx_word' id='word_1_1' title='bbox 683 949 754 1018; x_wconf 83' lang='grc'><strong>396</strong></span> <span class='ocrx_word' id='word_1_2' title='bbox 831 921 835 928; x_wconf 62' lang='grc'><strong>’</strong></span> <span class='ocrx_word' id='word_1_3' title='bbox 1079 955 1286 1013; x_wconf 69' lang='lat' dir='ltr'><strong>munerun</strong></span> <span class='ocrx_word' id='word_1_4' title='bbox 1310 954 1463 1010; x_wconf 79' lang='lat' dir='ltr'><strong>rursum</strong></span> 
     </span>
    </p>
   </div>
   <div class='ocr_carea' id='block_1_2' title="bbox 615 1092 1863 3115">
    <p class='ocr_par' dir='ltr' id='par_1_2' title="bbox 615 1092 1863 3115">
     <span class='ocr_line' id='line_1_2' title="bbox 682 1092 1860 1200; baseline -0.012 -19"><span class='ocrx_word' id='word_1_5' title='bbox 682 1109 755 1200; x_wconf 82' lang='lat' dir='ltr'><strong>qui,</strong></span> <span class='ocrx_word' id='word_1_6' title='bbox 773 1103 876 1198; x_wconf 83' lang='lat' dir='ltr'><strong>idest,</strong></span> <span class='ocrx_word' id='word_1_7' title='bbox 901 1121 996 1197; x_wconf 87' lang='lat' dir='ltr'><strong>quos</strong></span> <span class='ocrx_word' id='word_1_8' title='bbox 1012 1102 1117 1198; x_wconf 92' lang='lat' dir='ltr'><strong>punit</strong></span> <span class='ocrx_word' id='word_1_9' title='bbox 1133 1100 1171 1175; x_wconf 97' lang='lat' dir='ltr'><strong>in</strong></span> <span class='ocrx_word' id='word_1_10' title='bbox 1187 1100 1255 1176; x_wconf 89' lang='lat' dir='ltr'><strong>ista</strong></span> <span class='ocrx_word' id='word_1_11' title='bbox 1273 1099 1398 1197; x_wconf 89' lang='lat' dir='ltr'><strong>bulgia</strong></span> <span class='ocrx_word' id='word_1_12' title='bbox 1414 1097 1577 1190; x_wconf 83' lang='lat' dir='ltr'><strong>decima3</strong></span> <span class='ocrx_word' id='word_1_13' title='bbox 1595 1093 1744 1190; x_wconf 85' lang='lat' dir='ltr'><strong>quaudo</strong></span> <span class='ocrx_word' id='word_1_14' title='bbox 1761 1092 1860 1168; x_wconf 88' lang='lat' dir='ltr'><strong>enim</strong></span> 
     </span>
     <span class='ocr_line' id='line_1_3' title="bbox 684 1215 1863 1316; baseline -0.013 -14"><span class='ocrx_word' id='word_1_15' title='bbox 684 1225 863 1302; x_wconf 85' lang='lat' dir='ltr'><strong>sententia</strong></span> <span class='ocrx_word' id='word_1_16' title='bbox 880 1222 990 1298; x_wconf 90' lang='lat' dir='ltr'><strong>datur</strong></span> <span class='ocrx_word' id='word_1_17' title='bbox 1006 1228 1134 1298; x_wconf 86' lang='lat' dir='ltr'><strong>eontra</strong></span> <span class='ocrx_word' id='word_1_18' title='bbox 1152 1241 1272 1316; x_wconf 90' lang='lat' dir='ltr'><strong>reum,</strong></span> <span class='ocrx_word' id='word_1_19' title='bbox 1289 1226 1378 1296; x_wconf 89' lang='lat' dir='ltr'><strong>tunc</strong></span> <span class='ocrx_word' id='word_1_20' title='bbox 1394 1215 1584 1315; x_wconf 76' lang='lat' dir='ltr'><strong>registrari</strong></span> <span class='ocrx_word' id='word_1_21' title='bbox 1605 1217 1707 1292; x_wconf 89' lang='lat' dir='ltr'><strong>solet.</strong></span> <span class='ocrx_word' id='word_1_22' title='bbox 1718 1255 1768 1270; x_wconf 97' lang='lat'>-</span> <span class='ocrx_word' id='word_1_23' title='bbox 1781 1217 1863 1288; x_wconf 83' lang='lat' dir='ltr'><strong>Non</strong></span> 
     </span>
     <span class='ocr_line' id='line_1_4' title="bbox 685 1335 1861 1434; baseline -0.01 -14"><span class='ocrx_word' id='word_1_24' title='bbox 685 1347 801 1420; x_wconf 80' lang='lat' dir='ltr'><strong>creda</strong></span> <span class='ocrx_word' id='word_1_25' title='bbox 828 1344 934 1418; x_wconf 87' lang='lat' dir='ltr'><strong>Nunc</strong></span> <span class='ocrx_word' id='word_1_26' title='bbox 958 1347 1068 1416; x_wconf 91' lang='lat' dir='ltr'><strong>autor</strong></span> <span class='ocrx_word' id='word_1_27' title='bbox 1093 1342 1221 1418; x_wconf 84' lang='lat' dir='ltr'><strong>uolens</strong></span> <span class='ocrx_word' id='word_1_28' title='bbox 1245 1339 1454 1416; x_wconf 82' lang='lat' dir='ltr'><strong>describere</strong></span> <span class='ocrx_word' id='word_1_29' title='bbox 1469 1354 1617 1434; x_wconf 89' lang='lat' dir='ltr'><strong>poeuam</strong></span> <span class='ocrx_word' id='word_1_30' title='bbox 1644 1335 1861 1412; x_wconf 77' lang='lat' dir='ltr'><strong>summram</strong></span> 
     </span>
     <span class='ocr_line' id='line_1_5' title="bbox 685 1454 1863 1560; baseline -0.006 -23"><span class='ocrx_word' id='word_1_31' title='bbox 685 1462 872 1560; x_wconf 69' lang='lat' dir='ltr'><strong>praemittit</strong></span> <span class='ocrx_word' id='word_1_32' title='bbox 898 1483 1011 1537; x_wconf 93' lang='lat' dir='ltr'><strong>unam</strong></span> <span class='ocrx_word' id='word_1_33' title='bbox 1037 1459 1364 1558; x_wconf 80' lang='lat' dir='ltr'><strong>comparationem,</strong></span> <span class='ocrx_word' id='word_1_34' title='bbox 1390 1458 1497 1535; x_wconf 85' lang='lat' dir='ltr'><strong>cuius</strong></span> <span class='ocrx_word' id='word_1_35' title='bbox 1521 1458 1602 1532; x_wconf 84' lang='lat' dir='ltr'><strong>baec</strong></span> <span class='ocrx_word' id='word_1_36' title='bbox 1618 1461 1674 1533; x_wconf 87' lang='lat' dir='ltr'><strong>est</strong></span> <span class='ocrx_word' id='word_1_37' title='bbox 1698 1454 1863 1530; x_wconf 83' lang='lat' dir='ltr'><strong>breviter</strong></span> 
     </span>
     <span class='ocr_line' id='line_1_6' title="bbox 684 1576 1862 1676; baseline -0.007 -18"><span class='ocrx_word' id='word_1_38' title='bbox 684 1582 864 1660; x_wconf 88' lang='lat' dir='ltr'><strong>sententia</strong></span> <span class='ocrx_word' id='word_1_39' title='bbox 879 1606 888 1654; x_wconf 91' lang='lat'><strong>:</strong></span> <span class='ocrx_word' id='word_1_40' title='bbox 914 1581 1014 1676; x_wconf 87' lang='lat' dir='ltr'><strong>quod</strong></span> <span class='ocrx_word' id='word_1_41' title='bbox 1039 1580 1088 1656; x_wconf 89' lang='lat' dir='ltr'><strong>ita</strong></span> <span class='ocrx_word' id='word_1_42' title='bbox 1105 1587 1187 1656; x_wconf 87' lang='lat' dir='ltr'><strong>erat</strong></span> <span class='ocrx_word' id='word_1_43' title='bbox 1211 1586 1287 1655; x_wconf 86' lang='lat' dir='ltr'><strong>tota</strong></span> <span class='ocrx_word' id='word_1_44' title='bbox 1304 1599 1395 1675; x_wconf 89' lang='lat' dir='ltr'><strong>gens</strong></span> <span class='ocrx_word' id='word_1_45' title='bbox 1412 1578 1516 1653; x_wconf 90' lang='lat' dir='ltr'><strong>istius</strong></span> <span class='ocrx_word' id='word_1_46' title='bbox 1533 1576 1669 1674; x_wconf 83' lang='lat' dir='ltr'><strong>bulgiae</strong></span> <span class='ocrx_word' id='word_1_47' title='bbox 1685 1581 1862 1670; x_wconf 84' lang='lat' dir='ltr'><strong>corrupta</strong></span> 
     </span>
     <span class='ocr_line' id='line_1_7' title="bbox 685 1697 1862 1797; baseline -0.006 -19"><span class='ocrx_word' id='word_1_48' title='bbox 685 1710 723 1778; x_wconf 89' lang='lat' dir='ltr'><strong>et</strong></span> <span class='ocrx_word' id='word_1_49' title='bbox 747 1702 905 1797; x_wconf 88' lang='lat' dir='ltr'><strong>infirma,</strong></span> <span class='ocrx_word' id='word_1_50' title='bbox 930 1703 1025 1777; x_wconf 89' lang='lat' dir='ltr'><strong>sicut</strong></span> <span class='ocrx_word' id='word_1_51' title='bbox 1049 1700 1135 1775; x_wconf 92' lang='lat' dir='ltr'><strong>olim</strong></span> <span class='ocrx_word' id='word_1_52' title='bbox 1170 1700 1328 1796; x_wconf 90' lang='lat' dir='ltr'><strong>populus</strong></span> <span class='ocrx_word' id='word_1_53' title='bbox 1358 1698 1513 1774; x_wconf 88' lang='lat' dir='ltr'><strong>civitatis</strong></span> <span class='ocrx_word' id='word_1_54' title='bbox 1544 1697 1670 1794; x_wconf 81' lang='lat' dir='ltr'><strong>liginoe</strong></span> <span class='ocrx_word' id='word_1_55' title='bbox 1695 1703 1862 1791; x_wconf 89' lang='lat' dir='ltr'><strong>tempore</strong></span> 
     </span>
     <span class='ocr_line' id='line_1_8' title="bbox 685 1817 1862 1918; baseline -0.008 -19"><span class='ocrx_word' id='word_1_56' title='bbox 685 1823 876 1899; x_wconf 89' lang='lat' dir='ltr'><strong>cuiusdam</strong></span> <span class='ocrx_word' id='word_1_57' title='bbox 903 1821 1022 1917; x_wconf 79' lang='lat' dir='ltr'><strong>pestis.</strong></span> <span class='ocrx_word' id='word_1_58' title='bbox 1050 1821 1103 1896; x_wconf 81' lang='lat' dir='ltr'><strong>Ad</strong></span> <span class='ocrx_word' id='word_1_59' title='bbox 1129 1819 1404 1918; x_wconf 76' lang='lat' dir='ltr'><strong>intelligentiam</strong></span> <span class='ocrx_word' id='word_1_60' title='bbox 1429 1824 1556 1894; x_wconf 93' lang='lat' dir='ltr'><strong>autem</strong></span> <span class='ocrx_word' id='word_1_61' title='bbox 1587 1817 1725 1893; x_wconf 89' lang='lat' dir='ltr'><strong>claram</strong></span> <span class='ocrx_word' id='word_1_62' title='bbox 1758 1817 1862 1892; x_wconf 85' lang='lat' dir='ltr'><strong>istius</strong></span> 
     </span>
     <span class='ocr_line' id='line_1_9' title="bbox 685 1936 1863 2038; baseline -0.006 -19"><span class='ocrx_word' id='word_1_63' title='bbox 685 1941 979 2038; x_wconf 85' lang='lat' dir='ltr'><strong>comparationis,</strong></span> <span class='ocrx_word' id='word_1_64' title='bbox 1003 1960 1117 2035; x_wconf 89' lang='lat' dir='ltr'><strong>quam</strong></span> <span class='ocrx_word' id='word_1_65' title='bbox 1143 1947 1252 2016; x_wconf 85' lang='lat' dir='ltr'><strong>autor</strong></span> <span class='ocrx_word' id='word_1_66' title='bbox 1278 1937 1384 2015; x_wconf 85' lang='lat' dir='ltr'><strong>valde</strong></span> <span class='ocrx_word' id='word_1_67' title='bbox 1408 1945 1537 2034; x_wconf 86' lang='lat' dir='ltr'><strong>aperte</strong></span> <span class='ocrx_word' id='word_1_68' title='bbox 1553 1936 1681 2034; x_wconf 85' lang='lat' dir='ltr'><strong>tangit,</strong></span> <span class='ocrx_word' id='word_1_69' title='bbox 1701 1943 1757 2012; x_wconf 88' lang='lat' dir='ltr'><strong>est</strong></span> <span class='ocrx_word' id='word_1_70' title='bbox 1773 1936 1863 2012; x_wconf 87' lang='lat' dir='ltr'><strong>utile</strong></span> 
     </span>
     <span class='ocr_line' id='line_1_10' title="bbox 685 2055 1863 2159; baseline -0.006 -23"><span class='ocrx_word' id='word_1_71' title='bbox 685 2062 857 2159; x_wconf 79' lang='lat' dir='ltr'><strong>prescire</strong></span> <span class='ocrx_word' id='word_1_72' title='bbox 877 2060 1051 2153; x_wconf 81' lang='lat' dir='ltr'><strong>fabulam,</strong></span> <span class='ocrx_word' id='word_1_73' title='bbox 1070 2079 1183 2153; x_wconf 89' lang='lat' dir='ltr'><strong>quam</strong></span> <span class='ocrx_word' id='word_1_74' title='bbox 1200 2058 1332 2134; x_wconf 82' lang='lat' dir='ltr'><strong>diffuse</strong></span> <span class='ocrx_word' id='word_1_75' title='bbox 1352 2057 1476 2132; x_wconf 86' lang='lat' dir='ltr'><strong>scribit</strong></span> <span class='ocrx_word' id='word_1_76' title='bbox 1491 2057 1641 2132; x_wconf 85' lang='lat' dir='ltr'><strong>Ovidius</strong></span> <span class='ocrx_word' id='word_1_77' title='bbox 1658 2056 1719 2130; x_wconf 85' lang='lat' dir='ltr'><strong>Vll</strong></span> <span class='ocrx_word' id='word_1_78' title='bbox 1746 2055 1863 2130; x_wconf 89' lang='lat' dir='ltr'><strong>main-</strong></span> 
     </span>
     <span class='ocr_line' id='line_1_11' title="bbox 686 2176 1862 2276; baseline -0.003 -20"><span class='ocrx_word' id='word_1_79' title='bbox 686 2181 746 2256; x_wconf 89' lang='lat' dir='ltr'><strong>ris.</strong></span> <span class='ocrx_word' id='word_1_80' title='bbox 773 2181 835 2255; x_wconf 87' lang='lat' dir='ltr'><strong>Est</strong></span> <span class='ocrx_word' id='word_1_81' title='bbox 859 2200 951 2276; x_wconf 88' lang='lat' dir='ltr'><strong>ergo</strong></span> <span class='ocrx_word' id='word_1_82' title='bbox 976 2179 1164 2254; x_wconf 89' lang='lat' dir='ltr'><strong>sciendum</strong></span> <span class='ocrx_word' id='word_1_83' title='bbox 1192 2177 1290 2272; x_wconf 89' lang='lat' dir='ltr'><strong>quod</strong></span> <span class='ocrx_word' id='word_1_84' title='bbox 1316 2177 1403 2252; x_wconf 94' lang='lat' dir='ltr'><strong>olim</strong></span> <span class='ocrx_word' id='word_1_85' title='bbox 1430 2177 1468 2251; x_wconf 94' lang='lat' dir='ltr'><strong>in</strong></span> <span class='ocrx_word' id='word_1_86' title='bbox 1490 2177 1631 2252; x_wconf 83' lang='lat' dir='ltr'><strong>Groecia</strong></span> <span class='ocrx_word' id='word_1_87' title='bbox 1647 2177 1686 2252; x_wconf 93' lang='lat' dir='ltr'><strong>in</strong></span> <span class='ocrx_word' id='word_1_88' title='bbox 1711 2176 1862 2274; x_wconf 85' lang='lat' dir='ltr'><strong>regione</strong></span> 
     </span>
     <span class='ocr_line' id='line_1_12' title="bbox 685 2281 1861 2394; baseline -0.003 -20"><span class='ocrx_word' id='word_1_89' title='bbox 685 2300 825 2392; x_wconf 79' lang='lat' dir='ltr'><strong>dthica,</strong></span> <span class='ocrx_word' id='word_1_90' title='bbox 850 2306 1018 2394; x_wconf 85' lang='lat' dir='ltr'><strong>tempore</strong></span> <span class='ocrx_word' id='word_1_91' title='bbox 1043 2281 1118 2392; x_wconf 72' lang='lat' dir='ltr'><strong>nuo</strong></span> <span class='ocrx_word' id='word_1_92' title='bbox 1144 2317 1211 2372; x_wconf 83' lang='lat' dir='ltr'><strong>rex</strong></span> <span class='ocrx_word' id='word_1_93' title='bbox 1237 2297 1351 2372; x_wconf 86' lang='lat' dir='ltr'><strong>Minos</strong></span> <span class='ocrx_word' id='word_1_94' title='bbox 1372 2297 1472 2372; x_wconf 84' lang='lat' dir='ltr'><strong>venit</strong></span> <span class='ocrx_word' id='word_1_95' title='bbox 1492 2303 1621 2372; x_wconf 88' lang='lat' dir='ltr'><strong>contra</strong></span> <span class='ocrx_word' id='word_1_96' title='bbox 1637 2296 1796 2372; x_wconf 75' lang='lat' dir='ltr'><strong>Athenas</strong></span> <span class='ocrx_word' id='word_1_97' title='bbox 1813 2296 1861 2372; x_wconf 91' lang='lat' dir='ltr'><strong>ob</strong></span> 
     </span>
     <span class='ocr_line' id='line_1_13' title="bbox 686 2415 1860 2516; baseline -0.004 -21"><span class='ocrx_word' id='word_1_98' title='bbox 686 2419 873 2516; x_wconf 80' lang='lat' dir='ltr'><strong>indignam</strong></span> <span class='ocrx_word' id='word_1_99' title='bbox 909 2424 1068 2493; x_wconf 88' lang='lat' dir='ltr'><strong>mortem</strong></span> <span class='ocrx_word' id='word_1_100' title='bbox 1086 2415 1163 2492; x_wconf 30' lang='lat' dir='ltr'><strong>&#39;dlii</strong></span> <span class='ocrx_word' id='word_1_101' title='bbox 1198 2417 1255 2490; x_wconf 93' lang='lat' dir='ltr'><strong>sui</strong></span> <span class='ocrx_word' id='word_1_102' title='bbox 1289 2416 1484 2513; x_wconf 77' lang='lat' dir='ltr'><strong>androgei,</strong></span> <span class='ocrx_word' id='word_1_103' title='bbox 1514 2416 1682 2512; x_wconf 83' lang='lat' dir='ltr'><strong>regnauit</strong></span> <span class='ocrx_word' id='word_1_104' title='bbox 1711 2415 1860 2510; x_wconf 84' lang='lat' dir='ltr'><strong>quidam</strong></span> 
     </span>
     <span class='ocr_line' id='line_1_14' title="bbox 688 2531 1863 2648; baseline -0.005 -34"><span class='ocrx_word' id='word_1_105' title='bbox 688 2559 753 2615; x_wconf 89' lang='lat' dir='ltr'><strong>rex</strong></span> <span class='ocrx_word' id='word_1_106' title='bbox 782 2539 932 2613; x_wconf 92' lang='lat' dir='ltr'><strong>nomine</strong></span> <span class='ocrx_word' id='word_1_107' title='bbox 951 2539 1069 2612; x_wconf 86' lang='lat' dir='ltr'><strong>Eacus</strong></span> <span class='ocrx_word' id='word_1_108' title='bbox 1089 2544 1194 2633; x_wconf 87' lang='lat' dir='ltr'><strong>pater</strong></span> <span class='ocrx_word' id='word_1_109' title='bbox 1211 2537 1309 2612; x_wconf 85' lang='lat' dir='ltr'><strong>Pelei</strong></span> <span class='ocrx_word' id='word_1_110' title='bbox 1326 2543 1364 2612; x_wconf 89' lang='lat' dir='ltr'><strong>et</strong></span> <span class='ocrx_word' id='word_1_111' title='bbox 1382 2557 1475 2648; x_wconf 78' lang='lat' dir='ltr'><strong>avus</strong></span> <span class='ocrx_word' id='word_1_112' title='bbox 1491 2531 1527 2630; x_wconf 86' lang='lat'><strong>(¹)</strong></span> <span class='ocrx_word' id='word_1_113' title='bbox 1546 2535 1703 2630; x_wconf 78' lang='lat' dir='ltr'><strong>Achillis,</strong></span> <span class='ocrx_word' id='word_1_114' title='bbox 1720 2536 1757 2608; x_wconf 94' lang='lat' dir='ltr'><strong>in</strong></span> <span class='ocrx_word' id='word_1_115' title='bbox 1773 2535 1863 2612; x_wconf 84' lang='lat' dir='ltr'><strong>ciui-</strong></span> 
     </span>
     <span class='ocr_line' id='line_1_15' title="bbox 688 2655 1863 2754; baseline -0.004 -19"><span class='ocrx_word' id='word_1_116' title='bbox 688 2667 764 2737; x_wconf 84' lang='lat' dir='ltr'><strong>tate</strong></span> <span class='ocrx_word' id='word_1_117' title='bbox 789 2680 873 2754; x_wconf 84' lang='lat' dir='ltr'><strong>quae</strong></span> <span class='ocrx_word' id='word_1_118' title='bbox 897 2665 1027 2734; x_wconf 83' lang='lat' dir='ltr'><strong>uocata</strong></span> <span class='ocrx_word' id='word_1_119' title='bbox 1048 2666 1102 2734; x_wconf 90' lang='lat' dir='ltr'><strong>est</strong></span> <span class='ocrx_word' id='word_1_120' title='bbox 1123 2658 1254 2754; x_wconf 82' lang='lat' dir='ltr'><strong>Egina3</strong></span> <span class='ocrx_word' id='word_1_121' title='bbox 1274 2679 1350 2752; x_wconf 85' lang='lat' dir='ltr'><strong>quo</strong></span> <span class='ocrx_word' id='word_1_122' title='bbox 1368 2665 1558 2754; x_wconf 82' lang='lat' dir='ltr'><strong>regnante,</strong></span> <span class='ocrx_word' id='word_1_123' title='bbox 1579 2657 1736 2752; x_wconf 82' lang='lat' dir='ltr'><strong>pessima</strong></span> <span class='ocrx_word' id='word_1_124' title='bbox 1755 2655 1863 2752; x_wconf 76' lang='lat' dir='ltr'><strong>pestis</strong></span> 
     </span>
     <span class='ocr_line' id='line_1_16' title="bbox 687 2775 1862 2872; baseline -0.003 -18"><span class='ocrx_word' id='word_1_125' title='bbox 687 2780 819 2855; x_wconf 87' lang='lat' dir='ltr'><strong>invasit</strong></span> <span class='ocrx_word' id='word_1_126' title='bbox 843 2781 938 2853; x_wconf 91' lang='lat' dir='ltr'><strong>hanc</strong></span> <span class='ocrx_word' id='word_1_127' title='bbox 963 2778 1096 2853; x_wconf 91' lang='lat' dir='ltr'><strong>urbem</strong></span> <span class='ocrx_word' id='word_1_128' title='bbox 1115 2797 1228 2872; x_wconf 91' lang='lat' dir='ltr'><strong>opera</strong></span> <span class='ocrx_word' id='word_1_129' title='bbox 1244 2776 1397 2852; x_wconf 82' lang='lat' dir='ltr'><strong>lunonis</strong></span> <span class='ocrx_word' id='word_1_130' title='bbox 1413 2777 1526 2853; x_wconf 83' lang='lat' dir='ltr'><strong>iratae.</strong></span> <span class='ocrx_word' id='word_1_131' title='bbox 1544 2777 1637 2852; x_wconf 90' lang='lat' dir='ltr'><strong>Nam</strong></span> <span class='ocrx_word' id='word_1_132' title='bbox 1658 2797 1724 2852; x_wconf 92' lang='lat' dir='ltr'><strong>aer</strong></span> <span class='ocrx_word' id='word_1_133' title='bbox 1743 2775 1862 2870; x_wconf 91' lang='lat' dir='ltr'><strong>primo</strong></span> 
     </span>
     <span class='ocr_line' id='line_1_17' title="bbox 615 2895 1861 2994; baseline -0.005 -20"><span class='ocrx_word' id='word_1_134' title='bbox 615 2931 620 2943; x_wconf 94' lang='lat'>·</span> <span class='ocrx_word' id='word_1_135' title='bbox 688 2908 885 2994; x_wconf 88' lang='lat' dir='ltr'><strong>corruptus</strong></span> <span class='ocrx_word' id='word_1_136' title='bbox 902 2905 957 2973; x_wconf 90' lang='lat' dir='ltr'><strong>est</strong></span> <span class='ocrx_word' id='word_1_137' title='bbox 974 2896 1171 2992; x_wconf 87' lang='lat' dir='ltr'><strong>spiratione</strong></span> <span class='ocrx_word' id='word_1_138' title='bbox 1189 2903 1387 2972; x_wconf 86' lang='lat' dir='ltr'><strong>ventorum</strong></span> <span class='ocrx_word' id='word_1_139' title='bbox 1406 2895 1608 2972; x_wconf 88' lang='lat' dir='ltr'><strong>calidorum</strong></span> <span class='ocrx_word' id='word_1_140' title='bbox 1631 2895 1861 2990; x_wconf 88' lang='lat' dir='ltr'><strong>australium,</strong></span> 
     </span>
     <span class='ocr_line' id='line_1_18' title="bbox 686 3015 1861 3115; baseline -0.002 -23"><span class='ocrx_word' id='word_1_141' title='bbox 686 3018 749 3114; x_wconf 89' lang='lat' dir='ltr'><strong>qni</strong></span> <span class='ocrx_word' id='word_1_142' title='bbox 780 3025 1027 3115; x_wconf 86' lang='lat' dir='ltr'><strong>regnaverant</strong></span> <span class='ocrx_word' id='word_1_143' title='bbox 1051 3037 1118 3112; x_wconf 91' lang='lat' dir='ltr'><strong>per</strong></span> <span class='ocrx_word' id='word_1_144' title='bbox 1143 3023 1306 3111; x_wconf 88' lang='lat' dir='ltr'><strong>quatuor</strong></span> <span class='ocrx_word' id='word_1_145' title='bbox 1331 3035 1487 3092; x_wconf 89' lang='lat' dir='ltr'><strong>menses.</strong></span> <span class='ocrx_word' id='word_1_146' title='bbox 1514 3015 1651 3091; x_wconf 87' lang='lat' dir='ltr'><strong>Deinde</strong></span> <span class='ocrx_word' id='word_1_147' title='bbox 1675 3023 1861 3110; x_wconf 85' lang='lat' dir='ltr'><strong>corruptae</strong></span> 
     </span>
    </p>
   </div>
   <div class='ocr_carea' id='block_1_3' title="bbox 546 3125 1860 3232">
    <p class='ocr_par' dir='ltr' id='par_1_3' title="bbox 546 3125 1860 3232">
     <span class='ocr_line' id='line_1_19' title="bbox 546 3125 1860 3232; baseline -0.002 -20"><span class='ocrx_word' id='word_1_148' title='bbox 546 3125 549 3134; x_wconf 68' lang='grc'><em>’</em></span> <span class='ocrx_word' id='word_1_149' title='bbox 686 3145 773 3212; x_wconf 92' lang='lat' dir='ltr'><strong>suut</strong></span> <span class='ocrx_word' id='word_1_150' title='bbox 796 3158 915 3232; x_wconf 85' lang='lat' dir='ltr'><strong>aquae,</strong></span> <span class='ocrx_word' id='word_1_151' title='bbox 943 3144 980 3213; x_wconf 91' lang='lat' dir='ltr'><strong>et</strong></span> <span class='ocrx_word' id='word_1_152' title='bbox 1015 3138 1132 3212; x_wconf 92' lang='lat' dir='ltr'><strong>multa</strong></span> <span class='ocrx_word' id='word_1_153' title='bbox 1163 3136 1274 3211; x_wconf 93' lang='lat' dir='ltr'><strong>millia</strong></span> <span class='ocrx_word' id='word_1_154' title='bbox 1299 3141 1513 3230; x_wconf 84' lang='lat' dir='ltr'><strong>serpentum</strong></span> <span class='ocrx_word' id='word_1_155' title='bbox 1539 3135 1771 3232; x_wconf 85' lang='lat' dir='ltr'><strong>uagabantur</strong></span> <span class='ocrx_word' id='word_1_156' title='bbox 1793 3155 1860 3231; x_wconf 92' lang='lat' dir='ltr'><strong>per</strong></span> 
     </span>
    </p>
   </div>
   <div class='ocr_carea' id='block_1_4' title="bbox 686 3255 1918 4912">
    <p class='ocr_par' dir='ltr' id='par_1_4' title="bbox 686 3255 1918 4912">
     <span class='ocr_line' id='line_1_20' title="bbox 686 3255 1861 3352; baseline -0.003 -18"><span class='ocrx_word' id='word_1_157' title='bbox 686 3265 806 3334; x_wconf 89' lang='lat' dir='ltr'><strong>terras</strong></span> <span class='ocrx_word' id='word_1_158' title='bbox 831 3257 1025 3334; x_wconf 86' lang='lat' dir='ltr'><strong>inlicientia</strong></span> <span class='ocrx_word' id='word_1_159' title='bbox 1050 3277 1168 3352; x_wconf 88' lang='lat' dir='ltr'><strong>aquas</strong></span> <span class='ocrx_word' id='word_1_160' title='bbox 1192 3255 1343 3333; x_wconf 86' lang='lat' dir='ltr'><strong>venenis</strong></span> <span class='ocrx_word' id='word_1_161' title='bbox 1360 3255 1452 3349; x_wconf 90' lang='lat' dir='ltr'><strong>suis;</strong></span> <span class='ocrx_word' id='word_1_162' title='bbox 1470 3262 1508 3330; x_wconf 90' lang='lat' dir='ltr'><strong>et</strong></span> <span class='ocrx_word' id='word_1_163' title='bbox 1524 3255 1579 3330; x_wconf 84' lang='lat' dir='ltr'><strong>uis</strong></span> <span class='ocrx_word' id='word_1_164' title='bbox 1603 3255 1723 3332; x_wconf 94' lang='lat' dir='ltr'><strong>morbi</strong></span> <span class='ocrx_word' id='word_1_165' title='bbox 1741 3257 1861 3352; x_wconf 88' lang='lat' dir='ltr'><strong>primo</strong></span> 
     </span>
     <span class='ocr_line' id='line_1_21' title="bbox 686 3375 1862 3473; baseline -0.002 -21"><span class='ocrx_word' id='word_1_166' title='bbox 686 3378 817 3453; x_wconf 89' lang='lat' dir='ltr'><strong>invasit</strong></span> <span class='ocrx_word' id='word_1_167' title='bbox 840 3397 952 3473; x_wconf 85' lang='lat' dir='ltr'><strong>aves,</strong></span> <span class='ocrx_word' id='word_1_168' title='bbox 967 3397 1077 3452; x_wconf 87' lang='lat' dir='ltr'><strong>canes</strong></span> <span class='ocrx_word' id='word_1_169' title='bbox 1102 3382 1139 3451; x_wconf 91' lang='lat' dir='ltr'><strong>et</strong></span> <span class='ocrx_word' id='word_1_170' title='bbox 1169 3376 1294 3470; x_wconf 84' lang='lat' dir='ltr'><strong>boves,</strong></span> <span class='ocrx_word' id='word_1_171' title='bbox 1328 3395 1397 3450; x_wconf 89' lang='lat' dir='ltr'><strong>nec</strong></span> <span class='ocrx_word' id='word_1_172' title='bbox 1425 3375 1588 3470; x_wconf 86' lang='lat' dir='ltr'><strong>pepercit</strong></span> <span class='ocrx_word' id='word_1_173' title='bbox 1618 3375 1800 3452; x_wconf 89' lang='lat' dir='ltr'><strong>nobilibus</strong></span> <span class='ocrx_word' id='word_1_174' title='bbox 1824 3384 1862 3452; x_wconf 92' lang='lat' dir='ltr'><strong>et</strong></span> 
     </span>
     <span class='ocr_line' id='line_1_22' title="bbox 687 3495 1862 3592; baseline -0.001 -19"><span class='ocrx_word' id='word_1_175' title='bbox 687 3499 841 3574; x_wconf 86' lang='lat' dir='ltr'><strong>lontibus</strong></span> <span class='ocrx_word' id='word_1_176' title='bbox 854 3497 976 3592; x_wconf 83' lang='lat' dir='ltr'><strong>equis3</strong></span> <span class='ocrx_word' id='word_1_177' title='bbox 990 3517 1058 3572; x_wconf 91' lang='lat' dir='ltr'><strong>nec</strong></span> <span class='ocrx_word' id='word_1_178' title='bbox 1071 3497 1147 3591; x_wconf 95' lang='lat' dir='ltr'><strong>lupi</strong></span> <span class='ocrx_word' id='word_1_179' title='bbox 1159 3496 1345 3572; x_wconf 87' lang='lat' dir='ltr'><strong>audebant</strong></span> <span class='ocrx_word' id='word_1_180' title='bbox 1359 3502 1510 3592; x_wconf 87' lang='lat' dir='ltr'><strong>tangere</strong></span> <span class='ocrx_word' id='word_1_181' title='bbox 1522 3495 1714 3572; x_wconf 85' lang='lat' dir='ltr'><strong>cadavera.</strong></span> <span class='ocrx_word' id='word_1_182' title='bbox 1723 3497 1862 3572; x_wconf 88' lang='lat' dir='ltr'><strong>Deinde</strong></span> 
     </span>
     <span class='ocr_line' id='line_1_23' title="bbox 686 3615 1860 3714; baseline -0.002 -21"><span class='ocrx_word' id='word_1_183' title='bbox 686 3617 797 3714; x_wconf 89' lang='lat' dir='ltr'><strong>pestis</strong></span> <span class='ocrx_word' id='word_1_184' title='bbox 821 3617 929 3712; x_wconf 89' lang='lat' dir='ltr'><strong>ooepit</strong></span> <span class='ocrx_word' id='word_1_185' title='bbox 954 3635 1104 3712; x_wconf 86' lang='lat' dir='ltr'><strong>serpere</strong></span> <span class='ocrx_word' id='word_1_186' title='bbox 1129 3615 1175 3690; x_wconf 92' lang='lat' dir='ltr'><strong>ad</strong></span> <span class='ocrx_word' id='word_1_187' title='bbox 1200 3615 1393 3711; x_wconf 85' lang='lat' dir='ltr'><strong>agricolas,</strong></span> <span class='ocrx_word' id='word_1_188' title='bbox 1418 3615 1549 3690; x_wconf 91' lang='lat' dir='ltr'><strong>deiude</strong></span> <span class='ocrx_word' id='word_1_189' title='bbox 1574 3615 1722 3691; x_wconf 89' lang='lat' dir='ltr'><strong>intravit</strong></span> <span class='ocrx_word' id='word_1_190' title='bbox 1745 3617 1860 3712; x_wconf 89' lang='lat' dir='ltr'><strong>ipsam</strong></span> 
     </span>
     <span class='ocr_line' id='line_1_24' title="bbox 687 3734 1862 3831; baseline 0.001 -20"><span class='ocrx_word' id='word_1_191' title='bbox 687 3739 832 3831; x_wconf 89' lang='lat' dir='ltr'><strong>urbem,</strong></span> <span class='ocrx_word' id='word_1_192' title='bbox 864 3743 902 3812; x_wconf 87' lang='lat' dir='ltr'><strong>at</strong></span> <span class='ocrx_word' id='word_1_193' title='bbox 930 3736 1028 3812; x_wconf 84' lang='lat' dir='ltr'><strong>cives</strong></span> <span class='ocrx_word' id='word_1_194' title='bbox 1063 3735 1316 3811; x_wconf 90' lang='lat' dir='ltr'><strong>moriebantur</strong></span> <span class='ocrx_word' id='word_1_195' title='bbox 1348 3734 1480 3810; x_wconf 92' lang='lat' dir='ltr'><strong>morbo</strong></span> <span class='ocrx_word' id='word_1_196' title='bbox 1508 3734 1618 3830; x_wconf 84' lang='lat' dir='ltr'><strong>igneo</strong></span> <span class='ocrx_word' id='word_1_197' title='bbox 1648 3754 1734 3810; x_wconf 93' lang='lat' dir='ltr'><strong>cum</strong></span> <span class='ocrx_word' id='word_1_198' title='bbox 1770 3736 1862 3812; x_wconf 88' lang='lat' dir='ltr'><strong>lacie</strong></span> 
     </span>
     <span class='ocr_line' id='line_1_25' title="bbox 686 3854 1861 3950; baseline -0.003 -18"><span class='ocrx_word' id='word_1_199' title='bbox 686 3858 912 3932; x_wconf 86' lang='lat' dir='ltr'><strong>inflammata</strong></span> <span class='ocrx_word' id='word_1_200' title='bbox 937 3855 1087 3948; x_wconf 88' lang='lat' dir='ltr'><strong>rubore,</strong></span> <span class='ocrx_word' id='word_1_201' title='bbox 1113 3875 1182 3930; x_wconf 89' lang='lat' dir='ltr'><strong>nec</strong></span> <span class='ocrx_word' id='word_1_202' title='bbox 1213 3854 1456 3930; x_wconf 87' lang='lat' dir='ltr'><strong>medicamina</strong></span> <span class='ocrx_word' id='word_1_203' title='bbox 1489 3855 1688 3950; x_wconf 90' lang='lat' dir='ltr'><strong>proderant</strong></span> <span class='ocrx_word' id='word_1_204' title='bbox 1711 3854 1861 3950; x_wconf 85' lang='lat' dir='ltr'><strong>aliquid,</strong></span> 
     </span>
     <span class='ocr_line' id='line_1_26' title="bbox 687 3973 1862 4072; baseline -0.003 -20"><span class='ocrx_word' id='word_1_205' title='bbox 687 3978 763 4052; x_wconf 92' lang='lat' dir='ltr'><strong>imo</strong></span> <span class='ocrx_word' id='word_1_206' title='bbox 800 3977 910 4072; x_wconf 78' lang='lat' dir='ltr'><strong>pestis</strong></span> <span class='ocrx_word' id='word_1_207' title='bbox 947 3976 1053 4052; x_wconf 88' lang='lat' dir='ltr'><strong>citius</strong></span> <span class='ocrx_word' id='word_1_208' title='bbox 1089 3973 1345 4071; x_wconf 87' lang='lat' dir='ltr'><strong>prosternebat</strong></span> <span class='ocrx_word' id='word_1_209' title='bbox 1382 3993 1466 4067; x_wconf 79' lang='lat' dir='ltr'><strong>eos,</strong></span> <span class='ocrx_word' id='word_1_210' title='bbox 1499 3980 1537 4049; x_wconf 89' lang='lat' dir='ltr'><strong>et</strong></span> <span class='ocrx_word' id='word_1_211' title='bbox 1566 3974 1700 4050; x_wconf 90' lang='lat' dir='ltr'><strong>ardore</strong></span> <span class='ocrx_word' id='word_1_212' title='bbox 1732 3975 1862 4070; x_wconf 93' lang='lat' dir='ltr'><strong>impel-</strong></span> 
     </span>
     <span class='ocr_line' id='line_1_27' title="bbox 686 4093 1861 4188; baseline -0.003 -16"><span class='ocrx_word' id='word_1_213' title='bbox 686 4099 785 4174; x_wconf 88' lang='lat' dir='ltr'><strong>lente</strong></span> <span class='ocrx_word' id='word_1_214' title='bbox 809 4096 1054 4173; x_wconf 85' lang='lat' dir='ltr'><strong>recurrebant</strong></span> <span class='ocrx_word' id='word_1_215' title='bbox 1077 4094 1124 4170; x_wconf 92' lang='lat' dir='ltr'><strong>ad</strong></span> <span class='ocrx_word' id='word_1_216' title='bbox 1149 4094 1313 4187; x_wconf 90' lang='lat' dir='ltr'><strong>tlumina,</strong></span> <span class='ocrx_word' id='word_1_217' title='bbox 1339 4093 1457 4168; x_wconf 84' lang='lat' dir='ltr'><strong>sontes</strong></span> <span class='ocrx_word' id='word_1_218' title='bbox 1473 4099 1511 4168; x_wconf 91' lang='lat' dir='ltr'><strong>et</strong></span> <span class='ocrx_word' id='word_1_219' title='bbox 1528 4101 1669 4188; x_wconf 84' lang='lat' dir='ltr'><strong>puteos,</strong></span> <span class='ocrx_word' id='word_1_220' title='bbox 1694 4113 1765 4170; x_wconf 87' lang='lat' dir='ltr'><strong>nec</strong></span> <span class='ocrx_word' id='word_1_221' title='bbox 1785 4094 1861 4171; x_wconf 88' lang='lat' dir='ltr'><strong>sitis</strong></span> 
     </span>
     <span class='ocr_line' id='line_1_28' title="bbox 687 4212 1859 4311; baseline -0.004 -18"><span class='ocrx_word' id='word_1_222' title='bbox 687 4218 847 4293; x_wconf 83' lang='lat' dir='ltr'><strong>extincta</strong></span> <span class='ocrx_word' id='word_1_223' title='bbox 873 4215 975 4311; x_wconf 90' lang='lat' dir='ltr'><strong>prius</strong></span> <span class='ocrx_word' id='word_1_224' title='bbox 999 4221 1055 4292; x_wconf 85' lang='lat' dir='ltr'><strong>est</strong></span> <span class='ocrx_word' id='word_1_225' title='bbox 1078 4235 1192 4309; x_wconf 89' lang='lat' dir='ltr'><strong>quam</strong></span> <span class='ocrx_word' id='word_1_226' title='bbox 1219 4213 1293 4288; x_wconf 89' lang='lat' dir='ltr'><strong>vita</strong></span> <span class='ocrx_word' id='word_1_227' title='bbox 1318 4212 1493 4306; x_wconf 85' lang='lat' dir='ltr'><strong>bibend03</strong></span> <span class='ocrx_word' id='word_1_228' title='bbox 1513 4213 1702 4310; x_wconf 79' lang='lat' dir='ltr'><strong>fugiebant</strong></span> <span class='ocrx_word' id='word_1_229' title='bbox 1722 4214 1859 4290; x_wconf 89' lang='lat' dir='ltr'><strong>lectum</strong></span> 
     </span>
     <span class='ocr_line' id='line_1_29' title="bbox 687 4326 1859 4433; baseline -0.005 -21"><span class='ocrx_word' id='word_1_230' title='bbox 687 4339 790 4414; x_wconf 89' lang='lat' dir='ltr'><strong>velut</strong></span> <span class='ocrx_word' id='word_1_231' title='bbox 813 4337 964 4433; x_wconf 87' lang='lat' dir='ltr'><strong>igneum</strong></span> <span class='ocrx_word' id='word_1_232' title='bbox 985 4326 1035 4428; x_wconf 65' lang='lat' dir='ltr'><strong>li),</strong></span> <span class='ocrx_word' id='word_1_233' title='bbox 1051 4340 1090 4408; x_wconf 93' lang='lat' dir='ltr'><strong>et</strong></span> <span class='ocrx_word' id='word_1_234' title='bbox 1106 4332 1242 4409; x_wconf 88' lang='lat' dir='ltr'><strong>debiles</strong></span> <span class='ocrx_word' id='word_1_235' title='bbox 1261 4331 1457 4408; x_wconf 88' lang='lat' dir='ltr'><strong>trabebant</strong></span> <span class='ocrx_word' id='word_1_236' title='bbox 1473 4353 1608 4428; x_wconf 88' lang='lat' dir='ltr'><strong>corpus</strong></span> <span class='ocrx_word' id='word_1_237' title='bbox 1628 4354 1695 4429; x_wconf 93' lang='lat' dir='ltr'><strong>per</strong></span> <span class='ocrx_word' id='word_1_238' title='bbox 1720 4340 1859 4408; x_wconf 90' lang='lat' dir='ltr'><strong>terram</strong></span> 
     </span>
     <span class='ocr_line' id='line_1_30' title="bbox 686 4451 1860 4550; baseline -0.005 -18"><span class='ocrx_word' id='word_1_239' title='bbox 686 4457 898 4534; x_wconf 90' lang='lat' dir='ltr'><strong>deserentes</strong></span> <span class='ocrx_word' id='word_1_240' title='bbox 922 4455 1053 4550; x_wconf 86' lang='lat' dir='ltr'><strong>singuli</strong></span> <span class='ocrx_word' id='word_1_241' title='bbox 1079 4454 1209 4530; x_wconf 91' lang='lat' dir='ltr'><strong>domos</strong></span> <span class='ocrx_word' id='word_1_242' title='bbox 1233 4471 1332 4547; x_wconf 88' lang='lat' dir='ltr'><strong>suas,</strong></span> <span class='ocrx_word' id='word_1_243' title='bbox 1356 4452 1443 4546; x_wconf 89' lang='lat' dir='ltr'><strong>quia</strong></span> <span class='ocrx_word' id='word_1_244' title='bbox 1475 4452 1594 4528; x_wconf 90' lang='lat' dir='ltr'><strong>omnis</strong></span> <span class='ocrx_word' id='word_1_245' title='bbox 1623 4454 1726 4528; x_wconf 91' lang='lat' dir='ltr'><strong>locus</strong></span> <span class='ocrx_word' id='word_1_246' title='bbox 1757 4451 1860 4527; x_wconf 85' lang='lat' dir='ltr'><strong>vide-</strong></span> 
     </span>
     <span class='ocr_line' id='line_1_31' title="bbox 687 4572 1918 4667; baseline -0.005 -16"><span class='ocrx_word' id='word_1_247' title='bbox 687 4578 798 4654; x_wconf 87' lang='lat' dir='ltr'><strong>batur</strong></span> <span class='ocrx_word' id='word_1_248' title='bbox 821 4576 991 4650; x_wconf 87' lang='lat' dir='ltr'><strong>intectus:</strong></span> <span class='ocrx_word' id='word_1_249' title='bbox 1024 4580 1061 4648; x_wconf 91' lang='lat' dir='ltr'><strong>et</strong></span> <span class='ocrx_word' id='word_1_250' title='bbox 1091 4573 1254 4649; x_wconf 87' lang='lat' dir='ltr'><strong>breviter</strong></span> <span class='ocrx_word' id='word_1_251' title='bbox 1285 4578 1385 4647; x_wconf 90' lang='lat' dir='ltr'><strong>terra</strong></span> <span class='ocrx_word' id='word_1_252' title='bbox 1409 4578 1492 4647; x_wconf 88' lang='lat' dir='ltr'><strong>erat</strong></span> <span class='ocrx_word' id='word_1_253' title='bbox 1520 4572 1660 4667; x_wconf 89' lang='lat' dir='ltr'><strong>repleta</strong></span> <span class='ocrx_word' id='word_1_254' title='bbox 1694 4572 1861 4665; x_wconf 88' lang='lat' dir='ltr'><strong>mortuis,</strong></span> <span class='ocrx_word' id='word_1_255' title='bbox 1915 4647 1918 4654; x_wconf 75' lang='grc'><em>,</em></span> 
     </span>
     <span class='ocr_line' id='line_1_32' title="bbox 689 4691 1861 4791; baseline -0.003 -22"><span class='ocrx_word' id='word_1_256' title='bbox 689 4696 754 4791; x_wconf 88' lang='lat' dir='ltr'><strong>qui</strong></span> <span class='ocrx_word' id='word_1_257' title='bbox 779 4694 958 4770; x_wconf 89' lang='lat' dir='ltr'><strong>cadebant</strong></span> <span class='ocrx_word' id='word_1_258' title='bbox 982 4693 1076 4768; x_wconf 91' lang='lat' dir='ltr'><strong>sicut</strong></span> <span class='ocrx_word' id='word_1_259' title='bbox 1100 4694 1250 4790; x_wconf 87' lang='lat' dir='ltr'><strong>glandes</strong></span> <span class='ocrx_word' id='word_1_260' title='bbox 1274 4692 1322 4767; x_wconf 90' lang='lat' dir='ltr'><strong>de</strong></span> <span class='ocrx_word' id='word_1_261' title='bbox 1346 4710 1501 4786; x_wconf 84' lang='lat' dir='ltr'><strong>quercu,</strong></span> <span class='ocrx_word' id='word_1_262' title='bbox 1519 4691 1667 4786; x_wconf 90' lang='lat' dir='ltr'><strong>quaudo</strong></span> <span class='ocrx_word' id='word_1_263' title='bbox 1683 4693 1861 4787; x_wconf 87' lang='lat' dir='ltr'><strong>quatitur,</strong></span> 
     </span>
     <span class='ocr_line' id='line_1_33' title="bbox 690 4812 1862 4912; baseline -0.001 -22"><span class='ocrx_word' id='word_1_264' title='bbox 690 4835 759 4892; x_wconf 90' lang='lat' dir='ltr'><strong>nec</strong></span> <span class='ocrx_word' id='word_1_265' title='bbox 785 4821 927 4912; x_wconf 88' lang='lat' dir='ltr'><strong>poterat</strong></span> <span class='ocrx_word' id='word_1_266' title='bbox 951 4815 1062 4890; x_wconf 87' lang='lat' dir='ltr'><strong>turba</strong></span> <span class='ocrx_word' id='word_1_267' title='bbox 1085 4815 1343 4891; x_wconf 85' lang='lat' dir='ltr'><strong>detunctorum</strong></span> <span class='ocrx_word' id='word_1_268' title='bbox 1370 4812 1525 4908; x_wconf 88' lang='lat' dir='ltr'><strong>sepeliri,</strong></span> <span class='ocrx_word' id='word_1_269' title='bbox 1546 4812 1621 4888; x_wconf 91' lang='lat' dir='ltr'><strong>imo</strong></span> <span class='ocrx_word' id='word_1_270' title='bbox 1648 4814 1754 4888; x_wconf 92' lang='lat' dir='ltr'><strong>multi</strong></span> <span class='ocrx_word' id='word_1_271' title='bbox 1778 4833 1862 4890; x_wconf 87' lang='lat' dir='ltr'><strong>cre·</strong></span> 
     </span>
    </p>
   </div>
   <div class='ocr_carea' id='block_1_5' title="bbox 754 5069 1726 5136">
    <p class='ocr_par' dir='ltr' id='par_1_5' title="bbox 754 5069 1726 5136">
     <span class='ocr_line' id='line_1_34' title="bbox 754 5069 1726 5136; baseline -0.001 -13"><span class='ocrx_word' id='word_1_272' title='bbox 754 5071 783 5134; x_wconf 86' lang='lat'><strong>(¹)</strong></span> <span class='ocrx_word' id='word_1_273' title='bbox 799 5071 830 5124; x_wconf 84' lang='grc' dir='ltr'><strong>Ε.</strong></span> <span class='ocrx_word' id='word_1_274' title='bbox 846 5073 965 5124; x_wconf 78' lang='lat' dir='ltr'><strong>cleliam</strong></span> <span class='ocrx_word' id='word_1_275' title='bbox 983 5077 1099 5136; x_wconf 77' lang='lat' dir='ltr'><strong>patrum.</strong></span> <span class='ocrx_word' id='word_1_276' title='bbox 1279 5069 1307 5134; x_wconf 80' lang='lat'><strong>(⁸)</strong></span> <span class='ocrx_word' id='word_1_277' title='bbox 1324 5075 1370 5123; x_wconf 81' lang='lat' dir='ltr'><strong>tlt</strong></span> <span class='ocrx_word' id='word_1_278' title='bbox 1385 5083 1401 5122; x_wconf 87' lang='lat' dir='ltr'><strong>e</strong></span> <span class='ocrx_word' id='word_1_279' title='bbox 1417 5071 1448 5122; x_wconf 82' lang='lat' dir='ltr'><strong>B.</strong></span> <span class='ocrx_word' id='word_1_280' title='bbox 1464 5071 1561 5136; x_wconf 78' lang='lat' dir='ltr'><strong>ignem,</strong></span> <span class='ocrx_word' id='word_1_281' title='bbox 1577 5074 1604 5122; x_wconf 80' lang='lat' dir='ltr'><strong>et</strong></span> <span class='ocrx_word' id='word_1_282' title='bbox 1620 5069 1726 5122; x_wconf 77' lang='lat' dir='ltr'><strong>debiles.</strong></span> 
     </span>
    </p>
   </div>
   <div class='ocr_carea' id='block_1_6' title="bbox 0 0 2278 6834">
    <p class='ocr_par' dir='ltr' id='par_1_6' title="bbox 0 0 2278 6834">
     <span class='ocr_line' id='line_1_35' title="bbox 0 0 2278 6834; baseline 0 0"><span class='ocrx_word' id='word_1_283' title='bbox 0 0 2278 6834; x_wconf 95' lang='lat' dir='ltr'><strong> </strong></span> 
     </span>
    </p>
   </div>
  </div>
 </body>
</html>
