4534 6842
708 941 776 1008 120
1100 953 1303 1010 domnum
1330 953 1484 1008 lllrlllllll

704 1117 805 1171 verso
829 1087 879 1190 ld,
904 1097 1049 1192 scilicet,
1078 1097 1175 1174 eirca
1209 1098 1341 1194 ripam,
1373 1116 1456 1192 quae
1487 1095 1623 1172 claudit
1653 1095 1760 1172 ulam
1790 1097 1872 1172 bm-

703 1217 815 1312 giam,
841 1220 880 1293 di
902 1221 1011 1316 questi
1040 1221 1119 1311 mci,
1144 1217 1279 1294 scilicet
1311 1217 1427 1312 sociis,
1452 1240 1478 1291 a
1500 1219 1699 1309 riquardar
1725 1221 1754 1292 ι)
1766 1223 1870 1293 dcun

702 1358 741 1410 se
757 1357 800 1410 ne
814 1340 983 1431 ιοίοιὺια,
1000 1338 1102 1433 idest,
1127 1338 1158 1412 si
1181 1338 1313 1432 aliquis
1339 1337 1552 1433 punitorum
1572 1337 1648 1412 exit
1665 1358 1753 1412 cum
1771 1339 1870 1414 reni·

703 1456 774 1532 bus
799 1479 909 1553 supra
923 1450 961 1549 (¹)
986 1457 1067 1553 pice
1097 1457 1144 1532 ad
1172 1458 1414 1534 alleviandam
1443 1477 1604 1552 poenam,
1630 1458 1735 1552 quasi
1764 1459 1871 1554 dicat,

704 1579 733 1652 si
751 1578 882 1672 aliquis
906 1597 946 1652 se
971 1577 1164 1674 refrigeret
1180 1577 1305 1672 aliquo
1322 1579 1444 1672 modu,
1461 1578 1548 1672 quia
1564 1579 1648 1652 volo
1670 1577 1769 1673 quod
1785 1599 1875 1654 con-

705 1699 809 1773 tinuo
835 1698 930 1773 bene
958 1705 1166 1792 coquantur
1197 1698 1266 1772 sub
1297 1698 1388 1794 pice,
1414 1697 1517 1793 idest,
1546 1698 1646 1794 quod
1680 1698 1872 1794 perfician-

705 1824 768 1892 tur
778 1809 815 1911 (¹)
841 1818 879 1892 in
903 1817 1099 1913 bacularis,
1125 1818 1174 1893 ita
1200 1818 1299 1912 quod
1328 1818 1471 1893 occulte
1500 1818 1667 1893 laborent
1691 1825 1728 1894 et
1752 1826 1871 1894 caute.

705 1938 790 2012 ldeo
814 1937 921 2013 dicit:
946 1940 1015 2029 9itc
1038 1957 1105 2012 coc
1129 1941 1221 2030 loro,
1243 1938 1348 2032 qnasi
1373 1938 1487 2013 dicat:
1505 1937 1626 2013 vadite
1651 1957 1792 2032 secure,
1812 1941 1873 2012 cte

705 2077 777 2130 nnn
799 2077 954 2130 ιεναιιιιο
977 2060 1043 2150 rei,
1069 2057 1203 2132 scilicet
1229 2057 1342 2152 vobis,
1368 2057 1454 2152 quia
1480 2077 1553 2132 nun
1578 2057 1663 2132 estis
1688 2057 1874 2152 baratarii,

705 2182 829 2272 elego
847 2175 1018 2251 mandavi
1038 2175 1102 2270 eis,
1120 2181 1252 2250 utnon
1270 2182 1420 2273 tangant
1436 2196 1511 2250 vos.
1531 2176 1575 2250 lit
1594 2177 1750 2252 ostendit
1763 2184 1874 2253 antor

705 2296 892 2390 quomodo
922 2295 1053 2392 primo,
1078 2303 1278 2391 autequam
1309 2287 1758 2393 nomeneulatores
1790 2297 1875 2372 lecit

706 2423 920 2511 monstram,
944 2415 1089 2492 dicens:
1116 2419 1185 2509 eto,
1209 2417 1344 2492 scilicet
1366 2417 1427 2492 ille
1443 2417 1638 2511 llalacoda,
1664 2409 1831 2491 comoed
1850 2438 1876 2489 a

705 2540 778 2629 det,
803 2537 1024 2611 nominando
1051 2557 1358 2632 unumquemque
1383 2537 1530 2633 proprio
1544 2525 1581 2630 (⁸)
1607 2537 1766 2631 nornine,
1788 2545 1876 2611 state

707 2663 845 2748 uenam,
871 2655 1016 2750 scilicet,
1033 2657 1258 2752 precentoris
1282 2677 1348 2732 vos
1372 2677 1518 2733 coram:
1547 2660 1717 2750 Aliclduo,
1737 2677 1872 2732 nomen

706 2783 761 2853 est
789 2777 898 2873 primi
928 2776 1114 2871 daemonis,
1145 2777 1208 2871 qui
1223 2769 1260 2870 (⁵)
1294 2777 1404 2852 allicit
1427 2777 1517 2852 alios
1549 2778 1596 2852 ad
1620 2777 1876 2872 baratandnm,

707 2897 976 2988 chcadrlnc,
1008 2916 1143 2972 nomen
1176 2896 1338 2972 secundi
1359 2897 1545 2990 daemonis,
1573 2903 1610 2972 et
1638 2903 1693 2972 est
1721 2897 1781 2973 ille
1810 2897 1874 2992 qui

706 3017 858 3092 calcavit
882 3017 929 3092 de
952 3015 1047 3090 duro
1072 3023 1110 3092 et
1134 3017 1245 3112 molli,
1271 3038 1290 3090 c
1315 3024 1350 3091 ιιι
1378 3021 1587 3110 θαφιαεοιο,
1612 3037 1748 3092 nomen
1765 3017 1873 3112 tertii,

707 3157 818 3232 quem
844 3136 895 3211 sic
919 3135 1177 3211 denominata
1202 3136 1416 3230 rapacitate:
1438 3137 1536 3212 unde
1560 3156 1672 3232 snpra
1696 3136 1875 3211 assimila-

707 3256 761 3331 vit
786 3254 972 3330 diabolum
997 3260 1204 3351 portantem
1230 3261 1461 3350 peccatorem
1486 3255 1683 3330 crudeliter
1708 3256 1875 3348 mastico,

708 3375 791 3451 ideo
815 3376 910 3450 bene
934 3375 1106 3450 convenit
1129 3375 1197 3449 sibi
1214 3395 1362 3470 nomen,
1380 3374 1467 3469 quia
1484 3375 1707 3472 Cagmccius
1724 3383 1780 3451 est
1796 3398 1876 3452 ma-

706 3517 802 3592 gnus
827 3495 926 3570 canis
950 3495 987 3569 in
1012 3495 1167 3592 vulgari,
1194 3496 1253 3571 vel
1284 3495 1384 3571 canis
1413 3495 1549 3592 ignitus
1577 3496 1642 3590 qui
1676 3497 1765 3570 nulli
1790 3515 1876 3590 par-

707 3615 767 3708 cit,
792 3636 812 3687 c
836 3615 1067 3688 Βανόαιιοιια
1091 3617 1188 3705 occidi
1212 3617 1249 3688 lu
1273 3617 1409 3707 ἀιοίιια,
1430 3634 1566 3690 nomen
1591 3616 1712 3709 quarti
1737 3615 1878 3690 daemo-

709 3733 776 3828 nis,
810 3739 847 3807 ct
884 3739 940 3808 est
973 3733 1176 3809 inveterata
1207 3734 1352 3810 dierum
1383 3735 1565 3829 nequitia3
1592 3755 1677 3809 nam
1713 3735 1878 3830 crispedo

708 3853 834 3928 barbe
851 3862 889 3931 el
912 3853 1127 3949 capillorum
1153 3854 1298 3952 signum
1319 3861 1374 3930 est
1392 3856 1498 3930 malae
1516 3855 1678 3950 malitiae,
1693 3863 1735 3928 nt
1752 3855 1879 3931 dicunt

710 4093 959 4188 decurionem,
986 4094 1071 4188 quia
1097 4094 1307 4170 Malacauda
1322 4085 1359 4187 (⁶)
1390 4093 1560 4169 dominus
1590 4095 1805 4172 remanebat
1830 4095 1877 4172 ibi

711 4214 748 4288 in
774 4214 847 4290 line
870 4214 999 4309 pontis,
1025 4221 1062 4290 et
1086 4215 1146 4290 alii
1172 4215 1299 4290 decem
1321 4215 1503 4291 debebant
1519 4215 1574 4290 ire
1591 4235 1656 4310 per
1673 4215 1790 4310 ripam
1807 4215 1878 4291 cir-

709 4337 875 4410 cularem
906 4335 953 4409 ad
985 4335 1220 4409 scortandum
1251 4335 1336 4410 istos
1367 4355 1486 4429 usqne
1514 4335 1561 4409 ad
1590 4334 1703 4409 alium
1730 4341 1877 4430 pontem

710 4456 774 4550 qui
804 4473 987 4548 nusquam
1003 4445 1040 4546 (⁷)
1074 4453 1289 4550 reperietur,
1322 4457 1499 4530 lelcoclto
1528 4476 1641 4547 oeque
1671 4459 1784 4550 oum
1813 4455 1881 4530 istc

710 4575 972 4668 interpretatur
991 4571 1123 4648 ardens
1143 4580 1180 4648 et
1196 4595 1370 4671 coquens,
1389 4582 1427 4652 et
1447 4581 1501 4651 est
1517 4594 1653 4652 nomen
1670 4575 1787 4669 quinli
1804 4576 1881 4650 dae-

773 4835 800 4898 (·)
818 4839 863 4887 lld
878 4847 894 4886 e
910 4835 941 4885 ln
957 4847 1035 4899 supra
1051 4837 1142 4901 ulem
1381 4841 1409 4904 (“)
1427 4847 1481 4904 tlt,
1497 4841 1568 4907 quud
1583 4841 1650 4892 bena
1666 4839 1844 4904 prcdclnlur.

773 4911 800 4971 (⁸)
814 4909 841 4962 S.
857 4915 992 4962 mutuent
1007 4923 1043 4974 ιι,
1059 4913 1108 4964 luta
1123 4913 1184 4964 dux.
1383 4917 1409 4980 (·)
1426 4918 1456 4968 ll
1474 4931 1522 4981 pru
1537 4917 1643 4968 nomas
1657 4915 1773 4980 proprlo.

773 4986 801 5052 (¹)
817 4991 871 5047 lto.
888 4990 916 5038 st
929 4993 969 5040 eal
983 4989 1030 5041 lllc
1044 4991 1091 5056 qui
1105 4990 1194 5044 slllclt.
1380 4992 1408 5056 (“)
1426 4999 1480 5056 ιιι,
1498 4993 1649 5047 llalscmds
1665 4987 1822 5043 mimum

774 5062 802 5126 t'l
817 5062 844 5116 S·
858 5075 1001 5130 mmillul·
