4580 6844
1116 967 1320 1024 contituit
1343 969 1495 1024 turcum

722 1345 889 1414 CANTUS
918 1343 1149 1414 vleustuus
1180 1343 1384 1425 OCTAVUS,
1408 1347 1445 1414 iu
1475 1365 1536 1431 puo
1565 1351 1724 1414 eadum
1745 1347 1785 1416 do
1804 1367 1891 1414 nonu

802 1456 1892 1542 buipiuiupuoponitscismuiicosfessosudmombuoetseirros

798 1567 945 1636 monuo
976 1566 1084 1634 moitis
1111 1567 1214 1634 modis
1242 1567 1299 1634 sub
1329 1567 1420 1634 titudo
1449 1567 1654 1636 Muobometti
1680 1574 1712 1636 ot
1738 1568 1833 1636 Pieri
1853 1567 1893 1635 dr

801 1679 966 1746 Medicina
982 1677 1103 1744 met
1123 1677 1164 1744 de
1183 1676 1304 1758 Rooru5
1329 1683 1360 1744 et
1381 1677 1502 1744 domiui
1518 1677 1679 1746 Beltrumi
1691 1679 1742 1746 dci
1756 1678 1892 1758 Boou,

802 1797 832 1857 ot
853 1790 975 1856 Misco
997 1789 1036 1856 de
1057 1787 1237 1854 Lambertis
1258 1793 1289 1856 et
1309 1788 1445 1854 ationem
1465 1787 1644 1856 muno.

804 2069 924 2238 Cur
942 2169 1050 2258 porto
1075 2169 1148 2240 mut
1165 2186 1240 2258 pur
1264 2185 1331 2240 cort
1347 2169 1475 2258 porois
1491 2167 1617 2240 sciolis.
1635 2166 1832 2260 Postquam
1853 2166 1890 2239 iu

723 2284 869 2359 duobus
899 2284 1064 2380 capitulis
1097 2283 1266 2380 proxime
1298 2283 1587 2379 precedentibus
1620 2289 1730 2360 autor
1768 2289 1891 2359 noster

725 2403 894 2477 tractavit
919 2409 957 2477 et
979 2402 1238 2478 determinavit
1270 2402 1317 2478 de
1341 2423 1452 2499 poeua
1485 2409 1705 2496 astutorum,
1731 2404 1795 2498 qui
1823 2423 1893 2498 pu·-

727 2522 880 2597 niuntur
912 2523 998 2619 igne
1026 2523 1064 2596 in
1097 2529 1227 2598 octava
1261 2522 1397 2620 butgia,
1432 2543 1531 2598 nunc
1560 2533 1828 2616 consequenter
1857 2521 1895 2596 in

727 2641 887 2736 presenti
912 2643 1070 2736 capitulo
1095 2642 1238 2716 XXVII!
1267 2644 1410 2739 agitet
1444 2650 1577 2720 tractat
1610 2643 1657 2718 de
1689 2663 1799 2739 poena
1824 2641 1895 2716 sci·

728 2761 966 2835 smaticorum
992 2759 1055 2854 qui
1079 2761 1284 2856 puniuntur
1308 2761 1409 2838 ferro
1433 2763 1470 2836 in
1495 2782 1592 2838 nona
1617 2760 1752 2858 buigia.
1774 2762 1819 2835 Et
1838 2767 1894 2836 to-

726 2887 807 2954 tum
832 2879 1034 2976 capitutum
1055 2887 1173 2976 potest
1189 2881 1298 2956 dividi
1315 2882 1352 2955 in
1369 2889 1530 2976 quatuor
1545 2888 1669 2977 partes
1685 2881 1892 2977 generalem

723 3001 762 3074 in
787 2999 906 3096 prima
931 3020 1092 3094 quarum
1116 3006 1227 3075 autor
1251 3000 1421 3076 describit
1438 3021 1585 3096 poenam
1603 2999 1890 3074 scismaticorum

725 3122 762 3196 in
787 3119 960 3218 generali.
987 3121 1028 3194 in
1052 3119 1212 3195 secunda
1236 3119 1407 3196 describit
1435 3141 1583 3218 poenam
1609 3121 1719 3196 unius
1743 3121 1893 3196 scisma-

725 3240 783 3315 tici
800 3235 836 3332 (¹)
862 3240 1015 3334 antiqui,
1036 3239 1099 3333 qui
1116 3239 1270 3317 excessit
1285 3261 1414 3316 omnes
1432 3241 1654 3317 scismaticos
1672 3241 1810 3336 nundi,
1828 3241 1891 3335 qui

725 3359 881 3454 explicat
910 3358 1060 3432 modum
1095 3379 1214 3454 poenae
1243 3359 1421 3454 omnium,
1452 3367 1491 3436 et
1521 3382 1638 3435 unum
1671 3359 1891 3435 modernum

728 3477 949 3573 praenuntiat
961 3477 1010 3550 ibi
1029 3475 1291 3571 damnandum,
1309 3477 1377 3551 ibi:
1399 3469 1466 3552 th
1483 3484 1617 3570 veppiu.
1636 3481 1676 3553 ln
1693 3480 1811 3573 tertia,
1830 3479 1895 3554 dc-

726 3597 851 3671 scribit
864 3615 1012 3692 poenam
1030 3595 1182 3668 atterius
1198 3595 1392 3672 scismatici
1409 3597 1576 3673 moderni
1588 3599 1650 3692 qui
1668 3598 1895 3693 praenunciat

728 3722 886 3791 mortem
913 3715 1156 3790 miserabilem
1183 3715 1444 3811 quorumdam,
1473 3723 1510 3792 et
1539 3717 1747 3791 manifestat
1776 3737 1894 3790 unum

727 3835 868 3910 socium
903 3834 1109 3928 antiquum,
1138 3833 1210 3908 ibi:
1242 3838 1294 3906 uo
1327 3837 1431 3908 uttro.
1467 3837 1507 3910 ln
1533 3843 1665 3929 quarta
1699 3843 1737 3910 et
1766 3835 1895 3911 uitima

726 3955 897 4031 describit
930 3975 1057 4052 poenas
1090 3955 1251 4029 duorum
1289 3955 1554 4030 modernorum
1591 3955 1894 4050 scismaticomm,

726 4077 793 4152 ibi:
820 4082 866 4151 Et
880 4098 926 4150 uu
952 4079 1116 4151 ct’auou.
1142 4074 1196 4150 Ad
1220 4075 1383 4170 primum
1405 4075 1486 4150 dico
1507 4077 1607 4171 quod
1623 4084 1732 4151 autor
1757 4076 1833 4174 agit
1857 4081 1895 4150 et

726 4202 859 4272 tractat
892 4197 939 4272 de
969 4216 1077 4291 poena
1109 4195 1270 4292 generali
1302 4195 1610 4270 scismaticorum:
1641 4202 1679 4270 et
1708 4195 1794 4290 quia
1826 4194 1894 4269 ista

725 4336 834 4412 poena
847 4315 1007 4390 consistit
1029 4313 1067 4388 in
1086 4312 1319 4387 multitudine
1335 4319 1372 4388 et
1393 4313 1603 4389 diversitate
1622 4314 1814 4410 plagarum
1837 4313 1894 4386 in-

725 4431 1050 4529 comprebensibili,
1076 4431 1158 4507 ideo
1183 4442 1292 4508 autor
1321 4431 1444 4526 incipit
1468 4455 1490 4506 a
1516 4432 1676 4527 quadam
1706 4430 1893 4506 exclama-

726 4553 825 4627 tione
849 4557 887 4626 et
912 4551 1000 4647 petit
1016 4571 1102 4625 cum
1121 4550 1381 4645 admiratione3
1402 4557 1439 4626 et
1456 4551 1541 4628 dicit
1557 4551 1718 4625 breviter
1735 4554 1772 4624 et
1791 4570 1895 4623 sum-

726 4671 865 4746 marie:
891 4671 974 4764 quis
998 4670 1151 4766 scriptor
1177 4691 1304 4746 rerum
1330 4675 1519 4768 gestarum
1544 4675 1665 4766 posset
1686 4669 1894 4744 describere

726 4789 950 4865 sufficienter
967 4790 1004 4863 in
1021 4809 1141 4884 prosa,
1167 4789 1302 4864 nedum
1330 4791 1366 4865 in
1393 4810 1516 4884 versu,
1533 4789 1749 4864 varietatem
1775 4795 1813 4864 et
1836 4789 1895 4862 in-

791 5061 819 5124 i')
835 5061 866 5112 lt.
882 5062 1017 5114 scismatici
1033 5062 1131 5128 aubqui
1147 5063 1174 5114 br
1190 5061 1302 5128 speciali,
1319 5063 1373 5128 qut.
