4534 6842
661 945 798 1002 ernrus
824 935 1233 1004 nossruus‘sscunuus.
1412 999 1416 1006 ,
1467 936 1534 1004 133

367 1114 514 1168 summa
540 1092 749 1189 ignominia,
781 1094 875 1168 sicut
905 1095 1086 1170 laceratus
1111 1093 1180 1170 luit
1204 1093 1362 1190 spiritus,
1388 1093 1434 1168 de
1461 1113 1537 1188 quo

322 1259 324 1264 .
369 1214 490 1288 statim
516 1213 668 1288 dicetur.

441 1337 482 1406 Io
508 1337 588 1407 uidi.
616 1336 684 1410 Ista
712 1342 766 1408 est
791 1336 951 1410 secunda
968 1357 1053 1430 pars
1069 1335 1262 1432 generalis,
1276 1335 1313 1408 in
1333 1357 1406 1429 qua
1428 1343 1538 1410 autor

368 1453 538 1528 describit
563 1454 796 1550 singulariter
823 1477 940 1530 unum
966 1477 1155 1530 summum
1182 1456 1400 1550 magistrum
1426 1457 1536 1530 bara-

368 1575 469 1650 tariae
495 1595 561 1670 per
587 1587 751 1670 tempora
783 1577 970 1652 moderna.
1005 1577 1048 1650 ut
1081 1576 1201 1671 primo
1232 1576 1418 1670 praemittit
1442 1597 1537 1670 quo-

368 1695 477 1770 modo
502 1695 570 1770 iste
594 1697 662 1774 luit
687 1703 814 1792 captus
838 1697 928 1770 dum
955 1696 1189 1772 remansisset
1216 1696 1263 1770 ad
1291 1697 1408 1792 ripam
1440 1697 1536 1792 sossi,

369 1815 461 1890 sicut
491 1817 667 1912 contingit
690 1838 787 1912 saepe
821 1818 919 1912 quod
950 1839 1025 1892 una
1058 1837 1146 1890 rana
1172 1823 1350 1910 remanet,
1376 1816 1453 1890 aliis
1477 1817 1537 1891 tu-

368 1935 549 2032 gientibus
580 1937 649 2010 sub
673 1959 821 2032 aquam.
848 1938 940 2014 Dicit
966 1958 1073 2034 crgo:
1100 1940 1141 2009 Io
1167 1939 1250 2028 criti,
1276 1947 1312 2012 et
1338 1938 1425 2031 quia
1448 1937 1535 2011 vidit

369 2075 448 2128 rem
475 2056 685 2130 horribilem
714 2057 831 2150 nimis,
849 2057 930 2132 ideo
956 2057 1069 2131 addit:
1088 2065 1120 2129 et
1139 2077 1250 2128 anaor
1265 2059 1293 2130 tt
1306 2079 1369 2130 cor
1389 2061 1438 2132 mi
1454 2079 1536 2131 ruc-

367 2177 555 2267 capra'ccto,
572 2175 674 2269 idest,
691 2177 811 2251 adbuc
829 2177 953 2252 tremit
970 2175 1116 2270 quando
1135 2177 1257 2250 recolo
1283 2184 1431 2272 propter
1448 2178 1537 2252 bor-

369 2294 575 2368 ribilitatem
593 2316 723 2390 poeuae,
741 2319 811 2368 uno
828 2304 996 2389 ospcttor,
1009 2296 1099 2370 dum
1117 2295 1168 2370 sic
1186 2296 1394 2371 Barbaricia
1412 2298 1481 2372 iret
1497 2292 1533 2390 (¹)

369 2414 465 2489 circa
491 2416 628 2488 iossum
655 2423 692 2490 et
707 2407 744 2508 (²)
770 2417 970 2492 custodiret
993 2437 1041 2492 ue
1065 2416 1196 2510 aliquis
1221 2417 1339 2492 exiret
1364 2417 1536 2512 picem,a

369 2533 488 2627 simili,
513 2529 584 2607 cosi
607 2556 703 2608 corne
726 2539 888 2608 incontra
913 2540 963 2609 cta'
977 2557 1047 2610 uno
1072 2557 1168 2609 roua
1192 2539 1340 2629 rimam,
1358 2558 1442 2632 quae
1468 2537 1538 2609 mi-

370 2677 440 2729 nus
465 2654 578 2748 timet,
605 2677 623 2728 e
647 2659 669 2728 t'
683 2659 778 2728 oltra
802 2659 953 2749 spicam·
976 2656 1078 2751 idest,
1103 2663 1248 2750 separat
1276 2676 1316 2732 sc
1341 2664 1378 2730 et
1404 2655 1539 2752 refugit

369 2774 439 2848 sub
458 2796 594 2869 aquam
620 2797 696 2871 prae
720 2777 867 2850 timore:
890 2777 958 2850 iste
974 2785 1102 2852 autem
1120 2787 1201 2854 erat
1220 2777 1368 2872 quidam
1391 2777 1538 2872 spiritus

370 2895 625 2989 novarriensis,
651 2918 670 2968 e
698 2901 938 2990 mammone,-
963 2896 1058 2971 bene
1086 2897 1216 2971 audisti
1250 2897 1285 2970 in
1316 2897 1534 2991 procedenti

369 3017 539 3112 capituto,
557 3016 655 3108 quod
676 3016 742 3090 iste
767 3017 893 3111 scalpit
917 3015 1007 3090 alios
1025 3016 1237 3109 baratarios,
1255 3017 1336 3090 idco
1356 3017 1451 3090 bene
1467 3037 1538 3090 au-

369 3143 426 3212 tor
451 3136 513 3212 dat
540 3137 605 3210 sibi
631 3136 793 3212 officium
820 3136 981 3232 capiendi
1008 3143 1044 3212 et
1070 3137 1234 3210 trahendi
1255 3137 1377 3230 istum,
1404 3143 1446 3209 ut
1469 3135 1536 3208 sibi

368 3256 489 3330 debite
514 3258 630 3331 solvat
655 3256 701 3330 de
726 3256 923 3350 barataria;
950 3256 1031 3330 ideo
1057 3256 1164 3330 dicit:
1190 3258 1250 3328 stre
1273 3259 1402 3348 ultera
1422 3249 1538 3348 piricii

367 3383 504 3468 condo,
523 3376 625 3471 idest,
644 3377 761 3472 magis
779 3383 878 3450 recte
892 3395 937 3450 er
951 3377 1127 3471 opposito,
1143 3379 1193 3468 pti
1212 3369 1420 3466 oronciptid,
1434 3375 1537 3467 idest,

368 3519 455 3571 cum
483 3497 616 3571 uncino
642 3498 748 3592 cepit,
774 3499 1009 3589 t’irnpepotote
1034 3518 1142 3587 come,
1169 3496 1269 3590 idest,
1296 3497 1442 3592 capillos
1467 3497 1538 3570 im·

369 3617 575 3712 piscatosc
598 3621 725 3690 trassel
741 3637 795 3708 nr,
817 3617 962 3711 scilicet,
980 3615 1027 3692 de
1044 3617 1123 3713 pice
1141 3637 1252 3712 supra
1268 3638 1418 3711 aquam,
1439 3616 1536 3710 quod

369 3737 437 3810 tuit
456 3735 629 3811 horribile
649 3735 791 3828 videre3
810 3735 892 3810 ideo
912 3737 1019 3810 dicit:
1040 3739 1100 3810 obe
1124 3741 1173 3809 mi
1182 3759 1298 3830 parve
1312 3756 1386 3810 uno
1405 3740 1533 3810 toccu.

369 3856 423 3929 dd
448 3856 554 3930 cuius
575 3855 820 3950 cognitionem
838 3863 892 3929 est
911 3855 1114 3950 sciendum,
1132 3857 1230 3950 quod
1252 3857 1371 3932 loutra
1389 3861 1442 3929 est
1460 3855 1539 3928 ani-

371 3977 446 4050 mal
475 3975 699 4070 aquaticum,
725 3978 898 4070 palustre,
926 3976 1091 4070 longum,
1121 3975 1275 4071 pilosum
1306 3975 1353 4049 ad
1385 3975 1536 4049 modum

371 4095 499 4190 vulpis,
527 4095 673 4192 nigrum
699 4115 785 4170 cum
819 4116 925 4168 muso
955 4102 1076 4188 acuto,
1108 4101 1146 4168 et
1176 4100 1231 4168 est
1263 4094 1368 4168 valde
1392 4093 1538 4166 inimica

370 4215 625 4311 piscatoribus3
654 4237 738 4290 nam
766 4235 837 4289 non
864 4220 1033 4289 contenta
1056 4205 1093 4306 (³)
1119 4211 1275 4308 piscibus
1305 4233 1398 4307 quos
1423 4213 1539 4287 libere

371 4345 545 4432 vagantes
570 4336 677 4431 capit,
702 4357 798 4430 saepe
814 4323 850 4426 (⁴)
877 4334 1050 4409 dilacerat
1076 4334 1167 4408 retia
1190 4332 1410 4428 piscatorum
1431 4333 1536 4428 plena

370 4456 538 4552 piscibus,
563 4455 612 4530 ita
638 4455 736 4552 quod
761 4456 876 4550 pisces
902 4455 996 4550 capti
1022 4456 1192 4530 evadunt
1220 4455 1323 4528 llodo
1349 4454 1537 4528 considera

371 4578 465 4652 bene
489 4577 674 4672 propriam
700 4577 1012 4671 comparationem
1037 4576 1189 4651 autoris.
1208 4578 1342 4652 bontra
1366 4574 1464 4650 enim
1484 4582 1540 4650 est

370 4696 486 4794 nigra,
512 4697 561 4772 ita
587 4697 813 4792 baratarius3
840 4698 958 4774 lontra
983 4703 1053 4771 stat
1079 4697 1115 4770 in
1142 4699 1236 4770 valle
1262 4703 1421 4791 mortua,
1446 4697 1540 4772 sicut

432 4987 462 5050 t't
480 4991 533 5048 ¹¹⁰,
549 4993 614 5038 ent
1023 4985 1050 5050 (¹)
1069 4990 1123 5048 us,
1139 4993 1169 5038 m
1184 4987 1335 5039 mount.

434 5063 462 5128 (¹)
479 5068 533 5124 rto,
550 5069 715 5117 contentatur
731 5065 849 5130 piscibus.
1021 5064 1048 5128 (⁸)
1066 5067 1120 5126 tta,
1137 5063 1182 5115 red
1196 5062 1327 5114 dilacerat.
