4580 6844
721 946 792 1014 sea
1115 955 1319 1012 acuunruu
1342 957 1497 1012 rursum

720 1107 900 1178 constans.
927 1101 990 1175 llla
1015 1100 1157 1177 imbuta
1186 1101 1350 1176 doctrina
1376 1101 1518 1177 Dulciui
1543 1119 1749 1194 numquam
1783 1098 1892 1174 dese·

722 1221 798 1296 ruit
824 1219 993 1294 mandata
1018 1219 1110 1313 eius,
1127 1219 1202 1294 imo
1215 1211 1252 1312 (⁴)
1271 1220 1493 1314 pertinacius
1513 1240 1559 1296 ec
1579 1219 1647 1293 luit
1666 1217 1786 1312 drma,
1802 1236 1894 1293 con-

722 1342 880 1416 siderata
902 1339 1114 1415 infirmitate
1138 1361 1261 1414 sexus.
1278 1342 1370 1415 Nam
1392 1361 1480 1416 cum
1501 1340 1607 1414 multi
1627 1339 1765 1414 nobiles
1789 1359 1895 1434 quae·

723 1466 849 1536 recent
873 1478 955 1534 eam
974 1459 1011 1533 in
1030 1479 1199 1553 uxorem,
1215 1466 1295 1533 tum
1314 1466 1464 1554 propter
1489 1459 1585 1534 illius
1610 1458 1892 1553 pulcritudinem

722 1579 955 1670 immensam,
973 1585 1051 1652 tum
1074 1585 1222 1673 propter
1247 1579 1326 1654 eius
1351 1577 1544 1673 pecuniam
1573 1597 1758 1674 magnam,
1784 1597 1895 1652 num·

723 1719 836 1792 quam
866 1697 986 1790 potuit
1012 1697 1117 1772 flecti.
1151 1698 1252 1772 Unde
1276 1697 1356 1793 pari
1381 1718 1490 1792 poena
1515 1717 1601 1772 cum
1618 1689 1656 1789 (²)
1682 1695 1780 1770 dulci
1805 1697 1895 1770 liul-

722 1817 805 1892 cino
830 1838 898 1891 suo
922 1818 1023 1892 ierro
1047 1822 1084 1892 et
1108 1817 1194 1914 igne
1215 1818 1374 1892 lacerata
1406 1818 1507 1891 illum
1533 1817 1710 1892 audacter
1734 1824 1892 1911 sequuta

720 1943 775 2010 est
813 1937 860 2010 ad
898 1936 1044 2010 inierns.
1082 1936 1199 2009 Huius
1235 1936 1377 2010 Dulcini
1414 1936 1483 2010 init
1520 1935 1685 2011 medicus
1716 1935 1893 2032 magister

721 2055 931 2151 liapnaldus
955 2055 1003 2129 de
1027 2055 1221 2151 Bergamo,
1253 2056 1359 2130 cuius
1391 2075 1504 2149 nepos
1537 2055 1625 2129 mibi
1655 2057 1770 2130 multa
1804 2075 1913 2188 narb

721 2175 817 2248 ravit
850 2173 897 2248 de
930 2173 1079 2248 bomine
1110 2175 1189 2249 isto.
1225 2175 1329 2249 Nunc
1365 2175 1412 2249 ad
1450 2175 1605 2250 literam.
1648 2175 1740 2251 Dicit
1770 2175 1893 2252 liaco-

721 2294 868 2368 metbus
893 2294 1022 2370 Danti:
1048 2301 1137 2385 cta,
1154 2298 1214 2368 cicc
1227 2299 1325 2388 forse
1345 2297 1469 2370 cedrci
1484 2298 1512 2368 il
1529 2298 1586 2368 sci
1598 2299 1636 2368 ia
1655 2295 1771 2386 breve,
1787 2295 1890 2392 idest,

723 2412 785 2506 qui
811 2412 883 2487 cito
909 2413 1042 2486 redibis
1069 2413 1115 2488 ad
1146 2413 1326 2488 mundum
1359 2415 1573 2509 viventium,
1604 2415 1667 2489 ubi
1698 2416 1796 2491 lucet
1825 2419 1892 2510 sel,

723 2533 787 2626 qui
814 2523 969 2624 nobist³l
995 2555 1068 2608 non
1093 2533 1265 2628 splendet.
1292 2535 1336 2607 Et
1359 2534 1444 2609 dicit
1469 2535 1575 2628 iorte,
1600 2535 1812 2632 dubitative,
1833 2537 1892 2612 vei

724 2652 810 2745 quia
845 2673 917 2726 nun
952 2652 1125 2730 credebat
1159 2654 1267 2727 istum
1304 2654 1509 2729 rediturum
1544 2655 1669 2749 aliquo
1702 2657 1892 2732 modoad

725 2774 927 2866 mundum3
946 2773 1005 2848 vel
1029 2773 1057 2847 si
1084 2773 1268 2867 credebat,
1290 2774 1484 2867 nesciebat,
1500 2773 1530 2847 si
1547 2775 1618 2848 cito
1637 2776 1694 2850 vel
1708 2765 1746 2867 (⁸)
1769 2777 1891 2852 tarde:

723 2913 768 2964 or
780 2893 827 2966 dt'
839 2895 977 2982 dunque
992 2914 1016 2965 a
1025 2896 1089 2985 fra
1102 2896 1247 2986 Dobtn3
1259 2913 1395 2968 nomen
1412 2894 1632 2973 conveniens
1643 2895 1723 2988 sibi,
1737 2897 1841 2989 quasi
1851 2888 1890 2988 (ὅ)

722 3010 842 3084 dulcia
861 3029 1002 3086 venena
1020 3011 1277 3107 propinquans,
1302 3015 1363 3086 cle
1386 3016 1529 3105 smmi,
1554 3013 1656 3105 idest,
1684 3015 1827 3090 muniat
1851 3021 1891 3091 et

721 3130 846 3206 iniciat
871 3151 923 3225 se,
947 3124 978 3204 si
1001 3135 1039 3205 di
1063 3135 1231 3221 vivanda,
1257 3133 1359 3226 idest,
1385 3132 1435 3206 ita
1465 3133 1693 3228 victualibus,
1722 3133 1821 3229 quia,
1848 3140 1890 3208 ut

721 3257 820 3345 patet
845 3271 893 3325 es
918 3253 1085 3346 narratis,
1118 3261 1351 3348 expugnatus
1376 3252 1444 3328 iuit
1475 3252 1583 3347 lame,
1617 3256 1677 3326 cltc
1707 3257 1828 3327 secto
1852 3255 1891 3328 di

721 3392 819 3461 nera,
852 3373 920 3446 bec
957 3373 1053 3465 dicit,
1085 3373 1173 3465 quia
1208 3371 1425 3448 adveniente
1457 3374 1606 3469 hyeme,
1641 3372 1890 3450 deficientibus

722 3489 873 3565 omnino
898 3491 1126 3586 victualibus,
1152 3493 1189 3565 in
1215 3502 1341 3568 monte
1365 3491 1507 3587 frigido,
1526 3513 1598 3567 non
1614 3498 1815 3586 potuerunt
1830 3492 1891 3565 ul·

723 3609 838 3682 terius
859 3610 1017 3684 tolerare
1030 3610 1261 3685 incommoda
1275 3601 1312 3702 (⁶)
1328 3611 1444 3705 lamis,
1458 3619 1496 3686 et
1512 3611 1671 3686 aliorum
1685 3611 1890 3686 incommo-

722 3729 876 3802 dorum:
903 3731 1092 3802 conracti
1116 3733 1154 3803 lo
1179 3733 1317 3802 udone
1342 3732 1382 3804 cl
1406 3735 1574 3822 Nearcsc,
1592 3730 1694 3823 idest,
1713 3751 1787 3806 non
1804 3729 1890 3805 red·

722 3851 785 3924 dat
809 3870 897 3924 eum
930 3850 1066 3925 victum
1092 3861 1129 3927 et
1153 3857 1301 3944 captum
1328 3851 1605 3926 novariensibus
1629 3850 1770 3924 civibus
1794 3849 1889 3943 suis3

722 3977 760 4046 et
791 3971 906 4046 reddit
940 3971 1120 4046 rationem
1145 3969 1286 4046 dicens:
1321 3973 1573 4044 clr'cltrimcnti
1596 3991 1668 4044 non
1691 3973 1794 4044 scria
1818 3973 1890 4044 leve

722 4099 913 4181 aequatur,
938 4091 1042 4184 quasi
1067 4090 1175 4184 dicat,
1201 4091 1300 4184 quod
1326 4090 1355 4164 si
1381 4110 1454 4165 nnn
1486 4089 1612 4164 iecerit
1636 4090 1683 4165 de
1710 4089 1889 4165 armando

721 4232 762 4285 se
786 4219 825 4285 et
850 4210 1073 4306 providendo
1097 4211 1184 4304 sibi;
1215 4231 1287 4286 non
1320 4217 1416 4286 esset
1444 4210 1548 4285 iacile
1571 4211 1767 4303 acquirere
1791 4209 1889 4284 unde

720 4334 838 4407 aleret
862 4339 899 4407 et
924 4337 1145 4408 sustentaret
1174 4352 1215 4406 se
1239 4339 1278 4405 et
1310 4337 1458 4426 gentem
1484 4350 1612 4424 suam;
1642 4336 1681 4406 et
1705 4329 1790 4404 dicit
1813 4331 1889 4402 lla-

720 4455 935 4528 ccmetbus:
967 4455 1082 4542 s'epli
1114 4453 1379 4542 mancipat
1408 4457 1495 4524 tosto
1526 4452 1753 4542 capricorni:
1782 4449 1887 4543 qnasi

720 4573 827 4664 dicat,
852 4573 879 4644 si
911 4591 983 4646 non
1010 4573 1087 4645 vult
1113 4571 1185 4644 cito
1213 4570 1317 4664 mori,
1336 4577 1373 4645 et
1390 4570 1517 4645 venire
1541 4569 1588 4644 ad
1612 4568 1781 4644 eamdem
1807 4588 1888 4664 poe·

783 4841 808 4897 c)
828 4838 856 4888 li.
874 4837 931 4887 idco
948 4838 1103 4900 pertinacius
1118 4851 1150 4888 co
1167 4837 1215 4888 iuit
1231 4837 1307 4888 drms
1321 4840 1348 4889 in
1364 4839 1414 4889 boc
1430 4851 1530 4898 errore.
1546 4838 1715 4890 conddersts.

782 4915 809 4968 i¹l
828 4914 857 4964 lic
874 4927 934 4964 cum
953 4915 1064 4965 bulcinc
1079 4927 1127 4964 suc
1143 4913 1292 4965 dulcissimo
1308 4914 1380 4966 lbrrc
1395 4921 1423 4966 ct
1438 4917 1505 4979 igne.

791 4990 801 5020 ¹
827 4991 856 5040 Ε.
874 4991 945 5041 nobis
961 4991 1033 5051 latet,
1050 5005 1098 5042 nec
1113 4991 1239 5055 splendet
1442 4993 1471 5053 (¹)
1487 4993 1518 5042 lt.
1534 5004 1567 5041 sn
1583 4991 1666 5042 tsrdc.

785 5069 810 5125 J'l
830 5069 858 5118 li.
875 5071 937 5132 quis
952 5081 1058 5121 sensns.
1440 5069 1468 5134 (⁸)
1485 5071 1516 5120 B.
1532 5069 1678 5120 molestiam
1694 5066 1778 5117 ismls.
