4534 6842
712 861 852 918 CANTUS
875 861 1068 918 uouemus
1092 863 1236 918 eamus.
1488 849 1557 916 113

385 1027 455 1082 nus
479 1013 533 1082 tot
557 1005 752 1081 custodum
778 1005 856 1080 sine
872 1007 1017 1102 speciali
1033 1006 1153 1102 gratia
1168 1005 1307 1099 diviua3
1326 1004 1407 1080 ideo
1426 1006 1559 1080 merito

383 1128 492 1203 debet
516 1127 675 1203 evadere
700 1127 784 1201 hinc
809 1126 933 1201 libere.
961 1127 1059 1223 lingo
1093 1126 1261 1222 Virgilius
1292 1145 1339 1202 ex
1369 1127 1439 1201 hoc
1467 1126 1555 1221 petit

384 1248 541 1324 liberum
571 1249 724 1343 aditum,
753 1247 900 1322 dicens:
928 1251 1106 1322 Lmotom
1134 1249 1254 1321 undar
1286 1239 1347 1320 tlte¹
1370 1250 1429 1321 uel
1451 1243 1558 1321 tiele*

384 1371 513 1460 muto,
530 1367 634 1462 idest,
650 1366 841 1442 decretum
868 1373 904 1442 et
929 1367 1161 1462 permissum,
1178 1349 1276 1440 olt’to
1295 1371 1418 1441 mosot
1439 1373 1556 1460 poeste

385 1490 501 1562 comio
536 1489 708 1578 silvestro,
743 1486 834 1562 idest
871 1486 968 1561 viam
1008 1487 1181 1562 vitiorum
1219 1487 1477 1581 asperrimam,
1517 1492 1558 1561 ut

384 1610 521 1685 dietum
547 1609 663 1686 estin
692 1608 850 1704 capitulo
879 1611 905 1703 l,
938 1613 1065 1684 olm.-
1099 1611 1168 1685 hoe
1200 1610 1343 1685 dicebat
1373 1610 1557 1706 Virgilius,

387 1730 473 1824 quia
497 1731 631 1805 Dentes
656 1730 775 1804 stabat
799 1729 1032 1804 absconditus
1057 1740 1094 1807 et
1123 1730 1286 1805 nondum
1316 1751 1357 1804 se
1385 1729 1555 1805 ostende-

386 1851 458 1925 bat
485 1851 530 1926 llt
554 1850 655 1946 ponit
679 1856 789 1924 autor
813 1849 986 1924 ellectum
1012 1849 1194 1945 petitionis
1209 1850 1358 1946 Virgilii,
1377 1849 1463 1944 quia
1483 1853 1557 1923 sta-

387 1970 451 2044 tim
478 1969 661 2044 llalacoda
686 1969 861 2044 confusus
885 1989 959 2043 nou
984 1969 1125 2044 audens
1149 1975 1277 2044 contra
1302 1969 1376 2043 lata
1401 1975 1439 2044 et
1463 1969 1557 2043 iato-

387 2111 472 2163 rum
501 2095 685 2182 autorem,
709 2088 865 2184 placavit
897 2087 1062 2163 furorem
1089 2087 1146 2161 sui
1176 2094 1213 2162 et
1246 2087 1428 2183 aliorum3
1460 2089 1558 2164 unde

387 2209 489 2284 dicit:
516 2213 611 2302 olor,
635 2207 737 2303 idest,
763 2214 850 2282 tune
872 2207 1006 2302 statim,
1027 2211 1224 2300 torpopto
1245 2211 1296 2299 pit
1313 2213 1354 2303 su
1370 2203 1401 2283 si
1418 2212 1558 2301 ooduto,

389 2331 491 2426 idest,
516 2329 727 2426 arrogantia
751 2348 839 2404 eum
865 2348 939 2422 qua
963 2335 1117 2404 venerat
1146 2328 1197 2402 ita
1227 2329 1397 2425 superbe,
1423 2335 1461 2404 et
1487 2329 1558 2404 mi-

389 2453 547 2527 nabatur
572 2450 671 2545 quod
696 2449 783 2524 nihil
807 2447 1002 2544 proliceret
1022 2448 1101 2543 sibi,
1118 2451 1178 2522 otu
1200 2452 1233 2522 si
1256 2441 1350 2523 lossd
1367 2451 1475 2523 rader
1499 2449 1559 2526 vel

389 2592 515 2646 ousour
539 2571 700 2646 tonoioo
724 2572 762 2642 ai
782 2571 889 2661 piedt,
915 2567 1020 2662 quasi
1044 2568 1159 2643 dieat:
1180 2568 1347 2664 deposuit
1367 2589 1472 2644 arma
1491 2589 1559 2643 no-

390 2690 507 2785 cendi,
539 2690 674 2765 scilieet
709 2688 943 2784 cupiditatem
976 2687 1150 2782 rapiendi,
1184 2688 1271 2782 quia
1308 2709 1382 2763 uon
1416 2694 1558 2784 poterat

390 2811 513 2904 aliquo
538 2810 647 2886 modo
672 2813 854 2883 attentare
877 2813 1005 2882 eontra
1018 2800 1055 2900 (¹)
1081 2827 1193 2902 eum;
1220 2807 1301 2883 ideo
1327 2807 1444 2884 reddit
1468 2828 1557 2883 eum

391 2935 523 3005 tutum.
546 2929 631 3005 ldeo
656 2929 742 3003 dicit
766 2935 899 3002 autor:
924 2949 944 3001 e
968 2930 1059 3001 disse
1082 2930 1156 3019 opti
1180 2931 1276 3020 atos,
1293 2927 1427 3003 scilieet
1452 2929 1559 3003 sociis

389 3050 540 3124 armatis
564 3057 603 3125 et
626 3049 773 3145 paratiS,
794 3051 890 3122 omui
908 3069 980 3121 oon
995 3051 1051 3122 su
1067 3049 1193 3142 [ooo.
1220 3049 1264 3122 ut
1288 3069 1354 3144 per
1379 3050 1449 3124 hoo
1473 3049 1559 3124 bre·

391 3169 485 3245 viter
510 3170 626 3267 tangit
649 3176 760 3245 autor
784 3169 905 3262 tacite,
937 3168 1037 3262 quod
1070 3168 1264 3263 aliquando
1296 3167 1497 3244 virbonus
1522 3175 1559 3244 et

388 3289 549 3385 prudens
573 3290 701 3365 transit
733 3310 799 3384 per
829 3309 961 3363 manus
990 3289 1147 3364 istorum
1177 3288 1449 3364 baratariorum
1480 3289 1558 3364 sine

390 3410 610 3505 corruptela,
628 3409 776 3504 quando
801 3409 900 3485 lovel
912 3409 1052 3504 justam
1068 3429 1218 3484 oausam
1237 3416 1275 3485 et
1290 3410 1455 3484 ambulat
1472 3430 1558 3484 eum

392 3528 596 3605 innocentia
612 3537 650 3605 et
666 3529 821 3605 veritate
838 3529 1022 3604 mediante
1038 3529 1159 3605 divina
1174 3529 1304 3626 gratia.
1318 3535 1407 3604 -Ε
1417 3533 1443 3603 Ἰ
1457 3532 1557 3604 daeo.

391 3647 495 3724 Nunc
519 3655 629 3723 autor
645 3648 801 3724 ostendit
818 3649 1004 3743 quomodo
1024 3649 1217 3745 impetrata
1234 3649 1377 3727 licentia
1394 3668 1461 3745 per
1477 3649 1560 3722 Vir-

390 3769 518 3864 gilium
552 3771 628 3865 ipse
661 3789 793 3844 secure
825 3769 1015 3845 devenerit
1049 3770 1144 3846 inter
1175 3770 1262 3844 istos
1290 3769 1488 3865 officialem
1522 3776 1560 3844 et

391 3890 509 3985 primo
534 3889 690 3964 ostendit
714 3888 901 3985 quomodo
918 3889 1090 3985 Virgilius
1106 3891 1293 3966 vocaverit
1311 3910 1399 3965 eum
1417 3889 1557 3966 dicens:

390 4013 443 4084 e't
464 4013 556 4084 duco
579 4013 663 4102 mio,
677 3997 818 4085 ‘seilicet
838 4009 1022 4104 Virgilius,
1039 4009 1113 4104 qui,
1135 4015 1176 4083 ut
1197 4010 1291 4085 bene
1309 4029 1370 4085 me
1393 4009 1558 4106 duceret,

389 4128 650 4225 impetraverat
671 4130 760 4204 mihi
780 4130 891 4224 viam,
909 4149 934 4202 o
951 4149 1017 4222 nee,
1033 4130 1173 4225 supple,
1190 4128 1295 4203 dixit:
1313 4149 1336 4202 o
1356 4136 1391 4203 tu
1406 4131 1467 4202 ele
1485 4131 1560 4204 redi

390 4257 448 4324 tro
474 4253 703 4343 lisodeppioo
729 4253 787 4324 del
805 4257 911 4344 ponte
940 4255 1060 4341 pootto
1089 4255 1223 4341 puotto,
1240 4247 1342 4343 idest,
1363 4269 1387 4323 o
1412 4249 1557 4344 Dentes,

390 4369 453 4464 qui
477 4369 597 4445 latitas
622 4369 717 4444 inter
742 4389 830 4444 saxa
856 4367 1078 4444 clandestine
1091 4359 1128 4462 (¹)
1156 4389 1223 4464 pro
1253 4367 1398 4464 timore,
1422 4371 1560 4443 stoura-

389 4497 498 4564 nono
522 4475 618 4564 moui
641 4510 666 4563 o
690 4493 795 4564 noeti
826 4489 928 4581 stedi,
955 4487 1047 4564 idest
1082 4495 1281 4583 revertere,
1308 4488 1413 4583 quasi
1438 4488 1557 4564 dieat:

392 4616 494 4705 poles
518 4629 650 4686 secure
675 4608 801 4685 venire
825 4608 932 4684 vivus
957 4608 1053 4682 inter
1069 4607 1167 4702 istos,
1185 4607 1271 4703 quia
1288 4627 1362 4683 non
1379 4607 1476 4682 fuisti
1493 4609 1560 4684 ba-

391 4730 566 4825 ratarius3
600 4727 772 4824 quamvis
803 4727 902 4804 enim
931 4727 1045 4803 fueris
1076 4727 1271 4823 aliquando
1301 4726 1348 4803 de
1377 4728 1560 4824 prioribus

453 4993 482 5059 (¹1
500 4997 554 5054 lle.
571 4993 668 5059 ailquid
683 4997 782 5044 matre.
1068 4989 1095 5054 ι’)
1112 4991 1142 5042 Β.
1158 4989 1227 5042 dm
1243 5001 1292 5054 pro
1306 4989 1409 5042 timore.

522 5099 551 5146 m
1410 5098 1426 5140 ο
