4550 6844
706 941 778 1008 121
1098 951 1303 1018 muniunt
1326 955 1478 1012 ruinam

703 1099 863 1175 cerando
887 1099 989 1194 alios,
1014 1097 1110 1173 siout
1132 1098 1218 1174 lecit
1241 1099 1341 1174 socio
1367 1120 1451 1176 meo
1470 1100 1663 1197 (apochio.
1684 1104 1730 1177 Et
1753 1110 1877 1198 autor,

704 1220 892 1295 nominato
916 1239 992 1294 uno
1020 1217 1168 1294 illorum
1184 1213 1221 1312 (¹)
1247 1220 1408 1294 duorum
1443 1221 1667 1298 furiosorum
1699 1244 1766 1319 per
1794 1223 1878 1298 Gri-

704 1339 870 1434 lolinum,
889 1345 995 1436 rogat
1011 1358 1099 1413 eum
1125 1344 1168 1413 ut
1193 1339 1358 1415 nominet
1376 1340 1445 1414 sibi
1465 1340 1579 1415 alium
1596 1341 1771 1418 adiurans
1787 1363 1876 1418 eum

703 1479 770 1554 per
784 1451 821 1553 (¹)
849 1460 1061 1535 vitationem
1083 1460 1174 1554 eius,
1192 1460 1292 1554 quod
1317 1459 1480 1536 maxime
1505 1461 1667 1538 timebat
1694 1463 1797 1538 Unde
1821 1463 1877 1538 di·

703 1579 774 1656 cit:
796 1582 853 1672 olt,
871 1583 954 1654 diss'
964 1583 1000 1654 to
1019 1583 1081 1671 tui,
1097 1581 1234 1655 scilicet
1255 1581 1408 1675 aretino,
1426 1601 1499 1656 non
1516 1583 1542 1656 o·
1558 1584 1615 1656 sta
1627 1585 1780 1677 [uacuo
1803 1585 1875 1675 dtr,

702 1699 786 1775 licat
809 1706 908 1774 totus
932 1707 1072 1776 tremas
1087 1691 1137 1794 (³),
1161 1702 1217 1773 cli
1238 1697 1261 1775 e*
1282 1705 1305 1774 l'
1317 1704 1426 1792 altro,
1448 1701 1585 1777 scilicet
1604 1703 1724 1777 socius
1740 1701 1876 1777 Vannis

701 1821 739 1895 in
763 1821 902 1915 lurore,
924 1824 1010 1913 prio
1033 1821 1094 1893 cle
1117 1822 1156 1894 di
1178 1824 1239 1911 qui
1261 1825 1293 1894 sl
1315 1824 1455 1914 spicchl,
1472 1821 1574 1917 idest,
1594 1829 1795 1916 antequam
1812 1841 1875 1897 re-

701 1941 808 2017 cedat
838 1940 885 2016 de
915 1941 996 2016 loco
1028 1940 1106 2035 isto,
1142 1941 1227 2034 quia
1261 1940 1414 2015 faciliter
1444 1949 1565 2036 posset
1596 1962 1872 2020 evanescerea

700 2067 897 2156 conspectu
919 2069 1044 2137 nostro
1061 2060 1233 2157 fugiendo
1253 2060 1392 2136 luriose
1416 2063 1475 2136 vel
1501 2061 1793 2158 transfigurando
1818 2083 1871 2157 sc,

700 2182 795 2256 sicut
818 2182 907 2256 olim
933 2181 1016 2257 lecit
1041 2181 1079 2254 iu
1105 2180 1199 2274 vila3
1230 2185 1269 2254 el
1296 2179 1367 2254 hoc
1396 2179 1453 2255 tac
1466 2168 1517 2275 (⁸),
1537 2184 1612 2256 sc'l
1628 2201 1702 2255 non
1725 2184 1873 2274 tificclli

699 2305 725 2376 ll
747 2305 842 2377 denti
865 2305 1032 2395 addesco,
1049 2301 1143 2377 sicut
1160 2300 1280 2375 socius
1298 2300 1378 2376 eius
1398 2302 1477 2396 jam
1504 2301 1588 2376 lecit
1612 2302 1711 2377 socio
1736 2309 1872 2376 luo.-

700 2427 745 2495 m
772 2425 837 2497 olli.
872 2422 938 2496 Hic
968 2426 1077 2496 autor
1109 2420 1264 2495 ostendit
1298 2420 1485 2514 quomodo
1519 2421 1693 2517 magister
1726 2420 1872 2495 Griloli·

699 2564 770 2616 nus
801 2542 850 2616 ita
882 2540 1071 2616 adiuratus
1109 2540 1156 2615 ah
1194 2559 1251 2634 eo,
1272 2539 1556 2616 manifestaverit
1585 2540 1652 2616 sibi
1672 2541 1782 2615 istum
1813 2559 1873 2616 se-

699 2662 862 2736 cundum
888 2659 1055 2756 spiritum
1081 2664 1120 2734 et
1143 2657 1257 2734 alium
1283 2658 1444 2754 primum
1472 2679 1584 2754 quem
1598 2662 1676 2755 jam
1704 2657 1872 2735 nomina·-

699 2789 805 2858 verat
819 2773 869 2874 (⁵).
894 2780 949 2856 Ad
973 2779 1219 2878 cognitionem
1235 2779 1348 2876 igitur
1365 2779 1468 2853 istius
1484 2779 1611 2854 luciosi
1628 2786 1684 2855 est
1710 2780 1872 2857 breviter

698 2901 890 2977 referenda
906 2891 942 2993 (⁶)
979 2921 1039 2975 res
1080 2900 1209 2994 turpis,
1241 2920 1354 2993 qrram
1385 2898 1534 2974 Ovidius
1565 2901 1736 2976 describit
1765 2899 1872 2977 valde

696 3019 829 3096 diffuse
850 3021 883 3094 x
908 3020 965 3094 sui
992 3019 1150 3114 maioris,
1177 3039 1262 3114 quae
1286 3019 1321 3092 in
1353 3018 1487 3094 effectu
1517 3026 1572 3094 est
1602 3019 1694 3094 ista:
1720 3019 1870 3096 Cinarae

696 3141 765 3216 tuit
789 3161 857 3217 rex
880 3141 993 3237 Paphi
1015 3160 1099 3235 quae
1120 3145 1175 3215 est
1195 3139 1314 3214 insula
1331 3139 1452 3234 Cypri,
1470 3139 1534 3233 qui
1554 3145 1699 3234 poterat
1718 3139 1788 3216 dici
1814 3141 1869 3216 te·

695 3262 758 3357 lix,
784 3262 814 3336 si
840 3281 1045 3355 numquam
1066 3261 1206 3355 prolem
1238 3259 1446 3353 habuisset3
1477 3278 1563 3332 nam
1593 3259 1723 3332 habuit
1756 3257 1868 3336 filiam

695 3383 914 3458 sceleratam
927 3381 1077 3456 nomine
1089 3380 1287 3475 Myrrham,
1301 3399 1386 3473 quae
1403 3386 1508 3474 capta
1525 3385 1581 3454 est
1597 3377 1721 3454 illicito
1739 3399 1869 3454 amore

696 3501 820 3596 patris,
855 3506 892 3576 et
922 3499 1019 3573 intus
1050 3498 1183 3573 ardens
1212 3498 1297 3594 lgna
1326 3499 1472 3572 occulto
1500 3498 1712 3573 luctabatur
1739 3519 1868 3574 secum

696 3639 803 3694 more
826 3617 1030 3693 amantium
1056 3637 1141 3712 qum
1165 3625 1328 3714 arguunt
1347 3637 1415 3712 pro
1432 3625 1469 3694 et
1486 3625 1625 3692 contra.
1643 3618 1748 3692 Nunc
1768 3615 1868 3692 enlm

695 3739 861 3816 dicebat:
888 3759 1011 3814 nonne
1034 3737 1105 3813 alia
1130 3737 1304 3812 animalia
1331 3737 1568 3811 luxuriantur
1597 3738 1692 3812 inter
1726 3757 1766 3812 se
1790 3735 1870 3812 sine

696 3862 771 3935 ulla
809 3859 1015 3935 reverentia
1028 3847 1065 3951 (⁷)
1096 3855 1313 3954 sanguinis?
1350 3877 1473 3932 nonne
1506 3864 1543 3932 et
1576 3858 1704 3932 multae
1740 3863 1870 3954 gentes

584 4037 589 4053 .
695 3982 918 4056 contrahunt
941 3979 1112 4076 coniugia
1129 3999 1216 4053 cum
1237 3975 1544 4074 consanguineis?
1569 3984 1606 4053 et
1629 3979 1682 4054 sio
1706 3979 1870 4075 duplim·

696 4106 757 4175 tur
781 4121 887 4175 amor
912 4119 1079 4175 asserens
1104 4099 1183 4173 illas
1208 4097 1342 4192 felices,
1372 4097 1507 4191 qrribus
1538 4096 1605 4172 ista
1638 4098 1806 4194 licebant,
1831 4105 1870 4174 et

694 4220 872 4295 damnans
896 4222 997 4317 leges
1022 4218 1200 4315 malignas
1226 4239 1310 4312 quae
1336 4217 1529 4312 prohibent
1554 4218 1643 4293 illud
1673 4218 1773 4313 quod
1803 4240 1869 4294 na·

693 4349 779 4416 tura
804 4341 992 4437 permittit,
1017 4339 1141 4414 dicens
1166 4357 1206 4412 se
1230 4337 1372 4412 felicem
1399 4337 1429 4411 si
1456 4349 1542 4415 nata
1568 4338 1694 4413 luisset
1718 4338 1755 4412 in
1780 4358 1867 4434 par-

694 4463 790 4536 tibus
814 4461 893 4535 illis.
920 4461 948 4532 E
973 4465 1102 4534 contra
1128 4463 1255 4531 autem
1282 4477 1549 4553 recognoscens
1566 4477 1676 4532 suum
1697 4455 1866 4530 abhomi-

693 4579 814 4654 nabile
838 4579 969 4671 scelus,
986 4576 1212 4652 deliberabat
1229 4575 1404 4652 recedere
1420 4598 1442 4652 a
1460 4577 1577 4672 patria
1591 4566 1648 4668 (⁸);
1674 4573 1738 4650 sed
1755 4573 1866 4650 ardor

693 4698 829 4774 amoris
855 4695 1035 4772 retinebat
1059 4715 1155 4788 eam,
1173 4694 1259 4789 quia
1281 4695 1414 4770 absens
1439 4715 1513 4769 non
1539 4694 1715 4790 potuisset
1741 4690 1866 4768 videre

755 4913 784 4978 (¹)
800 4919 855 4975 tlt,
871 4914 979 4965 illorum
996 4911 1164 4964 lhrlooornm.
1227 4909 1255 4972 (³)
1271 4911 1303 4962 Β.
1319 4925 1368 4974 pro
1384 4911 1560 4962 nominatione
1575 4911 1640 4962 eius.

755 4988 829 5054 (¹)1l.
846 4995 968 5041 trement.
1227 4985 1256 5048 (⁸)
1272 4985 1303 5036 ll.
1319 4986 1407 5037 trclm.
1543 4985 1571 5048 ι’)
1585 4985 1612 5036 s.
1628 4984 1846 5036 mulleslarerrt

755 5066 783 5130 ρ)
801 5065 1138 5130 Ε.οί11,1ω1ήημιιᾱι.
1227 5061 1255 5127 θ)
1272 5062 1302 5112 li.
1319 5061 1471 5114 dllleranlla.
1543 5061 1570 5124 (¹)
1585 5062 1618 5114 E.
1633 5075 1650 5112 ι
1665 5066 1747 5125 patre.
1891 5093 1899 5107 .
