4606 6840
757 923 896 982 CANTUS
921 925 1113 982 tremulus
1138 926 1281 980 SEXTUS.
1522 915 1592 982 277

419 1093 508 1149 cnm
541 1072 704 1148 Eteocles
737 1071 938 1167 denegaret
957 1065 993 1164 (¹)
1020 1071 1176 1149 reddere
1206 1093 1363 1170 regnum
1390 1073 1492 1148 iratri
1525 1093 1595 1148 suo

419 1194 590 1289 Polynici,
621 1213 687 1268 rex
720 1192 894 1266 Adrastus
919 1212 1034 1286 socer,
1060 1213 1146 1268 com
1173 1195 1251 1268 aliis
1276 1200 1416 1289 septem
1447 1193 1597 1290 regibus

420 1315 595 1389 inclusive
612 1319 794 1388 venerunt
812 1313 848 1386 in
865 1313 1089 1390 obsidionem
1107 1316 1329 1407 Thebarum,
1346 1322 1383 1388 et
1401 1313 1449 1387 ibi
1467 1335 1597 1388 omnes

420 1435 530 1510 variis
550 1433 694 1508 casibus
718 1432 898 1528 perempti
918 1442 1004 1507 sont
1021 1439 1155 1530 praeter
1172 1435 1367 1528 arrtiqnum
1386 1434 1595 1528 Adrastum,

421 1555 515 1630 sicut
544 1555 735 1650 Capaneus
770 1553 995 1648 fulminatus,
1031 1555 1273 1650 Amphiaraus
1305 1555 1486 1648 absortus,
1522 1555 1622 1650 Tys

421 1677 512 1752 deus
546 1676 701 1749 vulnere
734 1674 926 1768 extinctus,
953 1676 1237 1770 Parthenopaeus
1267 1675 1479 1772 sagiptatus,
1512 1677 1594 1770 lpo-

424 1796 557 1872 medon
586 1795 796 1870 suffocatus.
831 1794 933 1869 Unde
965 1795 1094 1870 ultimo
1132 1796 1320 1892 Polynices
1345 1797 1390 1869 Vl
1417 1816 1482 1871 ren
1509 1816 1594 1890 pro·

424 1917 568 1992 vocavit
592 1917 745 1990 fratrem
771 1936 881 1989 sunm
908 1915 1090 1990 llteoelem
1115 1917 1163 1992 ad
1188 1916 1376 2012 singulare
1394 1923 1593 2009 certamen,

424 2039 559 2110 frustra
572 2042 770 2110 revocante
782 2036 946 2112 Adrasto.
961 2036 1125 2111 Eteocles
1147 2057 1237 2112 vero
1255 2038 1434 2132 impulsus
1460 2057 1595 2131 enpro-

423 2156 832 2250 brationibusCreontis‚
847 2157 910 2251 qni
924 2158 1114 2252 usurpavit
1124 2158 1325 2232 dominium
1341 2164 1421 2252 post
1435 2166 1593 2232 mortem

424 2277 535 2372 ipsius
553 2276 716 2370 Eteoclis
734 2276 847 2350 exivit
863 2285 1029 2350 armatos
1046 2282 1151 2352 extra
1169 2277 1352 2353 civitatem
1371 2285 1498 2352 contra
1520 2279 1596 2354 lra-

426 2405 520 2472 trem
545 2402 583 2472 et
607 2397 718 2470 ambo
736 2395 805 2469 suh
822 2397 937 2470 oeulis
954 2403 989 2471 et
1007 2397 1178 2493 lacrymis
1198 2397 1334 2472 civium
1352 2399 1595 2493 spectantium

425 2524 694 2592 concurrerunt
712 2507 767 2610 ὣς
793 2538 879 2590 nam
905 2538 1011 2592 senes
1028 2519 1198 2594 dolebant
1215 2539 1255 2594 se
1273 2525 1348 2594 lam
1366 2519 1429 2593 dio
1447 2519 1596 2614 vinisse3

425 2643 602 2709 matronae
620 2656 710 2711 vero
728 2638 911 2732 plorantes
924 2638 1163 2733 prohibebant
1175 2641 1349 2734 parrulos
1366 2660 1453 2714 suos
1471 2639 1598 2715 videre

424 2762 500 2830 tam
514 2757 664 2831 crudele
677 2757 840 2831 duellum
855 2749 904 2848 (³).
915 2758 966 2832 llli
981 2758 1016 2832 io
1030 2759 1149 2853 primo
1162 2779 1345 2834 concursu
1359 2781 1445 2833 eum
1462 2779 1597 2854 magno

425 2876 550 2951 lurore
575 2877 786 2972 praecipitati
811 2885 896 2953 sunt
921 2879 1098 2986 abuequis
1124 2880 1160 2953 in
1181 2886 1333 2975 terram,
1353 2880 1416 2954 uhi
1438 2887 1597 2973 uterque

424 2997 557 3071 ardens
582 2998 676 3091 odio,
702 2999 872 3094 cupiebat
896 3000 1111 3094 sanguinem
1138 3000 1277 3092 fratris,
1293 3021 1367 3074 non
1387 3019 1522 3073 curans
1542 2998 1596 3073 el-

425 3118 579 3193 lundere
610 3139 733 3192 suum.
760 3117 829 3194 Sed
855 3119 1042 3214 Polynices
1067 3119 1154 3193 exul
1178 3119 1319 3194 fortiori
1345 3120 1410 3214 ira,
1429 3119 1515 3214 qnia
1540 3119 1558 3192 l
1581 3158 1596 3172 ·

426 3241 535 3314 vebat
555 3239 751 3335 justiorem
776 3261 939 3335 cansam,
965 3240 1146 3335 impressit
1171 3259 1296 3316 ensem
1315 3241 1390 3316 alte
1407 3241 1443 3314 in
1468 3247 1596 3335 pectus

425 3359 546 3434 fratris
572 3359 797 3455 exprobrans
822 3360 931 3434 simul
957 3359 1006 3434 illi
1031 3359 1221 3455 perfidiam
1243 3360 1464 3455 proditionis.
1490 3362 1599 3437 Eteo-

425 3481 499 3585 cles
514 3487 641 3554 autem
662 3486 791 3574 sponte
808 3481 971 3574 permisit
986 3502 1027 3555 se
1044 3481 1188 3576 cadere,
1207 3489 1244 3555 et
1263 3481 1300 3554 in
1321 3481 1441 3556 medio
1460 3481 1599 3556 ultima

426 3601 552 3675 mortis
576 3621 664 3674 osus
689 3607 745 3675 est
770 3601 900 3677 fraude
924 3613 1053 3679 contra
1074 3603 1223 3679 tratrem
1243 3602 1418 3676 simulans
1437 3623 1477 3676 se
1498 3622 1600 3677 mor-

426 3729 554 3818 tuum3
589 3728 626 3797 et
659 3721 772 3796 irater
806 3723 960 3797 credens
993 3743 1033 3797 se
1068 3724 1197 3798 vicisse
1230 3723 1365 3798 levarit
1390 3743 1522 3798 manos
1553 3723 1601 3797 ad

425 3842 574 3936 coelom,
610 3848 647 3915 et
677 3842 826 3936 optabat
860 3843 1003 3937 eripere
1032 3843 1100 3916 sibi
1125 3863 1241 3917 arma.
1274 3843 1440 3944 Eteocles
1471 3851 1597 3916 antem

427 3961 490 4057 qui
516 3963 729 4040 reservabat
755 3963 866 4036 vitam
894 3963 930 4036 in
957 3962 1061 4054 iram,
1084 3968 1277 4056 postquam
1295 3961 1407 4035 sensit
1424 3961 1526 4035 illum
1545 3961 1600 4036 ri·

427 4105 516 4157 vum
543 4083 707 4158 inclinari
732 4103 843 4176 super
868 4103 918 4176 se,
936 4081 1055 4156 erexit
1079 4081 1239 4177 gladium
1263 4081 1417 4174 occulte,
1437 4089 1474 4156 et
1494 4083 1599 4156 laetus

428 4204 543 4279 inlinit
567 4205 605 4277 in
630 4225 695 4278 cor
719 4204 850 4278 fratris.
877 4204 979 4277 Tunc
996 4201 1184 4298 Polynices
1208 4201 1319 4296 coepit
1342 4201 1519 4275 clamare:
1544 4201 1599 4277 ri-

427 4326 479 4400 vis
511 4345 557 4400 ne
586 4325 717 4420 adbuc,
744 4332 782 4400 et
805 4325 925 4398 adbuc
951 4323 1038 4398 vivit
1063 4323 1117 4397 ira
1145 4330 1221 4418 tua,
1245 4322 1382 4417 perfide
1408 4322 1598 4416 proditor?

427 4446 517 4521 Veni
537 4465 683 4520 mecum
711 4447 757 4520 ad
783 4445 980 4539 infernum,
1003 4444 1073 4518 illic
1089 4433 1124 4536 (ἦ)
1145 4443 1255 4518 etiam
1283 4449 1445 4539 repetam
1474 4449 1596 4538 pacta3

428 4585 495 4640 nec
521 4566 626 4660 plura
652 4566 752 4660 dixit,
778 4572 815 4640 et
840 4565 968 4640 cecidit
993 4585 1103 4660 super
1129 4563 1294 4659 tratrem,
1321 4571 1358 4638 et
1383 4563 1459 4660 ipse
1476 4564 1600 4659 gravis

429 4685 606 4780 oppressit
632 4685 732 4758 illum
756 4686 844 4790 'totis
869 4685 993 4760 armis.
1020 4685 1157 4761 Deinde
1183 4705 1269 4760 cum
1298 4685 1417 4759 Creon
1442 4684 1600 4760 crudelis

428 4812 617 4900 tyrannus,
643 4811 822 4898 occupato
849 4825 963 4901 regno
988 4805 1211 4895 Thebarum,
1238 4803 1412 4878 vetuisset
1442 4824 1597 4898 corpora

428 4941 533 4950 —--..

487 4995 514 5054 t'l
531 4994 561 5044 Β·
578 4999 692 5060 munel·
818 4993 883 5056 (¹)ss
909 4997 1076 5044 corruerunt
1201 4990 1227 5052 ι’)
1243 4990 1273 5040 B.
1291 4989 1399 5040 bollum.

489 5069 515 5134 (Ἴ
532 5070 564 5121 E.
579 5069 642 5120 illue
658 5069 736 5120 etiam
753 5073 869 5134 repetam
886 5073 1002 5132 peractn
1019 5079 1075 5118 nec.
