4566 6844
712 957 783 1026 508
1107 967 1312 1025 GOllllN'l'Ull
1336 969 1488 1026 llllililiNl

710 1109 832 1190 cunda
856 1109 1007 1207 punitur
1032 1109 1193 1188 secunda
1222 1110 1359 1209 species
1388 1111 1633 1209 proditorum,
1662 1112 1727 1207 qni
1757 1111 1883 1208 prodi-

711 1231 846 1307 derunt
868 1229 1025 1325 patriam
1051 1236 1089 1306 et
1113 1250 1314 1306 commune
1338 1253 1462 1307 suum.
1482 1233 1526 1306 Et
1550 1230 1655 1306 dicit:
1669 1233 1884 1324 peccando

711 1353 819 1426 alorci
842 1351 874 1424 lc
896 1355 989 1442 pou,
1013 1349 1150 1426 scilicet
1174 1371 1261 1426 cum
1286 1351 1391 1448 pede,
1415 1351 1515 1448 quod
1539 1356 1595 1426 cst
1619 1351 1726 1426 valde
1751 1349 1885 1426 contu·

712 1471 917 1565 meliosum,
933 1461 979 1561 sl,
999 1471 1060 1544 cte
1084 1491 1123 1544 sc
1143 1473 1234 1566 [ossi
1257 1474 1337 1546 vivo
1362 1478 1489 1565 troppo
1510 1473 1621 1566 [oroi
1645 1469 1750 1565 idest,
1776 1470 1885 1546 nimis

710 1595 815 1665 esset
843 1589 914 1664 Iste
943 1588 1062 1664 Bocca
1088 1609 1162 1663 non
1187 1595 1332 1686 poteret
1356 1589 1482 1665 videre
1505 1595 1690 1685 autorem,
1717 1589 1805 1686 quia
1830 1595 1887 1666 te·

710 1709 822 1794 nebat
845 1708 976 1786 taciem
1001 1708 1210 1784 revolutam
1239 1708 1287 1784 ad
1317 1708 1486 1806 glaciem,
1511 1714 1550 1784 et
1579 1708 1707 1784 oculos
1736 1710 1882 1786 clausos

711 1829 824 1903 nimio
849 1829 995 1926 frigore.
1013 1829 1058 1903 Et
1076 1835 1186 1904 autor
1202 1829 1303 1924 ponit
1319 1849 1426 1904 suam
1448 1829 1734 1925 responsionem,
1752 1836 1790 1907 et
1809 1850 1883 1906 non

711 1947 904 2043 respondet
927 1947 1091 2044 petitioni
1111 1948 1202 2044 eius,
1219 1947 1284 2024 sed
1300 1947 1366 2023 uni
1386 1949 1502 2024 verbo
1528 1948 1628 2044 quod
1653 1947 1712 2023 ille
1736 1948 1882 2026 dixerat

709 2068 757 2144 de
780 2068 872 2163 vita3
899 2067 997 2142 unde
1020 2066 1129 2143 dicit:
1155 2070 1228 2142 nuc
1251 2071 1406 2161 reposta
1427 2072 1491 2164 sc:
1514 2071 1551 2143 io
1574 2087 1640 2142 son
1665 2069 1757 2160 υἰυο,
1775 2069 1883 2164 quasi

709 2187 825 2263 dicat:
852 2207 926 2264 non
951 2207 1034 2260 sum
1059 2186 1106 2262 de
1130 2199 1289 2262 num'cro
1309 2187 1539 2282 proditorum
1556 2187 1684 2282 patriae
1701 2188 1760 2263 lric
1777 2208 1881 2263 mor-

710 2313 863 2381 tuorum
889 2313 926 2382 et
950 2306 1177 2402 punitorum,
1202 2305 1266 2382 sed
1291 2305 1398 2382 vivus
1427 2307 1500 2382 huc
1529 2307 1624 2402 veni,
1652 2312 1694 2382 nt
1718 2305 1879 2382 reieram

711 2445 807 2500 nova
831 2425 879 2500 de
904 2425 1007 2500 vobis
1031 2424 1078 2499 ed
1103 2424 1284 2500 mundum
1309 2425 1526 2521 viventium,
1552 2425 1647 2501 sicut
1671 2431 1708 2502 et
1735 2426 1782 2502 de
1806 2447 1882 2502 cae-

710 2544 799 2618 tcris
824 2543 1087 2640 peccatoribus,
1115 2542 1197 2619 ideo
1222 2543 1327 2618 dicit:
1344 2566 1365 2617 o
1380 2566 1468 2619 curo
1484 2566 1580 2619 esser
1595 2548 1622 2619 ti
1630 2551 1750 2638 puoto,
1770 2567 1809 2621 sc
1823 2549 1880 2621 di·

710 2665 834 2737 mcndi
846 2669 962 2758 soma,
979 2665 1029 2737 cl'
1040 2665 1077 2737 io
1096 2669 1200 2737 melta
1215 2665 1244 2736 il
1260 2683 1362 2737 nome
1377 2670 1436 2739 dcc
1452 2671 1512 2739 tro
1528 2667 1650 2739 calce
1664 2672 1757 2758 note,
1774 2666 1879 2762 idest,

709 2781 805 2856 inter
829 2781 918 2856 alias
949 2781 1073 2857 literas
1098 2781 1232 2877 quihus
1265 2781 1389 2857 notavi
1419 2781 1508 2857 alios
1538 2783 1668 2880 dignos
1697 2783 1806 2859 tama
1839 2785 1884 2859 Et

709 2900 810 2997 ponit
835 2901 1108 2996 responsionem
1138 2901 1233 2976 illius
1258 2900 1476 2999 indignantis
1501 2902 1548 2976 de
1578 2902 1642 2978 tali
1673 2902 1879 2998 oblatione3

709 3020 811 3096 Unde
835 3020 943 3096 dicit:
969 3028 1003 3095 et
1030 3024 1089 3096 olli
1111 3043 1136 3096 o
1159 3043 1228 3113 mc,
1252 3021 1381 3118 supple
1405 3022 1513 3097 dixit:
1540 3026 1575 3097 io
1599 3024 1644 3096 to
1668 3023 1796 3098 brom
1820 3026 1880 3100 del

707 3143 902 3233 comum,
927 3141 1074 3237 scilicet,
1096 3141 1196 3238 quod
1221 3163 1427 3237 numquam
1452 3142 1564 3218 iacias
1585 3142 1803 3218 memoriam
1829 3143 1876 3220 dc

708 3280 788 3335 me:
807 3266 845 3336 et
870 3259 1078 3356 benedicit,
1099 3261 1184 3356 quia
1203 3260 1323 3336 omnis
1346 3261 1446 3336 lama
1471 3261 1666 3357 proditoris
1690 3261 1785 3338 cedit
1811 3262 1878 3337 sihi

707 3378 755 3454 ad
779 3379 959 3456 maiorem
986 3379 1189 3476 iniamiam3
1216 3387 1254 3456 et
1278 3380 1393 3455 iratus
1422 3379 1485 3455 dat
1510 3381 1578 3456 sibi
1608 3382 1795 3478 repulsam
1823 3382 1879 3458 di-

708 3519 817 3575 cens:
844 3494 952 3574 ldootc
980 3503 1107 3592 pono,
1133 3500 1237 3595 quasi
1267 3499 1385 3575 dicat:
1412 3499 1525 3576 vadas
1555 3521 1643 3576 curn
1676 3501 1879 3596 diabolo,c

707 3639 780 3693 non
812 3621 861 3691 mi
888 3621 959 3692 dar
985 3614 1050 3712 piri
1080 3622 1204 3712 mpod,
1233 3619 1336 3714 idest,
1366 3620 1571 3696 molestiam
1606 3626 1643 3695 et
1673 3621 1877 3715 querelem,

707 3735 771 3814 old
792 3741 868 3810 mal
893 3739 950 3812 sci
979 3741 1141 3830 lusinpor
1160 3760 1229 3832 per
1259 3746 1379 3832 questo
1409 3743 1519 3832 loma,
1544 3738 1648 3834 idest,
1677 3759 1744 3835 per
1768 3739 1877 3814 istum

707 3859 864 3959 glaciem
890 3880 974 3953 quae
998 3865 1054 3934 est
1077 3859 1185 3935 bassa
1209 3865 1246 3934 ct
1270 3859 1380 3956 plana
1403 3859 1450 3935 ad
1473 3859 1625 3935 modum
1642 3861 1750 3934 lamae
1768 3865 1804 3936 et
1821 3859 1877 3934 la·

707 3999 814 4055 cunae
838 3999 947 4074 aquae
973 3984 1142 4074 mortuae,
1168 3979 1273 4075 quasi
1307 3979 1414 4073 dicat,
1438 3979 1536 4055 male
1560 3979 1631 4055 scis
1655 3978 1878 4076 persuadere

706 4099 745 4174 in
769 4099 838 4174 ista
864 4097 1015 4195 regione
1039 4097 1288 4194 proditorum3
1306 4104 1344 4174 et
1360 4117 1493 4174 verum
1511 4097 1608 4194 dicit,
1626 4099 1713 4192 quia
1731 4105 1876 4175 nonest

706 4217 840 4294 modus
868 4217 1110 4314 persuadendi
1139 4217 1313 4314 proditori
1333 4219 1549 4315 promittere
1573 4218 1641 4293 sihi
1665 4218 1876 4294 lamam.-

706 4342 818 4414 Allor.
840 4338 906 4414 llic
926 4344 1035 4414 autor
1056 4343 1202 4414 ostenso
1219 4338 1406 4434 quomodo
1431 4359 1472 4414 se
1495 4337 1667 4414 hebuerit
1691 4338 1738 4414 ad
1762 4339 1873 4415 istum

706 4459 838 4555 verbis,
860 4478 959 4533 nunc
983 4457 1139 4535 ostendit
1163 4457 1350 4552 quomodo
1374 4478 1416 4534 se
1440 4457 1568 4536 hebuit
1588 4457 1689 4534 iactis
1706 4464 1742 4532 et
1758 4456 1873 4550 dictis,

706 4578 853 4654 dicens:
879 4579 973 4652 aller
997 4580 1032 4650 to
1053 4579 1151 4668 presi
1169 4598 1237 4671 per
1261 4581 1299 4651 lc
1323 4581 1519 4668 coticaprro,
1544 4577 1646 4673 idest,
1672 4575 1818 4671 capillos
1833 4567 1872 4668 (¹)

706 4696 811 4790 cutis,
836 4717 855 4768 e
879 4697 983 4770 dost:
1003 4698 1037 4769 ol
1051 4687 1226 4770 converrd
1242 4698 1303 4771 cle
1318 4703 1355 4770 tu
1375 4699 1526 4789 dnond,
1544 4696 1646 4790 idest,
1663 4695 1875 4771 manifestes

706 4823 744 4892 te
773 4815 932 4910 nomine,
958 4836 981 4889 o
1013 4817 1074 4890 cle
1102 4819 1202 4910 capel
1224 4821 1284 4909 poi
1306 4838 1349 4890 su
1372 4836 1445 4891 oon
1469 4821 1497 4891 o·
1518 4819 1696 4908 mmaprrn
1722 4815 1821 4912 Ergo
1835 4805 1873 4906 (²)

769 5074 797 5138 (¹)
813 5073 839 5124 S.
855 5087 902 5139 pu
918 5075 1026 5140 capillos
1041 5076 1116 5128 cndu.
1312 5075 1340 5138 Γ)
1357 5079 1411 5138 lit,
1428 5074 1501 5141 quui
1516 5073 1599 5126 dicut:
1616 5086 1690 5138 ergo.
