4534 6842
671 933 808 989 currus
832 933 1025 990 vremutus
1050 933 1246 990 onounnus.
1480 925 1547 992 1t9

377 1079 515 1156 sciebat
531 1079 654 1153 minus
679 1078 732 1154 eis
757 1099 830 1154 non
855 1081 1081 1176 dormiebot3
1100 1082 1198 1157 unde
1222 1082 1330 1157 dicit:
1350 1087 1399 1156 Lo
1415 1103 1552 1156 nouor-

376 1221 453 1276 rcre
478 1201 541 1274 ben
566 1220 632 1274 ruo
661 1207 774 1293 tempo
798 1203 902 1292 colse,
928 1201 1032 1296 idest,
1058 1201 1215 1297 captavit
1241 1201 1551 1299 opportunitatem

377 1319 554 1415 temporis
571 1339 657 1394 cum
683 1320 787 1394 locus
807 1326 902 1394 esset
927 1320 1013 1398 satis
1038 1327 1157 1416 aptus,
1175 1322 1261 1416 quia
1289 1343 1401 1417 supra
1420 1322 1550 1417 picem.

378 1443 422 1518 Et
447 1461 534 1518 ecce
560 1440 769 1535 quomodo:
793 1433 909 1534 sumo
934 1446 966 1515 lc
983 1446 1105 1535 plaute
1138 1464 1162 1514 o
1187 1449 1286 1516 terro
1310 1465 1330 1515 c
1351 1435 1456 1534 suto,
1481 1442 1552 1517 eci-

379 1565 463 1640 licet
487 1563 662 1639 deorsum
687 1562 725 1634 in
749 1560 880 1656 picem,
912 1564 950 1636 io
974 1583 1022 1636 un
1053 1571 1175 1656 puoto,
1201 1563 1303 1656 idest,
1329 1563 1367 1637 in
1392 1563 1549 1657 instanti,

380 1705 452 1758 ecc
469 1686 552 1758 tone
567 1685 631 1756 dul
650 1689 820 1774 properio
836 1685 928 1773 loro,
946 1683 1050 1776 quasi
1068 1683 1179 1758 dicat:
1202 1683 1323 1762 subito
1340 1684 1498 1760 evolavit
1511 1675 1548 1774 (¹)

380 1805 428 1881 de
459 1801 628 1878 manibus
658 1801 898 1878 Barbaricciae
928 1802 990 1897 qui
1023 1802 1238 1878 defendebat
1263 1823 1350 1878 eum
1381 1804 1429 1878 ab
1461 1803 1549 1878 aliis.

380 1925 484 2000 Unde
512 1924 664 2000 adverte
693 1923 793 2017 quod
831 1923 1039 2019 Clampolus
1076 1923 1343 1998 confabulando
1377 1923 1551 1999 continuo

381 2067 467 2122 cum
486 2045 634 2142 Virgilio
659 2050 697 2120 ct
722 2045 838 2120 Dante
853 2036 904 2138 (²),
930 2051 967 2118 et
990 2043 1143 2120 dicendo
1169 2044 1268 2138 quod
1293 2043 1388 2120 bene
1413 2064 1552 2140 cogno-

381 2166 506 2244 scebat
531 2166 639 2241 talem
668 2170 813 2238 tuscum
840 2171 878 2239 et
903 2164 1013 2238 talem
1040 2164 1286 2259 lombardum,
1303 2164 1429 2240 videns
1453 2164 1552 2258 quod

380 2289 566 2364 doemones
591 2290 828 2360 removerant
843 2275 880 2377 (³)
908 2284 1099 2378 paululum
1127 2285 1254 2359 oculos
1287 2284 1335 2361 ab
1360 2305 1416 2379 eo,
1431 2285 1552 2360 subito

381 2407 493 2484 eriliit
509 2406 555 2481 de
580 2404 737 2480 braclriis
757 2404 996 2480 Barbaricciae
1021 2410 1059 2478 et
1083 2404 1226 2479 saltavit
1252 2405 1366 2500 inira3
1391 2412 1429 2479 et
1455 2411 1552 2480 tacta

380 2527 563 2622 evasione,
595 2533 705 2601 autor
729 2525 845 2621 tangit
869 2525 1056 2618 ellectum,
1082 2525 1226 2600 dicens:
1252 2529 1291 2600 di
1314 2529 1373 2600 cle
1397 2529 1551 2618 moun,
1581 2612 1585 2619 .

381 2647 482 2750 idest,
501 2647 549 2722 oh
574 2667 687 2740 quam
706 2665 785 2720 rem
805 2644 964 2740 ¹quilibet
979 2645 1125 2720 daemon
1149 2645 1186 2720 in
1203 2646 1378 2742 generali,
1395 2651 1436 2741 su
1457 2667 1553 2721 com·

380 2775 490 2862 ponto
521 2770 559 2841 di
588 2770 703 2860 culpa,
734 2765 838 2860 quasi
868 2765 987 2841 dicat:
1019 2765 1134 2840 doluit
1171 2767 1271 2860 quod
1306 2757 1477 2860 lueratl‘)
1515 2767 1552 2840 in

381 2888 488 2982 culpe
513 2886 719 2982 praestando
752 2886 898 2961 incaute
912 2877 948 2978 (⁵)
977 2886 1170 2962 materiam
1204 2887 1381 2962 evadendi
1406 2887 1468 2982 illi,
1495 2887 1553 2962 vel

382 3006 585 3084 secundum
610 3007 719 3081 aliam
745 3005 903 3100 literam,
928 3008 967 3079 di
989 3009 1102 3098 copo,
1129 3005 1231 3100 idest,
1256 3013 1440 3102 punctura
1469 3028 1553 3083 cor-

381 3129 450 3204 dis:
477 3134 532 3204 eet
557 3133 681 3203 tamen
706 3125 802 3202 idem
829 3125 997 3219 ellectus3
1024 3146 1084 3198 ma
1108 3130 1188 3218 quet
1205 3121 1280 3218 piri,
1306 3125 1452 3222 scilicet,
1478 3126 1553 3202 nli-

382 3250 511 3324 clrinus
536 3248 574 3322 in
598 3247 742 3343 speciali
768 3245 884 3321 doluit
908 3251 944 3320 et
970 3245 1119 3321 erubuit
1144 3246 1272 3341 magis,
1293 3249 1354 3320 cte
1369 3250 1410 3340 su
1425 3250 1554 3339 copton

383 3371 441 3444 dcl
472 3372 606 3463 discito,
638 3368 725 3462 quia
760 3366 892 3442 liciebat
924 3357 1059 3459 quial⁰l
1092 3371 1171 3442 erat
1196 3367 1335 3461 alatus,
1369 3367 1469 3461 quod
1493 3367 1553 3442 ille

383 3489 484 3564 nullo
510 3489 618 3563 modo
644 3494 766 3584 posset
782 3487 957 3579 evadere3
976 3486 1057 3562 ideo
1083 3487 1150 3560 luit
1174 3487 1376 3584 promptior
1401 3487 1447 3562 ad
1469 3507 1554 3583 per-

382 3609 624 3704 sequendum.
639 3607 741 3684 Unde
758 3607 859 3684 dicit:
870 3598 1004 3700 perosi
1020 3629 1131 3682 morse
1146 3630 1166 3681 c
1181 3601 1286 3699 pluo
1300 3615 1335 3682 tu
1349 3612 1409 3683 ric'
1421 3612 1551 3701 piuolu
1668 3643 1673 3652 ·

383 3730 454 3807 Sed
478 3729 565 3804 nihil
590 3729 668 3822 luit,
694 3729 776 3803 ideo
801 3728 908 3805 dicit:
926 3731 986 3802 circ
1002 3732 1025 3803 l'
1039 3731 1089 3802 uli
1104 3747 1176 3802 uon
1186 3737 1313 3823 potero
1329 3733 1503 3804 oonnour
1524 3733 1556 3804 el

382 3857 544 3944 cospetto,
569 3849 671 3942 idest,
698 3849 883 3942 timorem,
908 3849 1003 3922 sicut
1028 3849 1138 3924 etium
1171 3850 1313 3944 capitur
1327 3841 1364 3942 (⁷)
1391 3850 1428 3924 in
1454 3851 1554 3944 capi-

383 3971 462 4048 tulo
496 3969 665 4065 proxime
698 3969 877 4063 sequenti,
903 3968 1008 4062 quasi
1033 3968 1139 4061 dicat,
1166 3967 1265 4061 quod
1294 3969 1404 4044 timor
1429 3976 1466 4044 et
1490 3990 1555 4044 su-

383 4090 494 4185 spicio
511 4090 677 4165 iecerunt
695 4089 924 4184 Ciampoium
951 4087 1173 4162 velociorem
1199 4107 1311 4180 quam
1337 4089 1405 4162 alae
1422 4089 1555 4163 Aliclri-

384 4232 486 4286 num.
512 4211 597 4287 ldeo
623 4212 704 4305 plus
728 4210 846 4305 potuit
871 4208 999 4302 timor3
1030 4207 1124 4282 sicut
1157 4205 1325 4281 videmus
1358 4207 1555 4301 aliquando

383 4352 407 4406 a
431 4331 550 4426 simili,
575 4332 674 4425 quod
700 4335 858 4427 urgento
892 4330 1025 4404 timore
1058 4327 1168 4424 pedor
1201 4327 1322 4402 evadit
1346 4329 1394 4402 ab
1419 4330 1554 4422 equite,

384 4453 413 4530 si
439 4453 511 4527 cito
535 4452 673 4528 invenit
696 4452 832 4546 locum,
859 4451 922 4524 ubi
948 4450 1021 4524 cito
1045 4469 1086 4524 sc
1110 4447 1319 4543 abscondat,
1340 4449 1432 4523 sicut
1458 4471 1556 4527 nunc

384 4573 592 4669 Ciampolus
623 4571 730 4666 lecit3
768 4571 849 4647 ideo
883 4571 989 4646 dicit:
1019 4573 1122 4662 puell
1157 4561 1253 4644 ordo
1285 4576 1388 4661 soto,
1421 4570 1557 4648 scilicet

384 4693 593 4790 Ciampolus
609 4691 674 4768 ivit
690 4693 760 4766 suh
777 4693 893 4788 picem
911 4681 961 4784 (⁸),
980 4710 1048 4766 nec
1075 4711 1240 4785 unquam
1262 4699 1386 4784 postea
1403 4709 1554 4784 compa-

387 4837 1555 4854 .-———--—-————-——-————-1—

447 4919 476 4982 (¹)
491 4923 545 4980 lle,
562 4917 666 4968 volavit.
755 4913 785 4980 (¹)
802 4921 855 4977 llo,
873 4916 964 4976 llnute,
981 4914 1099 4968 (licem
1193 4913 1266 4976 (ἾΕ.
1283 4913 1457 4966 removebant,

446 4995 474 5059 (⁴)
491 4999 544 5057 uc,
561 4994 650 5046 ment
758 4991 784 5056 [⁸1
802 4993 832 5044 lt.
848 4996 933 5043 unu.
1194 4989 1221 5052 ω
1239 4994 1293 5050 ne,
1309 4989 1380 5053 quon
1395 4993 1461 5041 ont.

447 5071 474 5136 (¹)
489 5071 521 5123 B·
535 5071 671 5136 wclpllm.
756 5068 782 5133 θ)
799 5070 830 5120 Β.
847 5069 895 5120 rub
911 5069 979 5132 ρίου.
