4526 6836
719 987 856 1042 cunnus
882 987 1041 1044 uncmus
1065 985 1235 1043 ocrnvus.
1538 977 1559 1044 11

386 1153 534 1228 poenam
560 1133 689 1229 primae
714 1134 852 1208 fraudis
867 1125 904 1227 (⁴)
932 1133 970 1209 in
1000 1135 1207 1210 communi:
1233 1135 1280 1210 ad
1306 1135 1413 1210 cuius
1436 1135 1559 1211 decla·
1707 1139 1715 1152 '

385 1255 565 1330 rationem
592 1255 675 1330 volo
700 1262 738 1330 te
763 1261 893 1330 notare
906 1245 957 1350 (¹),
972 1255 1071 1350 quod
1088 1255 1155 1330 ista
1172 1257 1290 1352 prima
1307 1257 1432 1353 bulgio
1449 1277 1558 1354 supe-

386 1377 461 1452 rior
495 1383 551 1451 est
581 1377 698 1456 maior
729 1377 882 1472 caeterls,
913 1384 950 1451 et
979 1376 1096 1474 magis
1129 1385 1274 1452 remota
1303 1398 1326 1453 a
1356 1385 1494 1473 centro,
1521 1386 1559 1454 et

385 1496 546 1571 continet
578 1496 758 1572 maiorem
789 1496 1073 1592 multitudinem,
1099 1497 1163 1572 sed
1188 1498 1298 1573 habet
1327 1498 1502 1575 leviorem
1517 1489 1557 1592 (³)

386 1639 545 1713 poenam.
564 1617 666 1693 Unde
683 1624 792 1692 autor
814 1624 937 1693 servat
957 1617 1137 1714 optimum
1156 1618 1338 1714 ordinem;
1357 1620 1443 1714 quia
1464 1621 1558 1696 sicut

386 1760 497 1835 supra
515 1739 640 1814 volens
657 1738 865 1813 describere
883 1758 1010 1833 poenas
1028 1737 1329 1816 incontinentium
1356 1739 1502 1836 iuooepit
1518 1729 1554 1833 (⁸)

384 1881 407 1933 a
432 1858 593 1953 luxuria,
614 1879 697 1953 quae
723 1859 833 1933 habet
859 1858 980 1933 minus
1005 1860 1123 1954 culpae
1148 1866 1185 1934 et
1209 1858 1290 1954 plus
1315 1860 1488 1956 inlamiae3
1507 1860 1556 1937 ita

386 1979 444 2055 hic
477 1981 603 2054 volens
634 1977 841 2054 describere
875 1999 1002 2074 poenas
1028 1978 1359 2074 fraudulentorum,
1385 1980 1555 2077 incipite

385 2099 515 2175 lraude
541 2119 625 2194 quae
651 2097 690 2172 fit
715 2098 813 2173 circa
837 2097 1036 2194 luxuriam,
1055 2119 1137 2193 quae
1164 2099 1328 2175 similiter
1349 2101 1460 2175 habet
1486 2102 1556 2175 mi-

385 2244 454 2297 nus
486 2221 603 2316 culpae
634 2226 671 2294 et
700 2221 781 2316 plus
817 2219 984 2294 inlamiae.
1018 2221 1174 2295 Ulterius
1203 2219 1250 2294 ad
1282 2219 1554 2318 intelligendum

382 2345 482 2418 clare
506 2341 664 2416 formam
686 2341 789 2414 istius
805 2361 924 2436 poenae
945 2341 1056 2415 debes
1074 2347 1215 2435 notare,
1233 2341 1331 2435 quod
1348 2341 1481 2437 duplex
1500 2348 1555 2416 est

382 2463 520 2560 species
545 2461 802 2557 decipientium
830 2461 1002 2537 mulieres
1028 2462 1091 2556 qui
1116 2462 1175 2536 hic
1199 2463 1418 2557 puniuntur:
1440 2461 1553 2556 aliqui

383 2583 481 2659 enim
507 2587 593 2656 sunt
619 2582 683 2677 qui
707 2581 935 2656 seduxerunt
960 2583 1134 2658 mulieres
1159 2603 1226 2679 pro
1255 2583 1334 2657 aliis
1359 2604 1422 2680 spe
1447 2583 1552 2678 lucri,

382 2705 441 2779 vel
466 2703 619 2778 alterius
643 2702 838 2797 commodi,
857 2709 894 2778 et
918 2701 975 2776 isti
1001 2709 1087 2776 sunt
1110 2702 1256 2777 viliores
1269 2695 1321 2798 (⁶),
1347 2710 1384 2778 et
1408 2702 1555 2799 proprie

382 2826 612 2921 appellantur
638 2825 807 2899 lenones:
833 2823 893 2898 alli
919 2829 1003 2898 sunt
1029 2824 1092 2918 qui
1121 2823 1348 2899 seduxerunt
1379 2823 1554 2900 mulieres

383 2967 450 3041 pro
475 2966 515 3021 se
543 2952 699 3039 tantum,
731 2945 982 3040 promittentes
1015 2943 1081 3019 sihi
1111 2943 1335 3040 coniugium,
1367 2951 1404 3019 et
1429 2951 1553 3040 postea

373 3066 546 3156 ‚fallentes
570 3065 679 3140 iidem
706 3064 845 3160 datam3
864 3083 972 3160 poena
990 3085 1081 3161 ergo
1098 3064 1252 3138 istorum
1273 3070 1329 3138 est
1345 3063 1436 3159 talis,
1455 3065 1554 3159 quod
1690 3113 1696 3124 ·

383 3193 541 3263 currunt
566 3186 738 3262 velociter
763 3206 830 3282 per
855 3185 988 3260 vallem
1012 3185 1189 3260 frontibus
1209 3185 1371 3260 adversis
1396 3206 1463 3281 per
1487 3207 1554 3284 op-

384 3309 555 3404 positum,
582 3307 631 3384 ita
657 3307 756 3402 quod
782 3327 856 3381 una
878 3327 968 3404 gens
988 3305 1105 3388 currit
1121 3327 1144 3381 a
1161 3305 1282 3381 medio
1299 3307 1432 3403 bulgiae
1449 3307 1552 3403 citra,

383 3428 454 3504 alia
478 3449 501 3503 a
527 3427 648 3503 medio
673 3427 786 3502 ultra:
813 3427 932 3521 prima
965 3434 1019 3501 est
1048 3426 1107 3500 illa
1133 3447 1224 3523 gens
1249 3446 1333 3522 quae
1359 3427 1500 3524 decepit
1515 3418 1550 3522 (ἢ

381 3547 546 3624 dominas
571 3548 608 3622 in
634 3547 791 3644 gratiam
816 3548 993 3642 aliorum;
1011 3547 1172 3622 secunda
1198 3555 1253 3622 est
1276 3568 1367 3644 gens
1383 3569 1467 3643 quae
1487 3549 1553 3624 de-

381 3669 476 3764 cepit
490 3657 526 3761 (¹)
562 3667 726 3742 dominas
757 3667 1027 3743 adulationibus
1057 3673 1094 3743 et
1126 3667 1312 3762 promissis
1336 3689 1404 3763 pro
1437 3688 1490 3764 se,
1516 3676 1553 3744 et

380 3795 506 3883 postea
531 3788 705 3863 fallaciter
731 3800 768 3867 et
792 3789 935 3886 ingrate
951 3788 1169 3864 dimiserunt
1186 3809 1260 3884 eas,
1278 3789 1402 3865 habito
1418 3811 1551 3866 eorum

381 3907 538 4003 intento3
557 3913 594 3983 et
618 3914 698 4004 post
717 3929 781 3984 eos
801 3909 939 3984 vadunt
956 3909 1140 3984 daemones
1157 3915 1349 3984 currentes
1369 3931 1455 3984 cum
1475 3911 1552 3986 vir-

379 4027 435 4123 gis
459 4027 586 4103 lemeis
611 4029 783 4105 caedendo
808 4049 871 4104 eos
897 4028 1103 4104 crudeliter.
1123 4029 1176 4103 td
1197 4029 1340 4104 literam
1359 4051 1449 4127 ergo
1466 4032 1552 4107 dicit

380 4154 512 4222 autor:
548 4151 619 4223 ordi
647 4171 670 4224 α
696 4153 731 4223 lo
760 4171 844 4223 mon
876 4153 1007 4224 dendo
1035 4169 1128 4223 novo
1152 4147 1260 4242 pidia,
1291 4149 1383 4224 idest
1416 4173 1549 4226 novam

378 4289 537 4364 poenam,
571 4271 658 4365 quia
691 4277 800 4345 autor
830 4271 877 4346 de
910 4291 1006 4345 novo
1031 4269 1134 4366 fingit
1165 4290 1260 4365 eam,
1291 4291 1404 4365 quam
1440 4294 1550 4347 num-

379 4380 542 4483 quaml⁸i
569 4391 662 4465 alius
691 4391 858 4485 finxerat,
885 4398 922 4466 et
951 4390 1062 4465 etiam
1093 4390 1180 4485 quia
1211 4400 1291 4468 erat
1321 4412 1428 4486 nova,
1459 4393 1551 4469 idest

378 4510 521 4585 diversa
552 4512 599 4585 ab
630 4511 720 4606 aliie,
752 4534 771 4583 e
798 4514 883 4584 novi
906 4513 1104 4606 parmoti,
1137 4509 1228 4586 idest
1256 4517 1549 4610 lamentatores,
1655 4593 1657 4597 ,

378 4631 577 4726 punitores,
608 4630 744 4706 scilicet
774 4630 960 4706 demones
989 4631 1203 4728 instigantes
1232 4651 1296 4706 eos
1329 4631 1482 4730 duriter,
1513 4637 1551 4707 dt

441 4895 469 4961 Γ)
485 4897 515 4948 B.
532 4895 637 4960 madh,
654 4899 752 4952 scillcet
767 4902 794 4952 lu
810 4900 952 4953 communi.
1004 4899 1030 4964 (¹)
1046 4899 1072 4950 S.
1088 4899 1162 4951 scire.

440 4971 467 5036 (¹)
487 4973 513 5024 S.
530 4975 666 5027 minorem.
1002 4975 1029 5040 Ρ)
1047 4979 1100 5038 tte,
1118 4977 1215 5041 lnelplt.

440 5051 469 5111 (⁸)
485 5051 515 5102 n.
531 5053 643 5105 rlltorer.
660 5053 713 5105 Δ111
730 5057 799 5106 runt.
1001 5053 1028 5117 (⁸)
1047 5057 1101 5115 llo,
1118 5053 1212 5117 deripit
1228 5053 1351 5104 mallem
1367 5053 1393 5104 ln
1409 5056 1528 5119 gratim.

440 5127 467 5192 (¹)
484 5133 537 5192 tre,
555 5130 658 5194 decipit.
978 5123 981 5130 ’
1002 5129 1030 5194 (¹)
1046 5131 1077 5182 lt.
1093 5145 1225 5196 nunquam
1242 5131 1358 5182 tinxerat
