4550 6844
803 946 942 1004 usurus
966 944 1193 1002 rmunsrrrue.
1509 931 1580 999 lli

406 1091 481 1169 tire
504 1113 592 1168 cum
617 1091 773 1168 naribus
797 1113 821 1168 a
846 1092 1004 1186 Tenedo,
1022 1101 1061 1168 ct
1082 1089 1169 1166 (luto
1196 1087 1302 1185 signo
1320 1087 1434 1164 Sinon
1459 1087 1583 1164 emisit

404 1233 547 1310 grecos
571 1233 618 1288 er
644 1231 756 1307 equo,
780 1211 917 1290 scilicet
946 1213 1115 1308 Ulyrem‚
1144 1208 1364 1304 Menelaum,
1395 1209 1582 1305 Pyrrhum

405 1341 444 1410 et
459 1331 550 1426 alim
567 1330 721 1426 multos;
739 1331 804 1427 qui
820 1350 961 1426 omnes,
983 1328 1171 1406 trucidatis
1188 1327 1401 1404 custodibus
1419 1335 1456 1404 et
1472 1349 1582 1426 aper·

404 1451 450 1527 tis
470 1451 593 1547 portis,
611 1451 890 1528 intromiserunt
913 1451 1032 1526 maios
1056 1455 1095 1526 et
1121 1455 1240 1524 totum
1257 1448 1463 1524 exercitum
1481 1469 1581 1546 grae-

404 1589 549 1666 corum,
575 1569 638 1665 qui
670 1569 779 1646 simul
806 1570 939 1666 juncti,
970 1570 1185 1646 invaserunt
1216 1567 1348 1646 urbem
1382 1588 1512 1644 somno
1542 1575 1582 1644 et

281 1754 285 1760 .
404 1689 491 1765 rino
516 1690 711 1785 sepultam,
732 1695 770 1765 et
795 1695 984 1766 vastantes
1008 1689 1132 1766 omnia
1158 1689 1258 1765 terro
1277 1694 1315 1764 et
1331 1687 1427 1784 igne,
1444 1687 1579 1784 spolia·

407 1815 482 1885 tam
518 1810 631 1886 rebus
663 1815 701 1884 et
734 1809 884 1905 captivis
917 1809 1080 1886 funditus
1115 1815 1343 1886 everterunt
1377 1808 1448 1884 Sed
1481 1808 1582 1886 lices

406 1928 512 2022 torte,
538 1929 665 2022 lector,
690 1928 779 2023 quid
804 1927 871 2004 sibi
897 1929 977 2004 vult
1007 1928 1076 2004 ista
1105 1927 1229 2004 tabula
1259 1927 1370 2024 longa
1393 1934 1433 2003 et
1458 1932 1583 2004 vanai

406 2046 506 2141 Dico,
526 2045 666 2142 judicio
697 2066 795 2140 meo,
828 2046 927 2142 quod
959 2067 1080 2141 equus
1104 2045 1174 2121 iste
1198 2045 1365 2121 troianus
1394 2045 1584 2122 dedicatus

407 2165 591 2259 llinervae,
612 2185 686 2240 non
705 2164 848 2240 videtur
874 2165 969 2240 velle
993 2164 1118 2240 dicere
1142 2165 1242 2241 aliud
1263 2165 1331 2240 nisi
1354 2165 1453 2260 quod
1470 2165 1581 2260 greci

406 2286 648 2362 obtinuerunt
673 2284 862 2360 victoriam
893 2291 1024 2360 contra
1048 2284 1195 2360 Troiam
1226 2305 1300 2360 non
1335 2295 1412 2363 tam
1443 2285 1583 2360 viribus

407 2425 613 2498 armorum,
639 2423 752 2497 quam
781 2403 895 2478 armis
924 2404 1109 2498 llincrvm,
1138 2403 1276 2480 scilicet
1304 2404 1462 2501 ingenio,
1487 2409 1581 2497 arte,

407 2523 596 2616 industria,
621 2523 766 2599 astutia.
785 2523 888 2599 Unde
912 2525 1131 2619 Lycophron
1155 2530 1264 2618 poeta
1282 2544 1427 2622 graecus
1443 2523 1580 2617 scribit,

407 2641 507 2737 qood
532 2642 643 2738 graeci
669 2641 949 2737 exquisiverunt
972 2663 996 2718 a
1017 2641 1169 2738 captivis
1190 2641 1431 2737 troianorum,
1457 2663 1481 2717 a
1506 2661 1582 2737 quo

305 2771 307 2778 '
408 2768 625 2858 receperant
649 2763 732 2856 plus
756 2763 892 2856 damni,
918 2762 1038 2836 anab
1063 2762 1180 2859 Ulyxe
1204 2762 1439 2857 astutissimo,
1459 2782 1508 2837 an
1533 2761 1582 2836 ab

407 2883 518 2958 Aiace
543 2881 758 2977 fortissim03
785 2890 823 2958 et
847 2883 934 2977 quia
960 2882 1182 2960 invenerunt
1197 2881 1431 2978 prudentiam
1457 2881 1581 2978 Ulyris

409 3005 491 3099 plus
507 3002 676 3078 nocuisse
694 3001 857 3096 troianis,
875 3001 1178 3108 adiudicaverunt
1200 3001 1268 3076 sibi
1289 3022 1395 3077 arma
1415 3000 1582 3094 Achillis;

409 3124 491 3200 ideo
516 3143 590 3198 non
616 3123 736 3217 placet
761 3121 849 3196 milri
874 3121 973 3216 quod
1003 3122 1153 3216 quidam
1183 3121 1310 3197 dicunt
1339 3121 1437 3217 quod
1464 3119 1584 3216 Virgi-

409 3242 479 3318 lius
507 3241 623 3316 roluit
638 3235 675 3333 (¹)
708 3240 853 3317 lictione
884 3261 952 3316 sua
982 3239 1177 3318 ostendero
1211 3241 1358 3316 Troiam
1393 3259 1467 3316 non
1502 3259 1584 3316 erse

355 3419 358 3422 -
409 3367 553 3457 captam
579 3361 784 3456 proditione
808 3361 935 3455 Eueae3
957 3381 1043 3435 uam
1069 3361 1253 3438 Homerus
1277 3382 1344 3456 per
1370 3367 1424 3437 tot
1448 3361 1584 3436 saecula

409 3487 495 3557 ante
520 3481 711 3578 Virgilium
729 3480 867 3558 lecerat
883 3479 1111 3556 mentionem
1129 3480 1175 3556 dc
1193 3479 1262 3558 isto
1282 3500 1381 3574 equo
1398 3481 1582 3556 Minerva.

408 3601 476 3676 Alii
493 3611 618 3678 tamen
635 3599 825 3676 credontes
842 3600 950 3674 istam
968 3619 1049 3676 rem
1065 3590 1229 3692 luisse(')
1248 3620 1339 3675 vere
1356 3600 1489 3675 iactam
1509 3619 1583 3674 non

407 3720 543 3815 fictam,
560 3719 687 3795 dicunt
706 3719 805 3812 quod
822 3719 890 3794 iste
907 3739 1027 3814 equus
1048 3719 1278 3796 introductus
1296 3719 1364 3795 luit
1381 3719 1419 3793 in
1435 3719 1582 3795 Troiam

407 3859 474 3935 pcr
504 3858 617 3912 unam
649 3847 806 3932 portam,
833 3857 918 3932 quae
949 3836 1142 3913 dicebatur
1170 3843 1276 3932 porta
1306 3839 1405 3932 equi,
1435 3838 1531 3912 sicut
1560 3857 1584 3912 a

409 3955 515 4032 simili
540 3955 672 4030 (licitur
697 3961 804 4050 porta
832 3954 970 4048 leonis3
1001 3955 1066 4030 sed
1095 3955 1182 4028 nihil
1211 3956 1335 4052 credo,
1366 3956 1442 4030 imo
1471 3955 1583 4052 graeci

409 4075 538 4152 inclusi
563 4073 601 4149 in
618 4079 748 4149 ventre
764 4072 936 4148 Minerva
953 4080 1132 4169 ceperunt
1148 4073 1295 4150 Troiam
1312 4075 1583 4171 voluptuosam.

410 4195 464 4268 Ex
494 4193 597 4270 dictis
621 4213 712 4290 crgo
746 4199 849 4289 potes
873 4193 1027 4270 faciliter
1058 4194 1286 4290 perpendere
1314 4196 1345 4270 si
1377 4196 1445 4272 iste
1473 4196 1586 4272 Sinon

410 4315 507 4391 bene
532 4313 633 4390 novit
657 4320 777 4388 artem
794 4312 939 4390 fallendi
955 4319 993 4388 et
1014 4313 1223 4408 mentiendi,
1243 4326 1282 4392 et
1306 4315 1336 4390 si
1360 4322 1470 4392 autor
1491 4317 1587 4393 bene

409 4432 513 4510 norit
537 4439 657 4510 artem
683 4431 854 4530 fingendi,
877 4432 941 4527 qui
966 4432 1165 4509 introducit
1183 4433 1361 4512 Sinonem
1382 4435 1514 4511 lalsum
1539 4436 1587 4513 ad

410 4552 706 4629 contendendum
731 4573 819 4628 cum
845 4573 921 4628 uno
946 4551 1129 4628 inmutare
1153 4552 1259 4629 Nunc
1281 4553 1329 4630 ad
1354 4555 1498 4631 literam
1525 4575 1586 4632 rc-

408 4670 555 4748 deundo
579 4672 673 4768 dico,
694 4671 796 4767 quod
813 4672 990 4770 magister
1015 4670 1132 4746 Adam
1158 4671 1293 4748 latinus
1312 4673 1435 4750 obiicit
1459 4674 1584 4752 Sinoni

409 4809 535 4885 greco
559 4791 701 4866 crimen
726 4790 817 4886 ialsi,
835 4812 912 4887 quo
932 4791 1127 4866 damnatus
1149 4795 1215 4886 ert,
1234 4797 1271 4866 et
1291 4792 1412 4887 primo
1431 4793 1585 4870 conflte-

469 5037 499 5102 (ἢ
514 5037 545 5089 R.
560 5039 682 5092 volucrit.
871 5039 900 5105 (¹)
917 5043 942 5093 S.
961 5041 1041 5093 lutrae
1057 5029 1147 5094 r'armn
1163 5054 1217 5093 uon
1233 5041 1329 5092 lictum.
