4534 6842
686 881 824 937 cunnus
849 883 1039 938 mensurus
1063 883 1255 941 sncunous.
1487 875 1555 943 129

388 1043 479 1122 pore
503 1024 653 1118 autoris,
681 1023 755 1098 imo
780 1035 861 1120 post
889 1025 968 1100 eius
999 1031 1167 1102 mortem.
1194 1028 1269 1102 Nec
1300 1027 1427 1103 dubito
1457 1030 1557 1124 quod

386 1147 417 1220 si
441 1145 602 1220 novisset
625 1149 729 1240 gesta
753 1145 843 1238 eius,
871 1163 944 1218 non
970 1146 1141 1220 tacuisset
1165 1148 1340 1241 omnino;
1365 1148 1447 1224 ideo
1463 1149 1556 1242 dico,

386 1265 485 1362 quod
510 1271 620 1338 autor
636 1284 709 1338 non
727 1263 838 1339 refert
855 1263 1011 1359 amplius
1028 1263 1165 1342 dictum
1184 1270 1294 1340 suum
1312 1267 1359 1342 ad
1375 1267 1556 1360 dretium,

386 1387 462 1460 imo
478 1385 524 1460 ad
540 1385 630 1459 alias
646 1391 776 1478 terras,
794 1384 880 1480 quia
897 1389 1007 1458 autor
1023 1391 1167 1480 poterat
1183 1385 1314 1461 vidisse
1332 1385 1399 1460 ista
1416 1392 1558 1481 specta-

386 1505 469 1580 cula
493 1505 697 1599 Florentiae,
723 1504 905 1600 Bononiae,
930 1503 1121 1600 Ferrariae,
1146 1510 1185 1579 et
1208 1505 1304 1600 alibi,
1327 1524 1395 1579 nec
1420 1510 1475 1580 est
1500 1505 1556 1580 vis

387 1625 614 1718 ubicumque
638 1624 792 1718 viderit3
819 1623 904 1699 dicit
928 1644 1042 1721 ergo:
1067 1647 1087 1697 e
1112 1628 1184 1698 otdi
1196 1629 1303 1720 fortir,
1320 1625 1425 1721 idest,
1442 1625 1555 1719 feriri,

387 1746 616 1818 torneamenti
638 1763 657 1815 e
680 1764 805 1816 comer
833 1746 984 1835 mostra,
1008 1751 1045 1818 et
1075 1745 1197 1819 omnia
1228 1744 1297 1818 sub
1326 1745 1478 1821 diversis
1506 1745 1556 1818 si-

386 1866 478 1962 gnis,
499 1864 597 1938 unde
618 1863 722 1938 dicit:
745 1867 885 1956 pundo
905 1885 971 1936 con
991 1867 1135 1957 domoc,
1153 1866 1245 1940 sicut
1260 1859 1296 1958 (¹)
1316 1866 1353 1939 in
1373 1865 1555 1942 movendo

387 2003 572 2078 campum,
599 1982 657 2057 vel
688 1983 930 2078 oppugnando
961 1989 1111 2079 terram,
1145 1986 1202 2060 vel
1233 1986 1269 2059 in
1300 1985 1442 2080 proelio,
1468 1984 1554 2078 quia

388 2102 483 2178 istud
496 2103 641 2199 signum
656 2109 711 2178 est
727 2103 890 2178 maxime
906 2102 1107 2178 accendens
1123 2105 1265 2179 animos
1278 2104 1490 2180 bellantium
1504 2095 1554 2198 ζ’),

388 2225 530 2314 quondo
558 2241 624 2294 con
657 2241 838 2314 compone,
873 2222 967 2296 sicut
1001 2223 1037 2296 iu
1071 2223 1356 2298 tumultuatione
1389 2223 1554 2318 civitatis,

387 2343 473 2436 quia
498 2342 595 2416 istud
619 2347 674 2415 est
698 2341 889 2436 proprium
914 2341 1059 2444 signum
1078 2342 1201 2436 populi
1222 2341 1479 2416 tumultuantis
1495 2342 1555 2417 vel

387 2463 559 2556 testantis,
584 2481 649 2535 eon
676 2463 848 2555 tumbam,
872 2461 969 2538 istud
994 2467 1049 2536 est
1080 2467 1180 2536 recte
1208 2462 1352 2558 signum
1380 2462 1554 2558 peditum,

387 2603 496 2656 econ
520 2585 620 2655 cerni
642 2585 681 2655 cti
708 2584 862 2673 castello,
887 2581 1010 2676 qualia
1039 2588 1125 2655 sunt
1149 2581 1251 2678 ignis,
1278 2583 1413 2678 sumus,
1439 2583 1555 2658 vexil-

388 2703 478 2796 lum,
503 2723 523 2775 e
546 2723 612 2774 con
636 2688 714 2775 cose
737 2704 899 2793 moult,
925 2700 1025 2795 idest,
1049 2701 1264 2795 domesticis,
1289 2723 1373 2796 quae
1403 2713 1489 2778 sunt
1517 2702 1554 2776 iu

388 2829 513 2897 nostro
539 2843 623 2916 usu,
648 2843 668 2895 e
691 2841 758 2894 con
781 2824 937 2914 unane,-
961 2820 1053 2895 idest
1072 2827 1109 2895 et
1128 2841 1214 2894 cum
1241 2821 1353 2895 rebus
1370 2818 1554 2896 extraneis

386 2949 424 3018 et
449 2943 647 3035 inusitatis;
673 2948 711 3016 et
736 2942 833 3017 venit
850 2940 896 3014 ad
913 2941 1138 3036 propositum
1159 2941 1300 3016 dicens:
1322 2943 1395 3014 vidi
1411 2931 1473 3032 yid
1491 2961 1554 3013 co-

387 3064 498 3136 ootter
522 3058 568 3136 ne*
586 3063 703 3154 pedon
728 3081 848 3134 mooer
872 3082 939 3134 con
963 3053 993 3132 si
1017 3063 1157 3134 muoso
1177 3063 1388 3153 mosomum·
1413 3059 1552 3155 supple,

386 3181 503 3275 qualis
529 3187 609 3256 erat
634 3179 765 3275 fistula,
790 3201 874 3274 qum
904 3179 1027 3254 exibat
1056 3179 1102 3253 de
1131 3178 1215 3253 culo
1247 3177 1341 3251 illius
1355 3169 1392 3270 (³)
1424 3177 1551 3252 n'baldi

386 3300 636 3394 Barbaricciae,
663 3305 700 3375 et
725 3300 804 3374 vult
828 3299 951 3374 dicere
977 3318 1052 3372 uno
1076 3297 1211 3373 verbo:
1233 3299 1311 3371 haec
1336 3297 1459 3373 omnia
1484 3317 1553 3392 pro

384 3427 487 3495 tanto
512 3419 677 3514 dixerim,
711 3420 797 3513 quia
827 3418 944 3493 simile
974 3419 1120 3514 signum
1149 3438 1223 3493 uon
1253 3418 1359 3492 valeo
1391 3418 1555 3512 reperire

384 3541 566 3636 praedicto.
584 3541 628 3614 Et
652 3540 698 3614 ad
715 3537 975 3635 perlectionem
990 3537 1272 3633 comparationis
1288 3537 1386 3612 addit
1407 3537 1553 3634 signum

382 3661 526 3755 navale,
551 3661 697 3735 dicens:
723 3653 769 3733 nc*
791 3661 863 3732 miti
885 3679 988 3752 noce,
1013 3658 1141 3754 supple
1166 3658 1323 3752 moveri,
1344 3678 1369 3730 o
1392 3677 1500 3748 scyno
1517 3657 1555 3730 dt

384 3786 495 3872 terro,
521 3779 614 3854 sicut
639 3779 813 3875 navigant
829 3777 1025 3872 aliquando
1049 3777 1095 3851 ad
1121 3777 1273 3852 mirram
1294 3795 1379 3872 quae
1399 3776 1496 3850 lucet
1515 3775 1552 3848 in

383 3900 573 3995 portubus,
599 3919 622 3971 o
646 3901 684 3972 dt
705 3901 817 3990 stello,
844 3899 938 3973 sicut
962 3897 1009 3971 ad
1039 3900 1460 3972 numentanam-Nol
1483 3915 1551 3968 on-

383 4021 523 4092 dooom.
550 4018 655 4093 Nunc
679 4025 789 4092 autor
813 4016 998 4092 descendit
1022 4015 1069 4090 ud
1092 4016 1285 4090 materiam
1306 4015 1551 4111 principaliter
1675 3995 1684 4012 ’

383 4139 576 4234 intentam3
602 4143 639 4212 et
662 4139 783 4234 primo
807 4135 1023 4212 continuans
1048 4155 1087 4210 se
1113 4135 1157 4209 ad
1176 4133 1429 4229 praecedentia,
1447 4133 1550 4207 dicit:

382 4258 481 4353 quod
505 4257 607 4333 ibant
631 4277 718 4356 cum
744 4257 812 4332 ista
837 4256 987 4353 egregia
1012 4255 1185 4332 societate
1215 4273 1299 4350 quae
1332 4253 1553 4330 movebatur

381 4379 451 4453 sub
476 4385 552 4453 tam
568 4365 604 4470 (⁸)
632 4377 742 4453 nobili
767 4396 881 4470 son0;
907 4376 992 4450 dicit
1017 4394 1128 4472 ergo:
1155 4377 1223 4448 Not
1239 4375 1417 4448 ondooom
1441 4373 1555 4447 conii

381 4503 469 4574 diesi
492 4501 635 4590 dimom,
661 4497 797 4572 scilicet
821 4496 912 4572 datis
937 4495 1041 4571 uobis
1058 4517 1080 4570 a
1097 4495 1297 4590 Malacoda;
1315 4500 1351 4570 et
1368 4493 1455 4588 quia
1472 4492 1552 4569 talis

382 4621 533 4696 societas
568 4625 649 4696 erat
682 4618 789 4694 valde
813 4616 994 4710 terribilis,
1032 4614 1114 4690 ideo
1147 4623 1345 4710 antequam
1380 4612 1552 4709 procedat

386 4740 539 4814 ulterius
555 4737 760 4836 prorumpit
777 4737 815 4810 in
831 4757 945 4810 unam
963 4734 1280 4828 exclamationem,
1296 4733 1418 4808 dicens
1434 4731 1553 4807 admi·

442 4927 471 4992 (¹)
486 4927 512 4979 S.
528 4929 626 4979 ecllloet
640 4927 667 4977 ln
683 4923 820 4977 movendo.
1039 4919 1067 4984 (¹)
1084 4921 1116 4972 R.
1131 4919 1318 4972 hommum,

444 5005 472 5070 (ἢ
488 5005 514 5058 Β.
530 5005 612 5058 letlux.
1041 4998 1068 5060 ι’)
1083 4997 1110 5050 S.
1127 4997 1173 5050 nit
1187 4997 1277 5049 nobili.

516 5111 548 5158 Π.
1401 5104 1416 5146 9
