4526 6836
725 951 771 1018 68
1123 962 1327 1021 caumont
1352 967 1503 1022 manunt

725 1105 800 1180 istis
825 1104 1089 1182 divinatoribus
1106 1115 1223 1203 potest
1244 1116 1344 1185 reete
1367 1109 1435 1184 dici
1462 1109 1561 1202 illud,
1582 1101 1682 1202 quod
1702 1107 1789 1182 olim
1807 1109 1896 1183 dixit

728 1225 849 1300 vetula
867 1225 1004 1300 Thaleti
1030 1227 1244 1322 philosopho
1266 1229 1385 1325 primo
1409 1235 1446 1305 et
1465 1230 1666 1326 astrologo.
1685 1229 1778 1304 Cum
1797 1229 1895 1306 enim

726 1345 855 1420 Thales
868 1337 905 1436 (¹)
924 1345 1149 1439 pervenisset
1163 1347 1211 1422 ad
1227 1355 1391 1424 montem
1409 1351 1521 1443 quem
1538 1349 1684 1424 volebat
1698 1347 1897 1442 ascendere

726 1465 772 1540 ad
799 1465 1082 1558 speculationem
1108 1466 1283 1562 siderum,
1309 1475 1346 1543 et
1371 1467 1518 1564 petisset
1542 1468 1590 1542 ab
1610 1489 1684 1543 una
1710 1469 1834 1544 vetula
1850 1468 1896 1542 de'

728 1584 858 1660 vicinia
884 1591 925 1658 ut
948 1585 1101 1662 duceret
1124 1586 1243 1681 ipsum
1260 1579 1297 1679 (²)
1323 1588 1360 1662 iu
1387 1587 1495 1682 viam,
1520 1594 1559 1662 et
1575 1587 1635 1662 ssla
1657 1587 1704 1662 de
1728 1607 1812 1662 sero
1828 1587 1899 1661 du·

728 1712 829 1780 aeret
854 1705 985 1799 ipsum,
1011 1705 1071 1782 ille
1096 1727 1118 1781 a
1143 1728 1231 1781 casu
1258 1707 1387 1782 cecidit
1412 1708 1448 1782 in
1473 1707 1625 1801 lassum,
1650 1718 1688 1783 et
1711 1705 1837 1782 dolens
1862 1719 1899 1783 et

728 1827 889 1902 clamans
914 1825 1059 1922 petebat
1083 1826 1261 1902 auxilium
1288 1849 1310 1902 a
1337 1827 1477 1922 vetula3
1503 1833 1542 1902 at
1567 1827 1625 1901 illa
1654 1827 1774 1902 ridens
1790 1827 1896 1900 dixit.⁸⁴

727 1947 781 2020 dh
809 1946 930 2040 miser,
957 1944 1098 2020 inielix!
1124 1944 1310 2040 quomodo
1335 1946 1473 2021 videbis
1503 1945 1581 2021 vias
1608 1945 1770 2021 siderum
1803 1944 1896 2037 coeli,

727 2087 814 2138 eum
830 2069 914 2138 'nou
940 2063 1062 2140 uideas
1088 2071 1240 2159 terram,
1265 2085 1380 2158 quam
1405 2066 1476 2140 sub
1505 2065 1658 2160 pedibus
1689 2065 1830 2140 hahest
1854 2065 1897 2137 Et

727 2185 811 2260 dicit
827 2192 959 2260 autor:
984 2207 1022 2260 se
1046 2188 1116 2260 Dio
1140 2189 1166 2258 a·
1189 2189 1275 2260 lasci
1293 2187 1451 2279 prender
1472 2190 1582 2280 liudo
1606 2187 1644 2258 di
1667 2187 1728 2259 tuo
1751 2187 1895 2258 lesione.

728 2305 773 2378 Et
797 2305 854 2378 hic
879 2315 977 2398 uota,
995 2303 1095 2398 quod
1111 2305 1253 2380 tructus
1270 2305 1380 2379 huius
1394 2303 1559 2380 lectionis
1582 2311 1648 2398 est,
1666 2303 1765 2399 quod
1784 2305 1898 2379 lector

728 2425 843 2500 discat
868 2425 1035 2520 expensis
1059 2424 1226 2518 istorum,
1248 2445 1320 2499 nou
1337 2425 1524 2519 inquirere
1541 2445 1635 2500 vane
1655 2415 1691 2516 (³)
1708 2425 1844 2519 lutura,
1860 2433 1898 2500 et

642 2545 657 2578 l
728 2544 851 2619 dicere
869 2545 985 2620 multa
1003 2545 1191 2618 mendacia
1208 2565 1294 2619 eum
1313 2545 1514 2640 perditione
1529 2545 1663 2620 animae
1679 2552 1717 2620 et
1733 2545 1898 2621 irrisione

729 2665 797 2739 sui.
823 2665 923 2741 Unde
944 2663 1039 2739 bene
1061 2666 1191 2738 Petrus
1207 2664 1254 2739 de
1270 2664 1397 2740 Aharm
1411 2654 1448 2757 (⁴)
1471 2665 1674 2760 paduanus,
1692 2664 1748 2739 vir
1773 2663 1898 2761 siugu-

730 2784 815 2858 laris
833 2783 1056 2859 excellentiae
1072 2776 1121 2878 (⁵),
1140 2783 1292 2860 veniens
1307 2783 1354 2859 ad
1372 2789 1542 2878 mortem,
1559 2783 1647 2859 dixit
1664 2783 1801 2878 amicis,
1819 2803 1899 2858 ma·

729 2903 861 3000 gistris,
890 2911 927 2978 et
951 2903 1179 2979 scholaribus
1204 2909 1242 2978 et
1267 2903 1416 2978 medicis
1439 2902 1770 2998 circumstantibus,
1802 2904 1898 2998 quod

729 3023 881 3102 dederat
905 3043 1054 3120 operam
1080 3022 1303 3119 praeeipuam
1328 3022 1456 3098 diebus
1489 3021 1565 3096 suis
1594 3023 1711 3097 tribus
1743 3023 1900 3098 scientiis

730 3143 933 3238 nobilibus,
964 3151 1124 3237 quarum
1155 3163 1230 3218 uua
1261 3142 1399 3218 lecerat
1427 3162 1513 3217 eum
1546 3143 1728 3236 subtilem,
1758 3152 1796 3218 et
1819 3143 1898 3216 haec

730 3269 811 3370 erat
836 3263 1077 3359 philosophia;
1103 3262 1263 3338 secunda
1289 3262 1427 3338 lecerat
1456 3283 1544 3337 eum
1577 3263 1738 3358 divitem,
1763 3261 1897 3337 scilieet

732 3382 931 3476 medieiua;
957 3382 1064 3460 tertia
1089 3401 1180 3458 vero
1204 3380 1431 3474 mendaeem,
1456 3382 1591 3458 scilicet
1610 3382 1815 3478 astrologia.
1838 3381 1899 3455 ht-

732 3521 814 3575 cam
840 3521 931 3597 ergo
956 3521 1030 3576 uua
1056 3521 1141 3576 cum
1169 3497 1355 3575 hverroii:
1373 3501 1570 3598 astrologia
1588 3502 1700 3578 nostri
1726 3501 1900 3596 temporis

735 3621 833 3696 nulla
858 3627 923 3696 est.
950 3619 1021 3696 Sed
1039 3621 1161 3696 statim
1177 3619 1262 3696 dicit
1276 3609 1313 3712 (⁰)
1332 3621 1562 3718 astrologusz
1581 3619 1762 3696 hverrobs
1775 3610 1900 3710 nond)

733 3741 837 3816 scivit
860 3739 1116 3836 astrologiam3
1142 3739 1205 3815 sed
1234 3744 1334 3814 astra
1369 3758 1441 3813 uon
1473 3741 1713 3816 mentiuntur.
1739 3740 1806 3816 Cui
1832 3759 1901 3835 ego

735 3860 983 3955 respondebo:
1009 3860 1074 3936 des
1099 3860 1187 3934 mihi
1215 3859 1317 3934 illum
1344 3859 1407 3954 qui
1432 3859 1527 3935 bene
1551 3859 1697 3936 sciverit
1710 3851 1761 3954 (⁸),
1786 3867 1824 3935 et
1849 3860 1902 3934 vi-

732 3979 886 4056 deamus
911 4001 994 4075 quae
1020 4001 1108 4056 vera
1138 3979 1282 4074 dixerit,
1312 3979 1399 4072 quia
1428 3999 1635 4074 numquam
1664 3979 1900 4056 diebusvitae

734 4121 827 4176 meae
856 4101 1030 4195 aliquem.
1051 4099 1135 4194 vidi,
1169 4119 1256 4174 eum
1288 4105 1411 4174 emen
1445 4099 1638 4174 habuerim
1670 4099 1832 4175 notitiam
1864 4105 1902 4172 et

732 4221 1013 4296 familiaritatem
1039 4221 1254 4294 multorum.
1280 4219 1387 4294 Certo
1418 4217 1546 4312 fateor,
1572 4217 1671 4312 quod
1700 4225 1798 4292 astra
1828 4237 1900 4291 non

733 4342 973 4434 mentiuntur,
998 4339 1063 4414 sed
1087 4337 1262 4434 astrologi
1287 4337 1382 4412 bene
1408 4337 1637 4412 mentiuntur
1652 4337 1699 4413 de
1723 4338 1838 4414 astris.
1857 4339 1900 4411 Et

732 4459 914 4555 specificat
930 4456 1219 4551 compassionem
1238 4476 1422 4552 magnam,
1436 4477 1549 4551 quam
1566 4457 1724 4532 hahebat
1739 4458 1785 4532 ad
1803 4458 1899 4548 istos,

733 4586 770 4653 et
790 4576 1112 4672 reprehensionem
1125 4573 1263 4672 Virgilii
1278 4575 1325 4650 ad
1341 4594 1393 4652 so.
1413 4575 1503 4652 llicit
1519 4596 1635 4673 ergo:
1656 4595 1756 4670 vere,
1774 4577 1899 4668 lector,

797 4856 824 4915 (⁸)
840 4853 871 4903 lt.
887 4852 935 4904 tote
951 4851 1055 4904 Thales
1112 4885 1118 4898 .
1257 4849 1284 4912 (¹)
1300 4851 1331 4901 E.
1347 4851 1440 4914 lpsuru,
1456 4849 1503 4902 llle
1518 4863 1533 4901 ι
1549 4863 1619 4901 σιω.

797 4930 824 4992 (“)
842 4933 895 4990 tta.
912 4943 976 4982 rum
992 4927 1089 4980 lutura.
1258 4927 1286 4988 ι’)
1302 4931 1356 4988 tta,
1372 4928 1405 4978 de
1422 4925 1515 4978 hbuno
1531 4927 1580 4980 rlr.
1590 4925 1660 4976 -Ε,
1676 4924 1708 4975 da
1725 4923 1823 4974 Eburno

797 5007 824 5068 υ)
840 5007 866 5058 S.
882 5006 1004 5058 mule.
1259 5002 1287 5063 (η
1303 5007 1357 5063 trs,
1374 5004 1451 5056 utet.
1641 5001 1668 5065 ρ)
1685 5005 1739 5060 ms,
1756 4999 1871 5050 metuat.

798 5085 824 5145 (¹)
841 5083 867 5135 S.
882 5084 990 5136 uomrlt.
1001 5109 1029 5121 -
1039 5083 1070 5135 R
1086 5081 1198 5142 sciverit.
1215 5080 1285 5144 quod
1298 5093 1439 5146 summm.
