4606 6840
719 914 789 984 utu
1104 923 1313 980 munaum
1337 923 1492 980 mnam

715 1091 801 1148 cum
825 1075 1005 1146 armento.
1031 1069 1095 1144 lllo
1118 1075 1245 1144 autem
1272 1067 1477 1160 recedente,
1503 1066 1617 1144 boves
1640 1065 1786 1142 furtive
1803 1087 1883 1142 coe·

716 1197 851 1288 perurat
875 1191 1020 1288 mugire
1042 1189 1137 1264 intra
1152 1209 1353 1266 cavernam
1369 1188 1416 1266 ad
1431 1187 1653 1264 desiderium
1674 1179 1882 1278 aliaruml⁴l

717 1311 939 1387 relictarum.
965 1309 1141 1386 Hercules
1166 1310 1286 1384 subito
1311 1309 1568 1402 cucurritque
1590 1308 1752 1402 mugitus
1770 1329 1881 1384 voca·

716 1433 779 1508 bat
803 1453 907 1526 eum;
933 1439 971 1506 et
994 1431 1143 1506 invento
1167 1431 1433 1524 ludecanum
1459 1429 1594 1504 frustra
1618 1427 1797 1504 auxilium
1815 1449 1883 1526 pa·

716 1559 857 1628 storum
883 1552 1139 1648 implorantem
1165 1572 1233 1626 sua
1257 1552 1361 1627 clava
1387 1550 1558 1626 mactavit
1582 1549 1620 1624 in
1644 1555 1762 1626 antro.
1778 1551 1883 1628 Nunc

715 1673 762 1748 ad
787 1673 931 1749 literam
947 1671 1033 1747 dicit
1056 1677 1188 1748 autor:
1205 1678 1239 1746 et
1252 1673 1288 1744 io
1304 1672 1377 1744 vidi
1397 1690 1445 1742 no
1460 1675 1639 1760 mammo,
1661 1668 1796 1746 scilicet
1813 1671 1883 1748 ca-

714 1815 812 1868 cum.
839 1794 884 1867 Et
908 1793 966 1868 laic
998 1798 1084 1867 nota
1111 1791 1211 1884 quod
1246 1790 1350 1866 multi
1382 1789 1562 1864 mirantur
1588 1789 1657 1883 bic,
1684 1796 1722 1864 et
1746 1789 1882 1883 dicum,

715 1915 813 2008 quod
831 1913 954 1990 nullus
973 1917 1080 2006 poeta
1096 1911 1242 1986 videtur
1262 1931 1395 1986 vocare
1412 1909 1549 1986 Cacum
1565 1919 1799 2004 centaurum,
1818 1909 1884 1984 nisi

714 2036 858 2109 Dantea.
883 2033 1024 2121 Quibus
1050 2033 1270 2126 respondeo:
1298 2030 1397 2125 quod
1421 2029 1591 2126 Virgilius
1619 2036 1750 2104 octavo
1775 2030 1884 2106 Enei·

713 2153 778 2229 dos
798 2153 955 2249 appellat
974 2153 1112 2227 Cacum
1130 2151 1408 2228 semihominem
1423 2141 1460 2241 (²)
1486 2155 1523 2224 et
1548 2148 1774 2244 semiieram3
1802 2149 1884 2226 ideo

712 2281 822 2348 autor
847 2273 957 2348 istum
993 2277 1269 2348 monstruosum
1285 2261 1321 2362 (³)
1355 2270 1513 2364 appellat
1536 2278 1769 2365 centaurum,
1794 2271 1883 2365 quia

712 2392 780 2467 init
805 2392 985 2468 violentus
1009 2390 1147 2468 effusor
1172 2391 1359 2487 sanguinis
1391 2399 1429 2467 et
1460 2389 1543 2464 aeris
1575 2389 1758 2484 spoliator,
1788 2390 1883 2467 sicut

712 2512 890 2606 centauri,
916 2512 963 2588 de
988 2511 1122 2606 quibus
1146 2512 1252 2606 plene
1269 2511 1406 2586 dictum
1424 2516 1479 2586 est
1495 2510 1580 2584 alibi
1596 2531 1719 2604 supra,
1740 2517 1778 2586 et
1794 2512 1881 2606 quia

712 2633 781 2708 luit
804 2634 911 2708 velox
942 2639 979 2708 et
1008 2637 1198 2726 promptus
1229 2631 1275 2706 ad
1305 2630 1467 2725 praedam
1500 2651 1605 2708 more
1634 2632 1800 2708 centauri
1824 2633 1881 2708 di-

712 2751 910 2829 scurrentis
935 2773 1022 2827 cum
1048 2751 1184 2826 lurore
1219 2751 1303 2826 ldeo
1333 2751 1428 2828 bene
1456 2751 1561 2828 dicit:
1582 2757 1666 2844 pica
1696 2753 1735 2826 di
1761 2755 1881 2846 rubin,

712 2875 799 2969 quia
830 2873 899 2948 init
931 2872 1196 2948 ferocissimum
1226 2871 1373 2966 animal,
1403 2875 1502 2948 venir
1529 2875 1737 2948 adamando
1761 2877 1816 2946 ου’
1829 2871 1880 2965 dc,

712 2990 817 3068 oo’da
841 2993 1020 3066 locabo?
1037 2991 1190 3066 vocabat
1205 2979 1241 3083 (⁴)
1262 2992 1361 3066 enim
1378 2990 1543 3066 Vannem
1569 2993 1797 3088 praedictum,
1818 2995 1884 3088 qui

712 3120 792 3190 erat
815 3112 973 3190 acerbus
998 3119 1035 3188 et
1059 3111 1196 3186 crudus
1221 3121 1411 3205 tamquam
1436 3113 1580 3188 socium
1604 3134 1715 3188 suum
1742 3115 1882 3190 similli-

711 3255 817 3310 mum
842 3233 921 3326 sibl,
947 3233 1006 3308 vel
1030 3231 1125 3308 forte
1149 3233 1440 3326 persequebatur
1465 3251 1566 3327 eum,
1591 3234 1690 3328 quia,
1707 3235 1802 3310 sicut
1826 3236 1882 3312 vi·
2016 3311 2021 3322 ,

710 3356 842 3432 demus
869 3359 945 3428 tota
968 3351 1039 3446 die,
1066 3351 1121 3426 isti
1147 3352 1216 3428 viri
1241 3353 1461 3450 sanguinum
1486 3373 1583 3449 saepe
1595 3354 1768 3450 jugulant
1785 3377 1883 3432 unus

710 3474 824 3550 alium
838 3464 1158 3563 (⁵).-lloremmo
1179 3472 1245 3547 llic
1264 3479 1374 3548 autor
1398 3471 1567 3548 describit
1592 3473 1744 3570 insignia
1764 3482 1802 3552 et
1817 3497 1882 3552 or·

711 3599 883 3670 namenta
908 3592 1010 3666 istius
1035 3591 1212 3686 centauri,
1239 3592 1325 3685 quia
1341 3582 1377 3684 (⁶)
1409 3593 1566 3668 babebat
1596 3594 1881 3672 innumerabiles

710 3715 824 3790 bissae
838 3701 874 3804 (⁷)
890 3733 956 3808 pro
975 3711 1131 3806 phaleris
1144 3717 1181 3786 et
1199 3733 1317 3786 unum
1328 3713 1527 3788 draconem
1547 3714 1879 3808 pestilentissimum

705 3835 890 3930 iacentem
904 3832 940 3906 in
954 3831 1092 3907 vertice
1104 3832 1195 3925 eius,
1209 3832 1315 3908 cuius
1334 3833 1460 3908 afflatu
1480 3834 1732 3910 moriebantur
1748 3857 1878 3914 omnes

710 3961 947 4032 occurrentes
971 3953 1048 4030 sibi.
1078 3953 1241 4028 Ostendit
1272 3959 1398 4030 antem
1430 3953 1730 4049 multiplicitatem
1763 3957 1879 4036 bissa-

710 4097 796 4150 rum
809 4065 846 4168 (⁸)
872 4095 939 4170 por
963 4074 1275 4168 comparationem
1309 4075 1459 4169 claram,
1493 4075 1632 4152 dicem:
1666 4097 1740 4152 noa
1771 4081 1878 4154 credo

708 4199 768 4270 cle
787 4200 998 4285 Marnnmo,
1024 4193 1124 4287 idest,
1151 4199 1319 4268 contrata
1339 4194 1521 4270 maritima
1546 4195 1697 4290 lascire,
1717 4217 1802 4291 quae
1823 4205 1880 4274 est

708 4314 815 4390 valde
845 4313 971 4406 calida,
1002 4312 1088 4405 quia
1118 4312 1262 4406 respicit
1292 4313 1451 4388 Africam
1485 4305 1573 4406 elil
1611 4316 1815 4412 meridiem,
1841 4325 1879 4393 et

708 4435 819 4510 babet
853 4451 1025 4528 magnam
1061 4431 1204 4526 copiam
1237 4431 1432 4527 bimarum,
1470 4435 1621 4508 n'nbbto
1655 4442 1748 4510 bote
1777 4439 1879 4514 nom

708 4559 835 4646 quante
858 4554 915 4626 etti
938 4571 1028 4624 occa
1051 4571 1092 4624 au
1114 4572 1180 4643 per
1204 4555 1241 4624 lo
1268 4573 1421 4646 proppo,
1447 4554 1534 4648 quia
1564 4563 1644 4630 erat
1673 4577 1739 4650 pro
1772 4566 1878 4654 parte

770 4741 798 4804 (¹)
814 4745 869 4801 tlt,
885 4740 1079 4792 illarum-li.
1095 4741 1207 4793 allorum
1223 4741 1386 4794 relictorum.

771 4815 799 4878 c
814 4817 845 4868 n
860 4817 1071 4882 mmmmm
1088 4817 1155 4870 κω.
1472 4820 1501 4886 c
1516 4822 1548 4873 n
1564 4827 1720 4879 mm

770 4893 798 4958 (⁸)
814 4895 845 4948 ll.
862 4898 937 4944 vocat
951 4894 1021 4944 enim
1037 4895 1154 4946 Vanncm
1170 4896 1324 4960 pradictum
1339 4897 1471 4961 acerbum,
1488 4900 1548 4964 qnia
1564 4905 1628 4951 crat

772 4969 799 5032 ω
817 4974 871 5030 tlt,
888 4969 1008 5021 altarum
1162 4971 1190 5036 (⁸)
1205 4971 1232 5024 S.
1248 4975 1301 5038 qut
1472 4975 1499 5038 (¹)
1516 4976 1547 5026 E.
1563 4976 1653 5033 mun
1669 4976 1764 5032 latam

771 5045 798 5108 (⁸)
814 5047 845 5098 E.
861 5059 877 5098 ο
893 5050 948 5107 llo,
964 5045 1113 5099 bastin-um.
1157 5067 1161 5078 ·
1470 5052 1498 5116 (Ἴ
1516 5056 1570 5114 ltu,
1586 5053 1614 5104 in
1630 5053 1773 5106 meridiem.
