4606 6840
752 978 892 1034 caurus
916 977 1109 1034 vraesmus
1133 977 1316 1032 seramus.
1546 965 1615 1034 301

447 1123 520 1218 illo,
545 1122 684 1198 dicens:
718 1126 800 1197 Vedi
822 1127 882 1198 ele
905 1144 978 1197 noo
1001 1126 1175 1198 rimosae
1193 1145 1218 1196 a
1238 1145 1292 1198 me
1307 1130 1341 1198 et
1358 1125 1461 1199 urdo.
1488 1125 1533 1198 Et
1558 1123 1617 1198 laio

447 1249 544 1338 nota,
575 1242 675 1337 quod
713 1243 810 1317 istud
848 1264 921 1318 non
959 1243 1069 1319 habet
1106 1243 1237 1339 locum
1268 1244 1452 1339 loquendo
1481 1243 1529 1319 de
1559 1244 1617 1318 in·

444 1364 549 1440 lerno
586 1363 784 1457 essentiali,
818 1363 905 1457 quia
942 1383 1133 1458 nunquam
1169 1370 1287 1459 potest
1324 1365 1374 1438 ibi
1414 1385 1495 1440 ease
1527 1365 1617 1440 alle·

444 1482 555 1558 viatio
569 1477 605 1575 (¹)
633 1504 763 1579 poenae,
789 1483 854 1558 sod
877 1483 986 1560 debet
1011 1484 1160 1580 intelligi
1187 1485 1392 1579 moraliter3
1417 1483 1614 1580 aliquando

444 1604 543 1680 enim
569 1603 757 1700 contingit,
782 1603 881 1698 quod
906 1603 988 1698 quis
1008 1624 1082 1679 non
1098 1603 1243 1679 videtur
1260 1603 1364 1698 quasi
1382 1603 1517 1680 sentire
1534 1623 1615 1698 poe-

446 1745 533 1798 nam
562 1743 681 1818 suam,
714 1722 864 1818 quando
893 1722 1056 1817 loquitur
1086 1742 1174 1796 oum
1199 1722 1279 1797 viro
1304 1722 1612 1817 eloquentissimo,

446 1843 552 1918 onius
577 1842 711 1938 eloquii
736 1842 897 1917 suavitas
922 1841 1007 1915 iaoit
1030 1841 1150 1936 ipsum
1176 1841 1337 1916 oblivisci
1354 1841 1501 1936 doloris,
1521 1841 1616 1916 sieut

447 1961 519 2037 vidi
543 1961 590 2037 de
623 1961 730 2055 lacto,
762 1960 863 2054 quod
886 1959 1082 2054 aliquando
1098 1952 1135 2052 (²)
1161 1960 1292 2055 aliquis
1317 1959 1506 2036 infirmans
1531 1960 1616 2036 lacit

446 2081 513 2156 sibi
538 2081 676 2175 portari
701 2080 869 2173 Dantem,
887 2097 973 2154 cum
991 2079 1096 2154 ardet
1115 2070 1152 2171 (³)
1178 2081 1301 2156 calore
1326 2080 1453 2175 febrili,
1479 2080 1525 2155 ad
1550 2080 1617 2154 ali-

447 2202 595 2296 qualem
628 2200 918 2275 delectationem.
935 2240 986 2253 -
1005 2203 1050 2273 Se
1074 2207 1120 2273 tu.
1158 2199 1224 2274 llio
1260 2220 1385 2276 eomes
1420 2200 1614 2296 predictus

446 2320 531 2397 lacit
555 2340 661 2394 suam
686 2318 899 2415 petitionem
924 2323 1092 2414 patenter
1112 2325 1238 2412 petens
1262 2318 1309 2392 de
1333 2323 1428 2393 statu
1452 2319 1615 2394 Roman-

447 2440 565 2534 diolae,
595 2439 693 2514 unde
721 2438 830 2513 dicit:
860 2441 1004 2528 Dimuri,
1033 2459 1070 2510 se
1101 2441 1115 2510 i
1146 2439 1348 2527 romopnoli
1374 2439 1446 2510 lun
1471 2459 1559 2530 paee
1592 2458 1614 2509 o

449 2579 608 2652 eneam
642 2563 679 2632 et
711 2557 862 2634 adverto
894 2557 993 2652 quod
1026 2557 1147 2634 statim
1185 2555 1304 2630 oritur
1332 2554 1485 2628 dubium
1516 2555 1613 2630 eirca

448 2679 555 2753 istam
580 2677 803 2772 petitionem,
828 2697 914 2750 cnm
941 2676 1007 2750 iste
1024 2696 1148 2750 eomes
1168 2674 1278 2749 luerit
1298 2673 1469 2748 dominus
1489 2673 1614 2748 Urbini

447 2805 485 2872 et
509 2795 795 2892 praedecessores
825 2802 862 2871 et
893 2815 1123 2871 successores
1148 2795 1205 2868 sui
1231 2793 1422 2888 usquead
1447 2801 1613 2889 tempora

446 2915 635 3010 moderna,
661 2935 779 3011 quare
803 2915 892 3011 petit
917 2915 964 2990 de
988 2921 1084 2988 statu
1110 2912 1370 3007 Romandiolae,
1388 2933 1474 2988 oum
1500 2913 1613 2988 habe-

445 3041 503 3109 ret
519 3034 722 3128 dominium
740 3034 777 3107 in
794 3033 951 3109 llarehia
968 3034 1207 3108 anconitana?
1220 3033 1420 3108 Dicendum
1439 3033 1613 3125 breviter,

447 3155 546 3251 quod
570 3155 688 3230 dietus
712 3174 849 3247 eomes,
876 3159 913 3228 et
938 3159 1056 3227 totum
1081 3173 1200 3249 genus
1225 3153 1305 3228 eius
1320 3141 1368 3248 (⁸),
1394 3152 1463 3228 luit
1478 3152 1524 3228 de
1540 3152 1615 3227 llo-

446 3272 641 3367 mandiola,
673 3271 809 3347 seilicet
839 3271 885 3347 de
918 3271 1155 3367 Monteleltro,
1192 3279 1233 3346 ut
1261 3272 1338 3366 ipse
1361 3271 1483 3346 statim
1509 3270 1614 3345 dicet.

447 3394 631 3467 Praeterea
664 3392 741 3487 ipse
774 3391 858 3466 lecit
892 3390 1073 3489 magnalia
1107 3413 1175 3468 sua
1208 3392 1247 3466 in
1283 3391 1532 3485 Romandiola,
1569 3390 1617 3465 de

446 3532 608 3607 quorum
633 3510 827 3607 praecipuis
852 3511 995 3586 dicetur
1011 3511 1080 3586 hio.
1104 3511 1149 3585 Et
1164 3511 1272 3587 dicit:
1289 3533 1326 3584 se
1343 3519 1379 3586 tu
1397 3514 1457 3585 sid
1465 3531 1537 3604 pur
1558 3530 1616 3596 nto

444 3634 571 3705 ouduto
595 3633 634 3702 in
658 3637 775 3722 quoto
804 3632 933 3703 meledo
964 3633 1069 3722 aleco,
1100 3630 1192 3705 idest
1217 3630 1254 3704 in
1279 3630 1390 3705 istum
1416 3630 1613 3723 infernum,

443 3756 482 3824 at
505 3750 708 3845 specialiter
732 3751 769 3824 in
788 3749 894 3824 istam
910 3749 1074 3847 bulgiom
1093 3755 1262 3825 octavam
1280 3770 1365 3844 quae
1381 3757 1437 3826 est
1454 3751 1615 3826 manime

444 3889 561 3963 caeca3
593 3869 678 3965 quia
710 3870 765 3944 isti
795 3869 879 3946 lieet
903 3870 974 3944 sint
998 3871 1035 3944 in
1060 3870 1216 3944 llamnris
1246 3870 1463 3966 lucentibus,
1490 3878 1614 3948 tamen

445 3989 533 4063 nihil
557 3988 695 4083 vident;
721 3997 758 4064 et
783 3990 832 4064 ita
857 3990 904 4065 de
933 3989 987 4065 rei
1012 3988 1178 4082 veritate,
1204 3990 1393 4065 moraliter
1418 3990 1613 4085 loquendo,

448 4107 649 4184 inmundo
675 4109 825 4184 istoisti
855 4110 918 4205 qui
948 4113 1166 4204 reputantur
1191 4108 1242 4183 ila
1271 4108 1422 4184 subtiles
1453 4117 1491 4186 et
1523 4131 1615 4186 ocu-

447 4228 521 4322 lati,
547 4228 585 4301 in
612 4229 685 4304 line
716 4230 952 4325 reperiuntur
977 4227 1144 4302 rudiores
1175 4233 1213 4303 et
1244 4229 1415 4306 caeoiores
1446 4230 1547 4326 aliis;
1579 4233 1617 4304 dt

447 4351 560 4441 quello
585 4351 681 4422 dolce
705 4357 803 4423 terra
828 4353 953 4441 loona,
969 4348 1062 4424 idest
1078 4348 1125 4423 de
1143 4348 1393 4444 Romandiola,
1411 4370 1495 4444 quae
1519 4351 1615 4426 inter

447 4468 537 4543 alias
569 4468 773 4564 provincias
799 4468 910 4544 ltaliae
939 4474 994 4544 est
1025 4467 1187 4543 maxime
1211 4487 1361 4543 amoena
1385 4475 1423 4544 et
1446 4469 1614 4544 omnium

447 4588 631 4662 bonorum
657 4587 793 4681 fertilis,
819 4589 909 4660 ende
933 4608 1029 4679 reco,
1054 4586 1146 4662 idest
1170 4586 1217 4662 de
1241 4607 1316 4681 qua
1335 4593 1433 4664 terra
1456 4594 1614 4684 reporto,

447 4713 532 4780 tutta
557 4709 629 4778 mia
647 4709 762 4799 colpe,
779 4706 866 4801 quia
888 4706 936 4781 ibi
953 4706 1104 4782 exercui
1122 4727 1275 4803 magnas
1292 4707 1515 4802 calliditates
1533 4708 1617 4803 qui-

507 4921 534 4982 (¹)
550 4920 580 4971 ll.
597 4921 726 4975 alienatio.
850 4923 878 4985 (¹)
893 4923 925 4974 Ε.
942 4924 1079 4987 aliquando
1095 4923 1229 4974 lullrmaua
1244 4923 1314 4976 iecit.

507 4995 535 5057 (¹)
552 4997 582 5046 ll.
598 4997 702 5049 arderet
717 4999 805 5050 calore
820 4999 900 5050 lebria
915 4999 947 5050 ad
964 4998 1104 5062 aliqualem
1120 4999 1398 5052 reerectionem-Se
1413 5005 1449 5051 tu.

506 5071 535 5136 (⁸)
551 5073 583 5125 ll.
598 5089 680 5140 genua
694 5089 781 5127 mum.
