4580 6844
723 945 795 1014 336
1121 951 1325 1011 commin
1348 955 1501 1010 rursum
1605 931 1606 936 ‘

723 1103 848 1178 oinum
874 1099 1059 1176 civitatem
1085 1099 1137 1175 sio
1160 1098 1431 1176 denominatam
1457 1119 1481 1175 a
1505 1097 1668 1194 flumine,
1686 1119 1772 1194 qum
1787 1099 1896 1176 bodio

725 1227 881 1296 vocatur
905 1219 1027 1314 Papia,
1053 1217 1140 1294 vicit
1170 1217 1375 1315 Scipionem
1407 1217 1570 1313 equestri
1594 1218 1806 1313 certamine,
1832 1219 1896 1313 qui

724 1339 888 1437 graviter
913 1341 1128 1415 vulneratus
1153 1337 1220 1413 init
1246 1339 1283 1412 in
1298 1338 1389 1435 acio,
1407 1338 1471 1414 sed
1491 1339 1707 1416 liberatusa
1729 1338 1814 1434 lilio,
1832 1339 1897 1434 qui

726 1465 851 1556 postea
877 1457 974 1534 istud
988 1449 1025 1551 (¹)
1051 1457 1190 1534 bellum
1215 1456 1368 1534 feliciter
1388 1457 1609 1553 terminavit,
1625 1457 1825 1553 perductus
1842 1465 1898 1534 est

726 1577 960 1654 Placentiam.
986 1577 1038 1654 lbi
1063 1577 1131 1653 luit
1146 1577 1350 1654 secundum
1376 1577 1548 1674 proelium
1569 1577 1777 1654 Hannibalis
1800 1579 1898 1676 apud

726 1701 865 1774 llomen
889 1699 1060 1775 Trebiam
1089 1718 1176 1773 cum
1208 1697 1425 1793 Sempronio
1456 1697 1581 1796 longo
1617 1693 1755 1795 collega
1785 1697 1898 1794 ipsius

725 1820 884 1896 consulis
909 1819 1095 1917 Scipionis,
1121 1818 1185 1913 qui
1210 1818 1359 1894 veniens
1383 1818 1431 1893 de
1454 1817 1573 1894 Sicilia
1594 1837 1661 1913 per
1686 1837 1790 1894 mare
1815 1818 1898 1894 bri·

726 1941 881 2035 minum,
907 1945 945 2015 et
969 1939 1099 2015 deinde
1115 1938 1336 2015 Placentiam
1356 1959 1422 2034 per
1443 1945 1594 2032 terram,
1611 1937 1739 2014 videns
1754 1938 1895 2012 socium

725 2061 881 2135 vulnere
913 2065 1123 2156 gravatum,
1152 2057 1361 2134 desiderans
1393 2057 1513 2132 solum
1538 2057 1693 2154 gloriam
1722 2056 1896 2152 victorio,

725 2177 901 2276 pugnavit
924 2167 1124 2270 incautae)
1152 2195 1239 2251 oum
1259 2175 1459 2252 Hannibale
1475 2176 1571 2252 duce
1587 2176 1816 2271 cautissim03
1832 2177 1897 2271 qui

726 2319 813 2374 cum
827 2303 923 2372 esset
944 2297 1060 2395 frigus
1079 2297 1349 2394 rigidissimum,
1366 2297 1491 2393 positis
1507 2297 1628 2393 primo
1648 2296 1793 2392 insidiis,
1810 2317 1898 2392 pro-

728 2417 873 2493 vocavit
897 2437 984 2492 eum
1011 2418 1049 2492 in
1074 2437 1236 2515 pugnam
1262 2417 1359 2492 ultra
1386 2417 1535 2512 llomen,
1555 2417 1605 2493 ita
1631 2417 1731 2512 quod
1754 2417 1898 2494 exerci-

729 2545 789 2610 tus
816 2555 992 2610 romanus
1017 2536 1115 2612 lame
1138 2535 1292 2612 allectus
1306 2527 1344 2629 (⁸)
1369 2541 1406 2610 et
1432 2535 1569 2632 frigore
1584 2543 1804 2632 contractus,
1829 2537 1898 2612 luit

728 2653 881 2730 faciliter
910 2655 1114 2732 debellatus
1146 2676 1170 2730 a
1199 2653 1374 2729 militibus
1404 2653 1624 2750 Hannibalis,
1657 2655 1721 2749 qui
1752 2655 1899 2732 inerant

729 2773 923 2869 praeparati
947 2773 994 2849 ad
1018 2794 1181 2871 pugnam
1207 2773 1289 2849 cibo
1314 2781 1351 2849 et
1375 2773 1460 2871 igne
1490 2773 1617 2849 reiecti
1642 2781 1680 2849 et
1706 2775 1898 2870 resumpti3

729 2893 835 2966 mulii
860 2913 951 2990 ergo
976 2893 1146 2990 prostrati
1171 2894 1324 2969 luerunt
1353 2893 1390 2968 in
1419 2894 1560 2988 proelio,
1587 2895 1697 2967 multi
1731 2895 1898 2970 suffocati

726 3013 764 3086 in
790 3013 952 3108 llumine,
977 3013 1101 3109 plures
1125 3013 1347 3088 Placentiam
1372 3018 1581 3088 evaserunt
1602 3012 1688 3087 ldeo
1706 3013 1802 3089 bene
1821 3014 1897 3089 ele·

726 3140 857 3230 gauter
881 3133 1011 3210 Florus
1034 3133 1221 3210 breviator
1245 3133 1335 3208 Livii
1359 3133 1431 3208 ait:
1449 3132 1623 3208 horribile
1647 3131 1759 3227 dictu,
1777 3133 1897 3208 bomi-

727 3273 791 3332 nes
815 3274 838 3327 a
865 3253 1017 3330 meridie
1041 3260 1080 3329 et
1104 3255 1181 3329 sole
1202 3253 1389 3328 venientes
1410 3258 1535 3327 nostra
1556 3272 1622 3326 nos
1640 3252 1773 3348 hyeme
1796 3252 1897 3327 vioe-

726 3379 825 3447 runl.
852 3373 989 3449 Deinde
1013 3373 1189 3449 Hannibal
1215 3373 1380 3448 transivit
1410 3372 1639 3468 Apenninum
1671 3377 1832 3447 montem
1859 3371 1896 3446 in

726 3493 909 3586 Tusciam,
935 3497 1066 3567 contra
1092 3511 1204 3586 quem
1226 3493 1324 3567 venit
1339 3491 1452 3567 Gaius
1473 3491 1672 3566 Flaminius
1688 3492 1815 3566 consul
1841 3491 1898 3567 vir

727 3610 889 3689 ardentis
915 3611 1063 3707 ingenii,
1079 3609 1279 3686 animosior
1295 3632 1409 3705 quam
1431 3610 1573 3685 cautior
1593 3611 1652 3685 vel
1668 3609 1818 3706 lelicior,
1835 3611 1898 3706 qui

727 3730 916 3805 concurrit
955 3749 1041 3805 cnm
1082 3729 1282 3804 Hannibale
1314 3729 1414 3825 apud
1450 3727 1573 3804 lacum
1605 3729 1897 3826 Transimenum,

728 3848 792 3943 qui
818 3869 917 3923 nunc
941 3847 1073 3924 dicitur
1098 3848 1309 3944 Perusinus,
1336 3849 1405 3924 sub
1431 3847 1617 3923 montibus
1641 3850 1821 3926 Cortonae.
1846 3850 1897 3925 lbi

727 3969 905 4044 Hannibal
922 3990 1013 4043 usus
1034 3975 1089 4044 est
1106 3968 1245 4044 artibus
1262 3969 1357 4064 suis3
1376 3989 1460 4044 nam
1480 3967 1683 4044 exercitum
1701 3989 1896 4044 romanum

726 4093 894 4166 clausum
921 4112 943 4164 a
969 4091 1098 4165 dextra
1124 4091 1219 4185 lacu,
1245 4111 1268 4164 a
1297 4090 1441 4164 sinistra
1474 4095 1609 4182 monte,
1642 4111 1665 4164 a
1695 4095 1800 4186 tergo
1825 4089 1898 4164 cir·

726 4210 914 4287 cumvenit
938 4209 1084 4305 insidiis,
1117 4216 1154 4284 et
1186 4209 1266 4285 eius
1295 4209 1487 4284 consilium
1519 4207 1658 4282 adiuvit
1690 4207 1824 4283 nebula
1849 4229 1895 4285 ex

725 4333 808 4406 lacu
834 4331 1004 4427 proximo
1038 4349 1194 4426 surgens
1224 4335 1299 4402 tam
1334 4328 1458 4422 densa,
1485 4333 1527 4402 ut
1557 4327 1662 4422 quasi
1692 4347 1840 4402 omnem
1856 4315 1893 4420 (⁸)

724 4471 836 4526 usum
863 4449 963 4524 visus
988 4449 1163 4545 eriperet:
1191 4447 1240 4523 ibi
1264 4455 1472 4546 pugnatum
1504 4453 1560 4522 est
1583 4467 1670 4523 cum
1695 4452 1796 4520 tanto
1820 4444 1896 4520 ier·

724 4589 828 4664 vore,
856 4569 954 4664 quod
985 4568 1022 4642 in
1046 4588 1182 4664 pugna,
1216 4587 1300 4662 quae
1324 4567 1470 4642 duravit
1495 4566 1612 4640 tribus
1637 4563 1748 4659 boris,
1772 4565 1895 4639 nullus

725 4688 838 4764 sensit
870 4693 1136 4782 terraemotum,
1167 4687 1231 4782 qui
1265 4693 1353 4763 tuno
1384 4687 1451 4760 luit
1483 4694 1558 4762 tam
1590 4671 1896 4779 terribilis,'quod

727 4808 910 4884 concussit
935 4813 1053 4882 terras
1072 4813 1110 4882 et
1126 4808 1244 4883 maria
1268 4827 1336 4904 per
1358 4813 1472 4882 totam
1490 4805 1642 4910 ltaliam,
1660 4804 1773 4880 urbes
1789 4823 1897 4880 ever-

789 5026 817 5087 ι’)
832 5023 858 5074 8.
874 5037 890 5076 c
906 5025 937 5075 B.
953 5023 1029 5076 illud.
1280 5021 1309 5082 Γ)
1323 5021 1354 5072 li.
1371 5021 1484 5073 undem.

791 5101 819 5168 ζ’)
834 5101 860 5154 S.
876 5101 994 5154 sillictus.
1281 5099 1308 5163 (⁸)
1325 5103 1380 5160 llll,
1396 5112 1502 5151 omnem
1518 5098 1602 5150 rlsrrm
1617 5097 1739 5160 eriperet.
