4566 6844
710 959 781 1024 512
1107 969 1311 1026 COHENTUH
1335 971 1486 1026 namur

571 1189 573 1192 ,
707 1118 790 1190 erat
814 1132 972 1210 magnus
997 1113 1126 1189 nobilis
1149 1114 1196 1191 de
1220 1115 1288 1189 illis
1311 1113 1359 1190 de
1382 1113 1572 1208 Becharia,
1591 1113 1656 1209 qni
1681 1125 1789 1192 erant
1813 1115 1882 1192 do·

709 1234 797 1310 mini
831 1234 971 1330 Papiae3
994 1233 1204 1310 obiicientes
1232 1235 1311 1329 sibi,
1341 1233 1442 1329 quod
1471 1234 1652 1310 tractabat
1683 1233 1883 1330 proditorie

710 1355 890 1430 reducere
913 1353 1130 1450 ghibellinos
1149 1353 1186 1428 in
1203 1353 1436 1430 Florentiam.
1455 1354 1500 1428 ut
1516 1351 1641 1428 multis
1658 1353 1886 1430 cruciatibus
1972 1431 1977 1438 ,

708 1473 877 1548 iecerunt
901 1472 1019 1568 ipsum
1050 1473 1258 1548 consessum
1290 1471 1488 1569 decapitari
1520 1471 1665 1568 publice
1696 1473 1733 1546 ln
1763 1474 1886 1568 platea

709 1593 831 1668 Sancti
855 1593 1082 1689 Apollinaris,
1107 1593 1190 1668 talis
1218 1599 1274 1670 est
1298 1592 1402 1667 luror
1430 1591 1572 1688 populi;
1604 1597 1754 1688 propter
1784 1593 1887 1688 quod

709 1713 892 1788 Florentia
918 1712 985 1786 luit
1002 1712 1335 1807 excommunicata,
1353 1717 1390 1787 et
1407 1711 1515 1786 multi
1531 1711 1713 1788 florentini
1730 1711 1887 1788 luerunt

708 1833 897 1927 destructi,
922 1853 1009 1908 cum
1041 1831 1239 1908 transirent
1263 1851 1329 1928 per
1353 1830 1613 1908 lombardiam
1638 1851 1662 1906 a
1686 1831 1790 1908 dictis
1816 1831 1922 1952 dog]

710 1953 817 2028 minis
849 1952 896 2027 de
928 1951 1048 2047 Papia.
1083 1951 1138 2026 td
1170 1951 1314 2026 literam
1350 1969 1462 2048 ergo,
1491 1950 1578 2025 dicit
1608 1951 1726 2024 Bocca
1751 1950 1883 2026 llanti:

706 2095 744 2148 sc
765 2074 855 2166 [ossi
878 2074 1083 2146 docmate
1113 2072 1199 2144 alta·
1224 2073 1278 2144 cla·
1298 2073 1330 2142 o'
1345 2088 1424 2162 cro,
1441 2069 1545 2164 idest,
1566 2069 1649 2165 quis
1674 2069 1768 2144 alius
1792 2089 1885 2166 pro-

708 2192 804 2267 ditor
833 2197 914 2266 erat
945 2191 994 2265 ibi
1026 2211 1112 2265 cum
1143 2190 1251 2264 Bosio
1282 2189 1329 2264 de
1363 2190 1522 2266 Dueria:
1555 2196 1591 2266 tu
1621 2191 1682 2264 tat
1716 2192 1781 2264 dol
1811 2193 1885 2264 loto

708 2313 788 2410 puel
809 2313 848 2385 di
871 2312 1071 2402 Bccctert‘o,
1087 2313 1126 2385 dt
1145 2313 1202 2384 cui
1223 2301 1306 2402 πρὸ
1322 2312 1500 2384 liorem
1521 2311 1557 2382 ln
1576 2311 1761 2400 porpiero,
1780 2307 1885 2402 idest,

708 2432 769 2508 cui
793 2431 976 2508 Florentia
1000 2430 1206 2527 amputavit
1220 2435 1363 2527 guttur,
1380 2430 1468 2524 qula
1485 2429 1570 2505 lecit
1591 2447 1679 2504 eum
1699 2428 1885 2520 decollari,

708 2559 747 2628 et
771 2552 858 2626 nihil
883 2551 999 2627 valuit
1023 2550 1090 2626 sibi
1115 2550 1258 2625 clerica.
1277 2550 1321 2624 Et
1338 2550 1396 2625 hic
1412 2559 1511 2644 nota,
1530 2549 1629 2644 quod
1645 2548 1759 2644 aliqui
1783 2547 1886 2624 dixe-

709 2677 809 2766 runt,
834 2670 934 2766 quod
959 2670 1027 2746 iste
1051 2669 1165 2746 abhas
1191 2689 1264 2744 non
1289 2669 1412 2746 luerat
1428 2669 1615 2764 conscius,
1625 2674 1664 2745 et
1680 2669 1780 2764 quod
1796 2686 1886 2764 pro·

709 2796 790 2888 pter
813 2790 910 2864 istud
921 2796 1128 2886 peccatum,
1145 2794 1183 2864 et
1199 2790 1478 2867 intollerabilem
1492 2789 1705 2886 superbiam
1722 2787 1885 2864 dorenti-

708 2931 856 3005 norum,
870 2909 1219 3006 hahueruntpostea
1230 2909 1441 2986 nondictum
1454 2907 1676 2986 adltontem
1690 2903 1884 3003 apertum,

707 3029 754 3106 de
779 3051 854 3125 quo
879 3029 1018 3105 dictum
1044 3035 1101 3104 est
1125 3030 1236 3124 paulo
1266 3049 1399 3124 supra3
1427 3033 1551 3104 tamen
1588 3031 1698 3103 autor
1713 3018 1750 3118 (¹)
1780 3025 1883 3122 ponit

707 3171 797 3226 eum
821 3149 1052 3246 culpabilem,
1078 3155 1120 3223 ut
1143 3155 1253 3244 patet.
1280 3149 1373 3226 Nota
1398 3149 1508 3224 etiam
1541 3147 1642 3243 quod
1675 3151 1784 3222 autor
1809 3166 1883 3220 nu-

707 3261 879 3363 merate)
905 3269 1017 3344 istum
1042 3269 1253 3365 papiensem
1280 3269 1375 3346 inter
1400 3267 1604 3364 proditores
1628 3267 1771 3363 patriae,
1793 3267 1880 3362 quia

707 3391 775 3466 istc
799 3396 943 3485 poterat
967 3389 1037 3464 dici
1061 3390 1287 3485 llorcntinus,
1306 3390 1448 3466 ratione
1468 3388 1661 3482 incolatus,
1687 3389 1775 3483 quia
1800 3396 1882 3464 erat

707 3509 757 3583 ihi
781 3508 1028 3584 beneficiatus.
1042 3549 1093 3564 -
1107 3511 1246 3582 oona.
1273 3508 1338 3584 llic
1363 3510 1482 3584 Bocca
1507 3508 1680 3604 praetatus
1712 3508 1882 3583 nominat

706 3628 821 3702 alium
846 3628 1069 3724 proditorem
1087 3629 1278 3704 concivem
1295 3649 1418 3702 sunm.
1439 3629 1483 3702 Et
1499 3627 1546 3703 ad
1562 3627 1768 3721 sciendum,
1785 3610 1906 3721 quas?l

707 3748 818 3823 modo
836 3748 903 3822 iste
918 3746 1085 3844 prodidit,
1102 3748 1214 3824 debes
1230 3748 1432 3843 recordari,
1449 3748 1608 3844 qualiter
1621 3752 1791 3842 tempore
1804 3767 1880 3840 quo

705 3869 838 3944 iratres
862 3867 1071 3943 Gaudentes
1099 3868 1250 3944 luerunt
1281 3869 1484 3945 potestates
1509 3867 1716 3962 Florentia,
1741 3866 1879 3960 Uberti,

706 3989 891 4064 Lamberti
916 3988 1038 4064 etalii
1065 3979 1304 4085 ghibellinil³l
1336 3989 1621 4064 insurrexerunt
1657 3993 1786 4062 contra
1819 4007 1881 4062 re·

706 4115 835 4205 gentes
860 4113 949 4184 tunc
972 4108 1171 4204 populum,
1196 4127 1243 4184 ex
1273 4128 1348 4203 quo
1377 4107 1534 4204 populus
1566 4107 1636 4182 luit
1664 4112 1752 4184 tunc
1782 4112 1880 4183 totus

706 4227 778 4302 suh
804 4227 931 4322 armis,
961 4235 999 4305 et
1032 4229 1262 4304 reduxerunt
1296 4249 1337 4305 se
1370 4249 1500 4304 omnes
1534 4227 1572 4302 in
1605 4227 1703 4302 viam
1735 4227 1879 4324 largam

706 4347 850 4422 Sanctae
874 4347 1068 4422 Trinitatis.
1093 4348 1138 4420 lit
1165 4345 1549 4444 dominuslolrannes
1580 4345 1627 4422 dc
1658 4345 1879 4422 Soldaneriis

705 4465 753 4542 dc
776 4465 970 4561 Florentia,
996 4465 1125 4541 nobilis
1150 4466 1266 4562 miles,
1291 4467 1375 4542 licet
1399 4472 1496 4542 esset
1525 4465 1744 4564 ghibellinus
1768 4471 1807 4540 et
1830 4463 1878 4540 de

706 4583 818 4659 domo
842 4585 1050 4682 ghibellina,
1074 4585 1160 4661 lecit
1184 4606 1225 4661 se
1249 4593 1360 4682 caput
1384 4586 1520 4682 populi,
1537 4592 1580 4661 ut
1599 4583 1814 4661 ascenderet
1830 4583 1878 4658 ad

708 4723 886 4799 magnum
912 4710 1061 4800 statum,
1087 4724 1161 4779 non
1187 4706 1382 4802 respiciens
1407 4707 1530 4802 finem,
1552 4706 1616 4800 qui
1637 4705 1707 4780 luit
1730 4702 1879 4780 destru-

663 4815 668 4826 '
708 4823 780 4898 ctio
805 4824 917 4918 partis
933 4823 1150 4920 ghibellinas.
1170 4827 1262 4900 Nam
1279 4825 1374 4902 duce
1394 4825 1490 4902 dicto
1508 4826 1684 4920 iohanne,
1702 4831 1783 4920 post
1798 4825 1880 4898 lon-

769 5011 797 5071 l'l
813 5009 844 5060 tt.
860 5015 937 5062 sutor
951 5011 1069 5063 nomtnst
1084 5011 1172 5062 ntum.
1360 5011 1387 5076 (ἢ
1406 5017 1459 5074 tlt,
1475 5013 1600 5064 nomint.

771 5085 797 5149 (¹)
815 5090 869 5148 ltu,
885 5086 1017 5140 florentini
1032 5087 1175 5152 pldballlnl.
