4566 6844
723 943 793 1008 566
1116 951 1319 1007 continuit
1345 951 1495 1006 tumlti

721 1104 763 1170 ut
787 1097 917 1172 totiens
932 1098 1070 1174 dictum
1089 1105 1155 1193 est,
1174 1098 1297 1172 omnia
1314 1097 1441 1193 gravia
1462 1097 1614 1172 tendunt
1636 1098 1683 1173 ad
1708 1106 1891 1175 centrum.

720 1222 814 1290 -Ε
835 1219 904 1290 rie'.
932 1217 997 1292 Hic
1021 1217 1191 1314 Virgilius
1216 1217 1398 1314 specificat
1423 1219 1545 1293 autori
1561 1220 1706 1314 locum;
1733 1220 1797 1296 ubi
1825 1227 1892 1314 est,

720 1337 862 1431 dicens3
893 1359 912 1410 e
943 1340 1003 1410 sid
1021 1357 1078 1429 or,
1104 1337 1207 1432 idest,
1238 1358 1348 1431 nunc,
1382 1340 1502 1429 pionte
1534 1344 1623 1412 sotto
1658 1341 1890 1433 lemtspen'o,

720 1458 821 1552 idest,
848 1457 917 1530 sub
943 1457 1162 1552 hemisperio
1191 1458 1353 1534 interiori
1379 1457 1542 1553 opposito
1567 1459 1768 1555 superiori;
1795 1460 1895 1536 unde

718 1579 828 1673 dicit3
854 1580 913 1651 cte
938 1574 975 1651 de
998 1581 1154 1671 opposito
1180 1600 1205 1651 a
1234 1582 1324 1670 puel,
1349 1579 1495 1672 scilicet,
1522 1579 1741 1675 hemisperio
1768 1587 1895 1655 nostro

719 1697 911 1794 superiori,
937 1700 997 1771 cle
1021 1702 1203 1774 coverclio
1228 1702 1264 1773 lo
1288 1719 1384 1790 pron
1407 1720 1520 1790 eecce,
1545 1699 1647 1793 idest,
1674 1706 1789 1776 totam
1816 1706 1894 1776 ter·

721 1839 800 1893 ram
826 1818 1104 1914 discoopertam.
1131 1821 1176 1894 Et
1207 1819 1337 1893 melius
1365 1818 1527 1895 declarat
1561 1819 1679 1914 ipsum
1711 1821 1895 1916 hemispe-

721 1938 818 2012 rium
845 1939 1015 2033 superius
1041 1946 1207 2013 nostrum
1234 1959 1300 2034 per
1324 1939 1359 2012 id
1389 1939 1486 2033 quod
1502 1932 1540 2031 (¹)
1566 1939 1730 2014 Chcistus
1755 1940 1895 2035 passio·

720 2063 828 2131 natus
852 2063 907 2132 est
933 2059 1002 2132 sub
1028 2079 1084 2153 eo,
1111 2057 1253 2133 dicens:
1279 2079 1297 2131 e
1321 2064 1409 2131 sotto
1433 2060 1461 2130 tl
1483 2061 1538 2132 cui
1556 2061 1682 2149 colmo,
1698 2059 1802 2154 idest,
1825 2060 1896 2134 sub

719 2177 825 2252 euius
842 2177 1048 2273 hemisperii
1066 2178 1266 2272 altitudine,
1284 2181 1396 2252 loom
1413 2179 1473 2252 clte
1490 2197 1658 2270 oocpuee
1680 2181 1769 2252 erese
1785 2200 1896 2253 cetzo

715 2317 836 2390 pecca,
862 2297 954 2372 idest
968 2288 1005 2388 (²)
1031 2297 1194 2372 Christus
1220 2299 1282 2393 qui
1308 2299 1407 2373 solus
1430 2299 1525 2374 inter
1545 2300 1711 2374 homines
1731 2301 1801 2374 luit
1816 2300 1895 2376 sine

719 2423 880 2512 peccato,
903 2421 964 2511 fue
987 2425 1165 2512 consecto,
1184 2417 1287 2512 idest,
1304 2419 1502 2494 crucifixus
1527 2426 1565 2496 et
1590 2439 1636 2495 ex
1662 2421 1763 2495 omni
1789 2426 1894 2516 parte

721 2537 895 2632 afflictum
915 2538 1013 2614 unde
1030 2539 1107 2633 ipse
1120 2529 1158 2631 (³)
1176 2538 1283 2612 dixit:
1301 2547 1574 2614 concamaratum
1594 2547 1652 2613 est.
1672 2540 1836 2615 Christus
1852 2529 1888 2632 (⁸)

721 2656 818 2730 enim
851 2657 918 2731 luit
951 2678 1090 2752 passus,
1116 2665 1286 2733 mortuus
1311 2663 1349 2734 et
1382 2659 1545 2753 sepultus
1579 2659 1616 2732 in
1650 2659 1891 2754 Hierusalem,

722 2797 806 2870 quae
839 2777 970 2850 dicitur
1004 2797 1084 2852 esse
1117 2779 1186 2852 sul)
1217 2778 1336 2854 altiori
1366 2786 1502 2873 puncto
1534 2778 1741 2875 hemisperii
1775 2799 1894 2875 sperae

724 2903 857 2972 nostrae
881 2896 1095 2972 habitabilis.
1113 2899 1158 2972 Et
1176 2897 1361 2974 declarato
1383 2899 1464 2974 loco
1490 2899 1553 2974 ubi
1579 2905 1660 2976 erat
1682 2921 1749 2996 per
1774 2899 1893 2975 hemi-

721 3018 883 3114 sperium
910 3017 1071 3095 declarat
1095 3019 1214 3114 ipsum
1233 3039 1299 3114 per
1318 3020 1429 3094 situm
1453 3026 1575 3115 terrae,
1598 3027 1636 3095 et
1660 3020 1763 3095 dicit:
1782 3028 1817 3094 ta
1834 3023 1895 3095 lot

721 3140 746 3212 lt
766 3139 849 3231 pedi
871 3141 909 3210 tn
933 3159 975 3212 ru
994 3142 1144 3232 picciolo
1168 3161 1288 3232 rpmo,
1309 3159 1462 3234 parvam
1485 3159 1629 3234 speram
1651 3140 1807 3235 appellat
1823 3161 1893 3217 au-

720 3264 779 3332 tor
804 3277 957 3353 parvam
974 3278 1101 3333 aream
1118 3259 1310 3353 spericam,
1329 3258 1366 3332 in
1387 3279 1461 3352 qua
1478 3264 1534 3333 est
1551 3278 1656 3333 mous
1675 3261 1891 3356 purgatorii,

720 3397 832 3471 quam
859 3377 1079 3454 invenerunt
1104 3379 1141 3452 iu
1157 3379 1219 3454 illo
1241 3377 1461 3474 hemisperio
1483 3378 1665 3473 iuferiori3
1686 3399 1771 3472 quae
1791 3385 1891 3455 terra

719 3507 775 3574 est
799 3520 914 3594 parva
940 3506 1108 3595 respectu
1135 3506 1269 3575 nostrae
1294 3499 1504 3594 superioris.
1522 3501 1567 3575 Et
1588 3500 1750 3575 declarat
1776 3501 1890 3596 ipsam

720 3637 865 3713 speram
893 3638 1057 3712 parvam,
1082 3619 1228 3694 dicens:
1254 3621 1315 3692 cte
1338 3621 1466 3692 {oltra
1492 3625 1596 3712 porte
1621 3625 1663 3714 sa
1687 3623 1779 3694 della
1807 3625 1893 3695 Giu-

720 3739 839 3826 dmm,
869 3737 970 3831 idest,
997 3738 1096 3831 quod
1127 3738 1164 3812 in
1194 3739 1357 3833 opposita
1391 3737 1483 3812 fecie
1515 3748 1626 3814 terrae
1661 3737 1754 3814 illius
1785 3761 1893 3816 mon-

721 3857 766 3932 tis
797 3863 851 3932 est
881 3857 1056 3953 ludeclra,
1089 3859 1190 3953 idest,
1223 3858 1372 3934 ludaica
1406 3859 1529 3957 regi03
1569 3879 1653 3934 nam
1690 3881 1796 3937 mens
1834 3863 1894 3939 ille

720 3979 922 4076 purgatorii
953 3985 1007 4054 est
1037 3978 1175 4055 directe
1204 3979 1391 4075 oppositus
1405 3971 1443 4072 (⁵)
1473 3979 1613 4076 regioni
1650 3981 1890 4080 Hierusalem,

720 4118 804 4193 que
829 4097 961 4172 dicitur
985 4099 1131 4193 iudea,
1150 4100 1207 4175 vel
1222 4090 1259 4192 (⁶)
1285 4109 1322 4177 et
1348 4101 1472 4176 verim
1490 4100 1588 4194 quod
1612 4107 1723 4176 autor
1740 4122 1806 4197 per
1826 4105 1892 4178 lu-

719 4219 873 4295 decham
900 4219 1065 4317 intelligit
1094 4219 1260 4294 ultimam
1294 4227 1435 4316 partem
1465 4221 1606 4318 glaciei,
1638 4243 1749 4316 quam
1783 4233 1895 4300 autor

719 4339 930 4415 denominat
954 4338 1154 4414 ludeclram
1172 4361 1195 4416 a
1216 4339 1309 4416 luda
1330 4339 1628 4437 arclriproditore,
1652 4343 1715 4436 qui
1737 4345 1893 4439 prodidit

720 4461 917 4537 Dominum
943 4465 980 4536 et
1004 4460 1276 4536 benelactorem
1303 4483 1435 4556 suum3
1453 4483 1537 4560 quae
1568 4462 1729 4539 ludeclra
1753 4464 1893 4541 directe

719 4582 915 4679 opponitur
939 4579 987 4654 illi
1004 4601 1094 4656 saxo
1110 4581 1157 4654 ad
1178 4582 1276 4675 quod
1297 4589 1540 4677 pervenerant
1562 4603 1675 4678 nunc3
1694 4591 1732 4659 et
1750 4584 1816 4660 ista
1838 4593 1894 4662 eet

781 4770 808 4830 (¹)
824 4767 854 4818 lt.
871 4767 941 4830 quod
958 4767 1084 4818 llominna
1099 4771 1189 4818 noster
1204 4768 1279 4820 leons
1295 4767 1421 4819 Christus.
1496 4770 1502 4788 ¹

780 4842 854 4903 (⁸213.
871 4843 937 4894 idest
954 4843 1080 4896 Dominus
1096 4849 1185 4896 noster
1200 4845 1275 4896 sarm
1290 4844 1414 4896 Christus.

781 4919 808 4985 p>
825 4919 855 4972 u
872 4921 981 4985 immor
995 4922 1027 4972 ue
1044 4935 1071 4973 ω
1087 4921 1158 4973 mu

780 4997 808 5060 (⁸)
825 4997 856 5048 Β.
874 4997 999 5050 mnium
1014 4999 1084 5050 enim
1100 5004 1189 5051 amtor
1203 4999 1279 5052 lesus
1293 4999 1411 5052 Christus
1427 4999 1475 5054 luit
1493 5011 1589 5064 panus.

782 5073 809 5136 ξ’)
826 5073 857 5124 Ε.
874 5073 1006 5138 oppositus
1022 5075 1193 5126 Hierusalem.
1340 5074 1367 5138 ι’)
1384 5075 1415 5128 B.
1431 5076 1474 5128 rel
1490 5077 1532 5128 dic
1547 5081 1576 5130 et
1591 5076 1686 5130 vulno·
