4550 6844
761 966 903 1023 caurus
926 962 1121 1021 vnonsunus
1143 960 1275 1016 nonus.
1533 949 1603 1015 tol

430 1117 557 1214 tegula
582 1113 776 1190 coniuncta
802 1133 888 1188 cum
914 1110 1052 1208 tegula,
1077 1115 1115 1184 et
1131 1113 1217 1182 suut
1234 1107 1299 1182 toti
1319 1107 1473 1182 scabiosi
1498 1114 1536 1182 et
1555 1108 1610 1184 lc-

430 1236 530 1333 pmsi
555 1234 732 1309 habentes
757 1252 930 1328 squamas
950 1238 988 1306 et
1008 1230 1173 1305 maculas
1189 1227 1236 1302 ad
1253 1226 1406 1301 modurn
1433 1247 1609 1322 squama-

431 1377 517 1431 rum
535 1353 642 1451 piscis
654 1345 709 1448 (Ἲς
735 1358 773 1428 et
798 1352 972 1427 continuo
998 1350 1135 1425 habent
1158 1346 1455 1422 ardentissimum
1483 1348 1609 1443 pruri-

373 1463 375 1468 ’
433 1483 525 1571 tum,
551 1480 589 1550 et
612 1472 787 1550 continuo
811 1492 853 1547 se
877 1471 1045 1567 scalpunt
1069 1490 1155 1544 cum
1174 1475 1275 1544 tanto
1291 1466 1439 1543 iervore
1452 1459 1490 1560 (²)
1508 1468 1609 1562 quod

431 1595 606 1672 continuo
631 1592 824 1668 excutiunt
854 1613 878 1667 a
902 1611 943 1666 se
975 1589 1139 1665 maculas
1168 1594 1206 1663 et
1238 1587 1367 1662 bullas.
1397 1587 1476 1661 lmo
1499 1579 1536 1680 (³)
1561 1586 1608 1662 ad

432 1713 660 1812 propositum
685 1711 875 1787 considera
901 1708 1088 1807 quomodo
1113 1709 1180 1783 ista
1206 1707 1327 1804 figura
1344 1707 1477 1782 debeat
1502 1707 1610 1781 intel-

434 1836 516 1933 ligi:
543 1833 663 1929 primo
688 1832 743 1906 isti
769 1831 956 1907 Alchimici
973 1818 1010 1922 (ἢ
1028 1836 1126 1905 stant
1149 1829 1245 1905 sicut
1263 1829 1397 1925 tegulae
1414 1826 1607 1923 appodiati,

436 1955 522 2050 quia
539 1957 615 2028 tota
634 1952 692 2027 die
709 1958 806 2026 stant
819 1950 947 2025 inclusi
964 1949 1011 2024 ad
1028 1947 1288 2024 insufflandum
1306 1949 1344 2021 in
1362 1946 1609 2042 cineracium3

306 2172 307 2176 Ν
436 2083 473 2152 et
498 2079 596 2148 stant
619 2071 744 2146 sociati
769 2071 890 2165 simul,
921 2069 1006 2163 quia
1042 2068 1172 2144 derel
1204 2067 1360 2143 veritate
1390 2067 1612 2143 Alchimistoe

437 2191 683 2270 communiter
709 2190 970 2285 colloquuntur
991 2179 1043 2283 (ὅ),
1068 2193 1336 2263 conversantur
1361 2186 1481 2262 simul.
1509 2187 1613 2262 Unde

437 2314 532 2390 sicut
556 2311 725 2388 videmus
749 2309 795 2384 de
820 2309 926 2403 iacto,
952 2308 1042 2382 nulli
1071 2313 1157 2381 sunt
1186 2306 1344 2382 artifices
1373 2307 1422 2382 ita
1452 2307 1548 2382 inter
1573 2325 1613 2382 se

439 2431 637 2508 familiares
662 2428 757 2503 sicut
772 2427 983 2503 alchimici:
1002 2449 1089 2502 nam
1109 2427 1139 2502 si
1156 2427 1231 2501 duo
1247 2427 1387 2503 suntin
1410 2447 1483 2502 una
1501 2433 1614 2520 terra,

438 2551 560 2626 statim
588 2569 685 2623 unus
710 2547 847 2622 invenit
871 2548 1043 2641 alterum,
1070 2552 1107 2621 et
1128 2547 1308 2622 contrahit
1326 2547 1538 2622 societatem
1555 2565 1616 2620 se-

439 2691 539 2745 cum.
560 2666 718 2743 Ulterius
743 2667 800 2740 isti
825 2667 961 2742 habeut
985 2666 1190 2741 marimum
1217 2665 1416 2762 pruritum,
1439 2666 1542 2759 idest,
1560 2666 1616 2739 in-

441 2789 641 2866 satiabilem
668 2787 870 2883 appetitum
886 2777 936 2882 (⁸),
955 2787 1050 2862 sicut
1074 2787 1147 2862 vidi
1164 2787 1200 2860 in
1221 2787 1364 2880 multis;
1386 2793 1423 2862 et
1440 2786 1614 2862 continuo

441 2931 482 2986 se
506 2910 671 3004 scalpunt
697 2907 783 3002 quia
809 2907 983 2982 continuo
1008 2927 1048 2981 se
1073 2913 1249 2981 exercent
1274 2911 1315 2978 ut
1336 2905 1472 3000 possint
1496 2905 1616 2981 adim-

441 3031 542 3124 plere
561 3026 763 3124 appetitum
786 3047 909 3120 suum,
933 3033 970 3100 et
993 3026 1186 3101 excutiunt
1207 3024 1274 3099 sibi
1297 3032 1440 3099 crustas
1462 3044 1616 3120 magnas

441 3155 479 3223 et
503 3167 647 3242 parvas,
678 3145 765 3240 quia
789 3144 924 3220 scilicet
949 3146 1107 3218 llorenos
1132 3141 1388 3237 anconitanus,
1413 3143 1618 3218 bononinos

442 3273 479 3342 et
503 3266 594 3341 alios
619 3287 792 3342 nummos
816 3266 1028 3362 expendunt
1053 3272 1090 3341 et
1114 3277 1350 3361 consumunt,
1378 3273 1414 3341 et
1444 3266 1496 3342 sic
1514 3256 1551 3361 (⁷)
1578 3287 1620 3344 se

443 3385 639 3482 expoliant,
678 3393 716 3462 et
755 3386 942 3480 denudant
974 3391 1010 3462 et
1045 3394 1297 3484 pauperantur
1334 3387 1536 3463 infeliciter.
1577 3387 1623 3462 Et

443 3507 597 3582 adverte
622 3507 721 3602 quod
747 3515 847 3583 recte
870 3508 1001 3584 accidit
1024 3507 1244 3584 Alchimistae
1262 3509 1357 3585 sicut
1374 3511 1549 3606 scalpenti
1568 3500 1620 3604 (⁸).

444 3627 564 3702 Homo
589 3627 687 3702 enim
705 3628 831 3723 scalpit
848 3649 888 3703 se
905 3649 990 3703 cum
1013 3615 1264 3725 delectatione,
1282 3636 1320 3704 et
1343 3637 1483 3725 quanto
1501 3630 1621 3727 magis

446 3767 487 3822 se
510 3746 647 3842 scalpit,
666 3753 768 3821 tanto
789 3748 906 3843 magis
926 3748 1137 3843 intenditur,
1158 3755 1195 3823 et
1220 3749 1426 3824 incenditur
1441 3749 1621 3845 pruritus,

446 3873 484 3941 et
507 3865 639 3940 ultimo
659 3867 812 3959 'quando
837 3872 891 3940 est
916 3867 1012 3942 bene
1043 3867 1226 3962 fatigatus,
1261 3865 1349 3961 quid
1384 3869 1624 3962 consequitur

446 4005 493 4060 ex
519 3984 619 4058 hoct
644 3991 746 4058 certe
766 3983 944 4078 dolorem,
962 3994 998 4061 et
1018 3984 1235 4078 brusorem;
1256 3985 1306 4058 ita
1322 3976 1357 4077 (ἢ
1382 3991 1483 4059 recte
1503 3991 1558 4058 est
1576 3985 1624 4060 de

447 4101 667 4197 Alchimista,
694 4103 780 4198 quia
805 4111 886 4198 post
911 4122 1040 4177 omnes
1065 4099 1222 4196 labores,
1239 4120 1364 4194 curas,
1386 4103 1569 4199 impensas
1585 4111 1625 4179 et

448 4223 595 4317 damna,
621 4221 708 4296 nihil
732 4222 899 4299 lucratur
916 4221 983 4296 nisi
1002 4221 1183 4318 dolorem,
1208 4221 1432 4318 angustiam,
1457 4222 1625 4298 anxieta-

448 4351 543 4437 tem;
569 4342 654 4437 quia
681 4341 769 4417 vivit
794 4342 831 4416 io
856 4348 1073 4438 paupertate
1097 4347 1135 4416 et
1158 4340 1377 4436 calamitate,
1404 4347 1440 4417 et
1465 4340 1626 4417 efficitur

449 4463 648 4539 ludibrium
673 4463 852 4538 omnium.
870 4464 977 4539 Nunc
992 4462 1039 4538 ad
1057 4464 1217 4538 literam:
1239 4461 1323 4537 dicit
1343 4469 1475 4538 autor:
1498 4466 1533 4537 io
1551 4465 1629 4538 uidi

512 4694 539 4756 (¹)
556 4694 587 4744 Ε.
605 4695 723 4757 piscium.
997 4694 1025 4757 (¹)
1042 4695 1074 4744 E.
1090 4693 1192 4746 lurore.

512 4769 539 4830 (⁸)
555 4768 581 4819 S.
596 4781 612 4819 e
628 4769 659 4820 Ε.
677 4770 758 4823 Modo
774 4773 815 4823 ud.
998 4771 1026 4834 θ)
1042 4771 1068 4822 S.
1084 4784 1100 4821 ο
1117 4771 1148 4822 Ε.
1164 4771 1336 4823 ΔΙοΙιΙωΙιῑι.
1349 4799 1379 4808 -
1393 4776 1452 4827 tlt.
1466 4769 1626 4822 Alchlmlrtl.

511 4842 540 4906 (⁸)
554 4843 585 4894 Ε.
601 4846 751 4907 convivunt,
767 4848 963 4913 colloquuntur,
980 4847 1182 4908 communicant,
1199 4848 1268 4899 unde
1280 4848 1454 4899 interserunt
1467 4845 1625 4905 lamlliareu

449 4933 511 4969 nam
527 4920 548 4970 nl
562 4919 624 4970 duo.
997 4922 1025 4984 (⁸)
1040 4923 1073 4974 B.
1088 4936 1104 4974 e
1119 4922 1145 4974 S.
1160 4928 1188 4973 et
1202 4923 1420 4974 intermlnubllem
1435 4923 1588 4986 appetitum.

513 4995 541 5058 ι’)
556 4995 588 5046 Ii.
603 5000 630 5047 et
645 4997 682 5047 sic
698 5005 883 5061 pauperantur.
996 4999 1024 5062 (⁸)
1040 5000 1071 5050 E.
1087 5013 1102 5051 e
1119 5002 1174 5057 tlt,
1191 4999 1315 5062 scalpenu
1331 5013 1367 5050 re.
1384 4999 1481 5050 Homo.

512 5071 540 5136 Ρ)
556 5073 588 5123 Ε.
603 5072 639 5124 lta
655 5079 727 5125 carte
742 5079 782 5126 est
797 5076 830 5127 de
846 5075 1017 5136 Alchimlrlis,
1032 5076 1093 5141 qula
1110 5075 1267 5128 Alchimistu
1284 5079 1342 5139 post
1357 5087 1457 5127 omnes.

586 5179 617 5226 11.
1460 5183 1488 5225 20
