<?xml version="1.0" encoding="UTF-8"?>
<!DOCTYPE html PUBLIC "-//W3C//DTD XHTML 1.0 Transitional//EN"
    "http://www.w3.org/TR/xhtml1/DTD/xhtml1-transitional.dtd">
<html xmlns="http://www.w3.org/1999/xhtml" xml:lang="en" lang="en">
 <head>
  <title>
</title>
<meta http-equiv="Content-Type" content="text/html;charset=utf-8" />
  <meta name='ocr-system' content='tesseract 3.04.00' />
  <meta name='ocr-capabilities' content='ocr_page ocr_carea ocr_par ocr_line ocrx_word'/>
</head>
<body>
  <div class='ocr_page' id='page_1' title='image "./comentumsuperda01benvgoog_0432.png"; bbox 0 0 4498 6836; ppageno 0'>
   <div class='ocr_carea' id='block_1_1' title="bbox 792 963 1571 1038">
    <p class='ocr_par' dir='ltr' id='par_1_1' title="bbox 792 963 1571 1038">
     <span class='ocr_line' id='line_1_1' title="bbox 792 963 1571 1038; baseline 0.006 -6"><span class='ocrx_word' id='word_1_1' title='bbox 792 977 932 1034; x_wconf 75' lang='lat' dir='ltr'><strong>clarus</strong></span> <span class='ocrx_word' id='word_1_2' title='bbox 957 974 1183 1032; x_wconf 73' lang='lat' dir='ltr'><strong>caremus.</strong></span> <span class='ocrx_word' id='word_1_3' title='bbox 1500 963 1571 1038; x_wconf 70' lang='lat' dir='ltr'><strong>tit</strong></span> 
     </span>
    </p>
   </div>
   <div class='ocr_carea' id='block_1_2' title="bbox 399 1089 1573 1336">
    <p class='ocr_par' dir='ltr' id='par_1_2' title="bbox 399 1089 1573 1336">
     <span class='ocr_line' id='line_1_2' title="bbox 399 1089 1573 1218; baseline -0.003 -20"><span class='ocrx_word' id='word_1_4' title='bbox 399 1119 562 1214; x_wconf 89' lang='lat' dir='ltr'><strong>alterius,</strong></span> <span class='ocrx_word' id='word_1_5' title='bbox 588 1126 626 1194; x_wconf 88' lang='lat' dir='ltr'><strong>ct</strong></span> <span class='ocrx_word' id='word_1_6' title='bbox 650 1119 702 1196; x_wconf 87' lang='lat' dir='ltr'><strong>sic</strong></span> <span class='ocrx_word' id='word_1_7' title='bbox 725 1131 853 1218; x_wconf 85' lang='lat' dir='ltr'><strong>sponte</strong></span> <span class='ocrx_word' id='word_1_8' title='bbox 885 1123 1134 1214; x_wconf 87' lang='lat' dir='ltr'><strong>conceperunt</strong></span> <span class='ocrx_word' id='word_1_9' title='bbox 1163 1117 1329 1194; x_wconf 82' lang='lat' dir='ltr'><strong>furorem</strong></span> <span class='ocrx_word' id='word_1_10' title='bbox 1362 1089 1573 1196; x_wconf 82' lang='lat' dir='ltr'><strong>utentis-</strong></span> 
     </span>
     <span class='ocr_line' id='line_1_3' title="bbox 400 1236 1572 1336; baseline 0 -22"><span class='ocrx_word' id='word_1_11' title='bbox 400 1243 438 1314; x_wconf 86' lang='lat' dir='ltr'><strong>L&#39;</strong></span> <span class='ocrx_word' id='word_1_12' title='bbox 449 1259 532 1314; x_wconf 77' lang='lat' dir='ltr'><strong>uua</strong></span> <span class='ocrx_word' id='word_1_13' title='bbox 558 1239 625 1316; x_wconf 89' lang='lat' dir='ltr'><strong>llic</strong></span> <span class='ocrx_word' id='word_1_14' title='bbox 647 1246 758 1316; x_wconf 89' lang='lat' dir='ltr'><strong>autor</strong></span> <span class='ocrx_word' id='word_1_15' title='bbox 782 1239 953 1316; x_wconf 80' lang='lat' dir='ltr'><strong>describit</strong></span> <span class='ocrx_word' id='word_1_16' title='bbox 970 1238 1110 1314; x_wconf 79' lang='lat' dir='ltr'>rabiem</span> <span class='ocrx_word' id='word_1_17' title='bbox 1129 1236 1264 1312; x_wconf 88' lang='lat' dir='ltr'><strong>luroris</strong></span> <span class='ocrx_word' id='word_1_18' title='bbox 1283 1237 1393 1313; x_wconf 90' lang='lat' dir='ltr'><strong>unius</strong></span> <span class='ocrx_word' id='word_1_19' title='bbox 1409 1239 1572 1336; x_wconf 88' lang='lat' dir='ltr'><strong>illorum,</strong></span> 
     </span>
    </p>
   </div>
   <div class='ocr_carea' id='block_1_3' title="bbox 398 1359 1710 1455">
    <p class='ocr_par' dir='ltr' id='par_1_3' title="bbox 398 1359 1710 1455">
     <span class='ocr_line' id='line_1_4' title="bbox 398 1359 1710 1455; baseline 0 -19"><span class='ocrx_word' id='word_1_20' title='bbox 398 1360 544 1436; x_wconf 88' lang='lat' dir='ltr'><strong>diceus:</strong></span> <span class='ocrx_word' id='word_1_21' title='bbox 571 1363 691 1450; x_wconf 76' lang='lat' dir='ltr'><strong>twco,</strong></span> <span class='ocrx_word' id='word_1_22' title='bbox 716 1360 852 1436; x_wconf 76' lang='lat' dir='ltr'><strong>adlicet</strong></span> <span class='ocrx_word' id='word_1_23' title='bbox 877 1359 1021 1452; x_wconf 88' lang='lat' dir='ltr'><strong>umbra,</strong></span> <span class='ocrx_word' id='word_1_24' title='bbox 1042 1362 1214 1450; x_wconf 62' lang='lat' dir='ltr'><strong>wasco</strong></span> <span class='ocrx_word' id='word_1_25' title='bbox 1242 1361 1447 1452; x_wconf 67' lang='lat' dir='ltr'><strong>quocclro,</strong></span> <span class='ocrx_word' id='word_1_26' title='bbox 1467 1360 1570 1455; x_wconf 86' lang='lat' dir='ltr'><strong>idest,</strong></span> <span class='ocrx_word' id='word_1_27' title='bbox 1704 1361 1710 1368; x_wconf 83' lang='lat'>&#39;</span> 
     </span>
    </p>
   </div>
   <div class='ocr_carea' id='block_1_4' title="bbox 397 1477 1576 3964">
    <p class='ocr_par' dir='ltr' id='par_1_4' title="bbox 397 1477 1576 3964">
     <span class='ocr_line' id='line_1_5' title="bbox 400 1477 1570 1573; baseline 0 -19"><span class='ocrx_word' id='word_1_28' title='bbox 400 1479 463 1554; x_wconf 89' lang='lat' dir='ltr'><strong>uui</strong></span> <span class='ocrx_word' id='word_1_29' title='bbox 486 1479 635 1554; x_wconf 88' lang='lat' dir='ltr'><strong>illorum</strong></span> <span class='ocrx_word' id='word_1_30' title='bbox 664 1479 825 1556; x_wconf 90' lang='lat' dir='ltr'><strong>duorum</strong></span> <span class='ocrx_word' id='word_1_31' title='bbox 849 1478 1160 1573; x_wconf 77' lang='lat' dir='ltr'><strong>Alcltimistarum,</strong></span> <span class='ocrx_word' id='word_1_32' title='bbox 1189 1477 1400 1572; x_wconf 84' lang='lat' dir='ltr'><strong>dequibus</strong></span> <span class='ocrx_word' id='word_1_33' title='bbox 1432 1479 1570 1554; x_wconf 88' lang='lat' dir='ltr'><strong>dictum</strong></span> 
     </span>
     <span class='ocr_line' id='line_1_6' title="bbox 397 1589 1571 1695; baseline -0.002 -21"><span class='ocrx_word' id='word_1_34' title='bbox 397 1606 454 1674; x_wconf 87' lang='lat' dir='ltr'><strong>est</strong></span> <span class='ocrx_word' id='word_1_35' title='bbox 469 1599 507 1672; x_wconf 91' lang='lat' dir='ltr'><strong>iu</strong></span> <span class='ocrx_word' id='word_1_36' title='bbox 522 1598 741 1694; x_wconf 75' lang='lat' dir='ltr'><strong>precedenti</strong></span> <span class='ocrx_word' id='word_1_37' title='bbox 766 1599 925 1695; x_wconf 88' lang='lat' dir='ltr'><strong>capitulo</strong></span> <span class='ocrx_word' id='word_1_38' title='bbox 945 1598 1043 1673; x_wconf 91' lang='lat' dir='ltr'><strong>circa</strong></span> <span class='ocrx_word' id='word_1_39' title='bbox 1064 1595 1187 1691; x_wconf 88' lang='lat' dir='ltr'><strong>finem,</strong></span> <span class='ocrx_word' id='word_1_40' title='bbox 1205 1617 1224 1669; x_wconf 88' lang='lat' dir='ltr'><strong>c</strong></span> <span class='ocrx_word' id='word_1_41' title='bbox 1243 1589 1449 1690; x_wconf 60' lang='lat' dir='ltr'><strong>roscald,</strong></span> <span class='ocrx_word' id='word_1_42' title='bbox 1467 1598 1571 1694; x_wconf 78' lang='lat' dir='ltr'><strong>idest,</strong></span> 
     </span>
     <span class='ocr_line' id='line_1_7' title="bbox 397 1716 1572 1814; baseline -0.002 -20"><span class='ocrx_word' id='word_1_43' title='bbox 397 1739 482 1794; x_wconf 90' lang='lat' dir='ltr'><strong>cum</strong></span> <span class='ocrx_word' id='word_1_44' title='bbox 510 1718 678 1793; x_wconf 87' lang='lat' dir='ltr'><strong>dentibus</strong></span> <span class='ocrx_word' id='word_1_45' title='bbox 704 1719 810 1814; x_wconf 89' lang='lat' dir='ltr'><strong>cepit,</strong></span> <span class='ocrx_word' id='word_1_46' title='bbox 835 1721 873 1793; x_wconf 84' lang='lat' dir='ltr'><strong>iu</strong></span> <span class='ocrx_word' id='word_1_47' title='bbox 897 1720 953 1792; x_wconf 79' lang='lat' dir='ltr'><strong>cul</strong></span> <span class='ocrx_word' id='word_1_48' title='bbox 975 1719 1071 1792; x_wconf 78' lang='lat' dir='ltr'><strong>rodo</strong></span> <span class='ocrx_word' id='word_1_49' title='bbox 1094 1718 1153 1790; x_wconf 84' lang='lat' dir='ltr'><strong>dcl</strong></span> <span class='ocrx_word' id='word_1_50' title='bbox 1176 1717 1278 1807; x_wconf 86' lang='lat' dir='ltr'><strong>collo,</strong></span> <span class='ocrx_word' id='word_1_51' title='bbox 1304 1716 1353 1792; x_wconf 87' lang='lat' dir='ltr'><strong>itu</strong></span> <span class='ocrx_word' id='word_1_52' title='bbox 1380 1717 1480 1812; x_wconf 88' lang='lat' dir='ltr'><strong>quod</strong></span> <span class='ocrx_word' id='word_1_53' title='bbox 1504 1716 1572 1792; x_wconf 86' lang='lat' dir='ltr'><strong>ial-</strong></span> 
     </span>
     <span class='ocr_line' id='line_1_8' title="bbox 398 1829 1572 1936; baseline -0.003 -21"><span class='ocrx_word' id='word_1_54' title='bbox 398 1846 498 1915; x_wconf 88' lang='lat' dir='ltr'><strong>sutor</strong></span> <span class='ocrx_word' id='word_1_55' title='bbox 522 1838 627 1936; x_wconf 88' lang='lat' dir='ltr'><strong>punit</strong></span> <span class='ocrx_word' id='word_1_56' title='bbox 650 1837 859 1914; x_wconf 80' lang='lat' dir='ltr'><strong>falsatorem</strong></span> <span class='ocrx_word' id='word_1_57' title='bbox 874 1829 911 1930; x_wconf 83' lang='lat'><strong>(¹)</strong></span> <span class='ocrx_word' id='word_1_58' title='bbox 940 1836 1057 1911; x_wconf 92' lang='lat' dir='ltr'><strong>multo</strong></span> <span class='ocrx_word' id='word_1_59' title='bbox 1081 1835 1267 1912; x_wconf 80' lang='lat' dir='ltr'><strong>crudelius</strong></span> <span class='ocrx_word' id='word_1_60' title='bbox 1290 1857 1403 1931; x_wconf 87' lang='lat' dir='ltr'><strong>quam</strong></span> <span class='ocrx_word' id='word_1_61' title='bbox 1429 1838 1506 1933; x_wconf 88' lang='lat' dir='ltr'><strong>ipse</strong></span> <span class='ocrx_word' id='word_1_62' title='bbox 1531 1857 1572 1912; x_wconf 87' lang='lat' dir='ltr'><strong>so</strong></span> 
     </span>
     <span class='ocr_line' id='line_1_9' title="bbox 397 1954 1568 2055; baseline -0.003 -23"><span class='ocrx_word' id='word_1_63' title='bbox 397 1959 564 2055; x_wconf 82' lang='lat' dir='ltr'><strong>puairet3</strong></span> <span class='ocrx_word' id='word_1_64' title='bbox 590 1978 677 2034; x_wconf 89' lang='lat' dir='ltr'><strong>nam</strong></span> <span class='ocrx_word' id='word_1_65' title='bbox 701 1957 913 2034; x_wconf 67' lang='lat' dir='ltr'><strong>alchimista</strong></span> <span class='ocrx_word' id='word_1_66' title='bbox 940 1954 1124 2050; x_wconf 75' lang='lat' dir='ltr'><strong>scalpebat</strong></span> <span class='ocrx_word' id='word_1_67' title='bbox 1148 1975 1189 2030; x_wconf 90' lang='lat' dir='ltr'><strong>se</strong></span> <span class='ocrx_word' id='word_1_68' title='bbox 1213 1961 1356 2032; x_wconf 88' lang='lat' dir='ltr'><strong>tautum</strong></span> <span class='ocrx_word' id='word_1_69' title='bbox 1383 1976 1470 2031; x_wconf 88' lang='lat' dir='ltr'><strong>cum</strong></span> <span class='ocrx_word' id='word_1_70' title='bbox 1496 1977 1568 2029; x_wconf 84' lang='lat' dir='ltr'><strong>uu-</strong></span> 
     </span>
     <span class='ocr_line' id='line_1_10' title="bbox 397 2068 1570 2176; baseline -0.001 -24"><span class='ocrx_word' id='word_1_71' title='bbox 397 2078 532 2176; x_wconf 74' lang='lat' dir='ltr'><strong>guibus</strong></span> <span class='ocrx_word' id='word_1_72' title='bbox 560 2085 660 2154; x_wconf 85' lang='lat' dir='ltr'><strong>stans</strong></span> <span class='ocrx_word' id='word_1_73' title='bbox 690 2077 905 2173; x_wconf 77' lang='lat' dir='ltr'><strong>appodiatus</strong></span> <span class='ocrx_word' id='word_1_74' title='bbox 929 2075 1134 2168; x_wconf 84' lang='lat' dir='ltr'><strong>sociosne,</strong></span> <span class='ocrx_word' id='word_1_75' title='bbox 1163 2075 1227 2152; x_wconf 89' lang='lat' dir='ltr'><strong>sed</strong></span> <span class='ocrx_word' id='word_1_76' title='bbox 1257 2075 1326 2152; x_wconf 89' lang='lat' dir='ltr'><strong>iste</strong></span> <span class='ocrx_word' id='word_1_77' title='bbox 1340 2068 1377 2169; x_wconf 80' lang='lat'><strong>(²)</strong></span> <span class='ocrx_word' id='word_1_78' title='bbox 1409 2076 1570 2151; x_wconf 83' lang='lat' dir='ltr'><strong>furiosus</strong></span> 
     </span>
     <span class='ocr_line' id='line_1_11' title="bbox 398 2193 1572 2293; baseline -0.003 -19"><span class='ocrx_word' id='word_1_79' title='bbox 398 2197 543 2293; x_wconf 80' lang='lat' dir='ltr'><strong>scalpsit</strong></span> <span class='ocrx_word' id='word_1_80' title='bbox 565 2218 652 2274; x_wconf 84' lang='lat' dir='ltr'><strong>eum</strong></span> <span class='ocrx_word' id='word_1_81' title='bbox 670 2195 956 2288; x_wconf 77' lang='lat' dir='ltr'><strong>comeantibus,</strong></span> <span class='ocrx_word' id='word_1_82' title='bbox 974 2194 1024 2273; x_wconf 90' lang='lat' dir='ltr'><strong>ita</strong></span> <span class='ocrx_word' id='word_1_83' title='bbox 1041 2193 1141 2289; x_wconf 88' lang='lat' dir='ltr'><strong>quod</strong></span> <span class='ocrx_word' id='word_1_84' title='bbox 1159 2194 1337 2272; x_wconf 84' lang='lat' dir='ltr'><strong>violenter</strong></span> <span class='ocrx_word' id='word_1_85' title='bbox 1355 2196 1466 2270; x_wconf 85' lang='lat' dir='ltr'><strong>traxit</strong></span> <span class='ocrx_word' id='word_1_86' title='bbox 1483 2215 1572 2270; x_wconf 87' lang='lat' dir='ltr'><strong>eum</strong></span> 
     </span>
     <span class='ocr_line' id='line_1_12' title="bbox 397 2306 1574 2413; baseline -0.001 -22"><span class='ocrx_word' id='word_1_87' title='bbox 397 2338 465 2413; x_wconf 86' lang='lat' dir='ltr'><strong>per</strong></span> <span class='ocrx_word' id='word_1_88' title='bbox 484 2325 621 2392; x_wconf 85' lang='lat' dir='ltr'><strong>terram</strong></span> <span class='ocrx_word' id='word_1_89' title='bbox 635 2322 872 2411; x_wconf 67' lang='lat' dir='ltr'><strong>trementem</strong></span> <span class='ocrx_word' id='word_1_90' title='bbox 887 2314 986 2390; x_wconf 91' lang='lat' dir='ltr'><strong>uude</strong></span> <span class='ocrx_word' id='word_1_91' title='bbox 996 2314 1102 2390; x_wconf 89' lang='lat' dir='ltr'><strong>dicit:</strong></span> <span class='ocrx_word' id='word_1_92' title='bbox 1119 2306 1150 2386; x_wconf 79' lang='lat' dir='ltr'><strong>cl</strong></span> <span class='ocrx_word' id='word_1_93' title='bbox 1169 2316 1241 2406; x_wconf 84' lang='lat' dir='ltr'><strong>etc,</strong></span> <span class='ocrx_word' id='word_1_94' title='bbox 1258 2317 1415 2408; x_wconf 74' lang='lat' dir='ltr'><strong>licando,</strong></span> <span class='ocrx_word' id='word_1_95' title='bbox 1436 2319 1487 2407; x_wconf 78' lang='lat' dir='ltr'><strong>pli</strong></span> <span class='ocrx_word' id='word_1_96' title='bbox 1499 2319 1574 2410; x_wconf 84' lang='lat' dir='ltr'><strong>seer</strong></span> 
     </span>
     <span class='ocr_line' id='line_1_13' title="bbox 398 2434 1572 2531; baseline -0.002 -21"><span class='ocrx_word' id='word_1_97' title='bbox 398 2445 541 2529; x_wconf 77' lang='lat' dir='ltr'><strong>prodor</strong></span> <span class='ocrx_word' id='word_1_98' title='bbox 564 2439 593 2509; x_wconf 82' lang='lat' dir='ltr'><strong>it</strong></span> <span class='ocrx_word' id='word_1_99' title='bbox 615 2442 733 2509; x_wconf 76' lang='lat' dir='ltr'><strong>venue</strong></span> <span class='ocrx_word' id='word_1_100' title='bbox 757 2437 796 2508; x_wconf 88' lang='lat' dir='ltr'><strong>ot</strong></span> <span class='ocrx_word' id='word_1_101' title='bbox 814 2439 926 2530; x_wconf 78' lang='lat' dir='ltr'><strong>feodo</strong></span> <span class='ocrx_word' id='word_1_102' title='bbox 951 2436 1052 2526; x_wconf 82' lang='lat' dir='ltr'><strong>sodo,</strong></span> <span class='ocrx_word' id='word_1_103' title='bbox 1071 2434 1120 2509; x_wconf 91' lang='lat' dir='ltr'><strong>ita</strong></span> <span class='ocrx_word' id='word_1_104' title='bbox 1138 2434 1238 2528; x_wconf 86' lang='lat' dir='ltr'><strong>quod</strong></span> <span class='ocrx_word' id='word_1_105' title='bbox 1259 2435 1403 2531; x_wconf 85' lang='lat' dir='ltr'><strong>scalpsit</strong></span> <span class='ocrx_word' id='word_1_106' title='bbox 1424 2455 1512 2510; x_wconf 90' lang='lat' dir='ltr'><strong>eum</strong></span> <span class='ocrx_word' id='word_1_107' title='bbox 1534 2435 1572 2508; x_wconf 91' lang='lat' dir='ltr'><strong>iu</strong></span> 
     </span>
     <span class='ocr_line' id='line_1_14' title="bbox 399 2553 1572 2650; baseline -0.003 -19"><span class='ocrx_word' id='word_1_108' title='bbox 399 2556 504 2650; x_wconf 91' lang='lat' dir='ltr'><strong>collo,</strong></span> <span class='ocrx_word' id='word_1_109' title='bbox 531 2560 569 2630; x_wconf 92' lang='lat' dir='ltr'><strong>et</strong></span> <span class='ocrx_word' id='word_1_110' title='bbox 593 2554 678 2630; x_wconf 88' lang='lat' dir='ltr'><strong>iecit</strong></span> <span class='ocrx_word' id='word_1_111' title='bbox 702 2553 769 2630; x_wconf 91' lang='lat' dir='ltr'><strong>sibi</strong></span> <span class='ocrx_word' id='word_1_112' title='bbox 794 2553 905 2650; x_wconf 86' lang='lat' dir='ltr'><strong>scalpi</strong></span> <span class='ocrx_word' id='word_1_113' title='bbox 931 2559 1098 2630; x_wconf 86' lang='lat' dir='ltr'><strong>ventrem</strong></span> <span class='ocrx_word' id='word_1_114' title='bbox 1125 2573 1193 2648; x_wconf 88' lang='lat' dir='ltr'><strong>per</strong></span> <span class='ocrx_word' id='word_1_115' title='bbox 1217 2559 1378 2649; x_wconf 82' lang='lat' dir='ltr'><strong>terram3</strong></span> <span class='ocrx_word' id='word_1_116' title='bbox 1398 2555 1448 2630; x_wconf 86' lang='lat' dir='ltr'><strong>ita</strong></span> <span class='ocrx_word' id='word_1_117' title='bbox 1473 2554 1572 2649; x_wconf 88' lang='lat' dir='ltr'><strong>quod</strong></span> 
     </span>
     <span class='ocr_line' id='line_1_15' title="bbox 399 2663 1571 2770; baseline -0.001 -23"><span class='ocrx_word' id='word_1_118' title='bbox 399 2675 464 2748; x_wconf 88' lang='lat' dir='ltr'><strong>ubi</strong></span> <span class='ocrx_word' id='word_1_119' title='bbox 488 2673 548 2750; x_wconf 89' lang='lat' dir='ltr'><strong>ille</strong></span> <span class='ocrx_word' id='word_1_120' title='bbox 572 2673 691 2770; x_wconf 89' lang='lat' dir='ltr'><strong>primo</strong></span> <span class='ocrx_word' id='word_1_121' title='bbox 717 2672 925 2750; x_wconf 79' lang='lat' dir='ltr'><strong>excutiebat</strong></span> <span class='ocrx_word' id='word_1_122' title='bbox 950 2672 1016 2748; x_wconf 86' lang='lat' dir='ltr'><strong>sibi</strong></span> <span class='ocrx_word' id='word_1_123' title='bbox 1043 2672 1163 2748; x_wconf 89' lang='lat' dir='ltr'><strong>solum</strong></span> <span class='ocrx_word' id='word_1_124' title='bbox 1179 2663 1216 2764; x_wconf 78' lang='lat'><strong>(³)</strong></span> <span class='ocrx_word' id='word_1_125' title='bbox 1242 2677 1397 2767; x_wconf 75' lang='lat' dir='ltr'><strong>crustaS,</strong></span> <span class='ocrx_word' id='word_1_126' title='bbox 1415 2673 1484 2748; x_wconf 88' lang='lat' dir='ltr'><strong>iste</strong></span> <span class='ocrx_word' id='word_1_127' title='bbox 1504 2693 1571 2748; x_wconf 82' lang='lat' dir='ltr'><strong>cx-</strong></span> 
     </span>
     <span class='ocr_line' id='line_1_16' title="bbox 398 2791 1571 2887; baseline -0.003 -17"><span class='ocrx_word' id='word_1_128' title='bbox 398 2794 510 2870; x_wconf 88' lang='lat' dir='ltr'><strong>cussit</strong></span> <span class='ocrx_word' id='word_1_129' title='bbox 533 2793 601 2867; x_wconf 91' lang='lat' dir='ltr'><strong>sibi</strong></span> <span class='ocrx_word' id='word_1_130' title='bbox 625 2813 776 2868; x_wconf 86' lang='lat' dir='ltr'><strong>caruem</strong></span> <span class='ocrx_word' id='word_1_131' title='bbox 802 2811 922 2887; x_wconf 87' lang='lat' dir='ltr'><strong>usque</strong></span> <span class='ocrx_word' id='word_1_132' title='bbox 942 2791 988 2866; x_wconf 88' lang='lat' dir='ltr'><strong>ad</strong></span> <span class='ocrx_word' id='word_1_133' title='bbox 1004 2811 1063 2866; x_wconf 88' lang='lat' dir='ltr'><strong>os:</strong></span> <span class='ocrx_word' id='word_1_134' title='bbox 1084 2802 1122 2869; x_wconf 88' lang='lat' dir='ltr'><strong>ct</strong></span> <span class='ocrx_word' id='word_1_135' title='bbox 1138 2797 1224 2866; x_wconf 89' lang='lat' dir='ltr'><strong>uota</strong></span> <span class='ocrx_word' id='word_1_136' title='bbox 1241 2791 1340 2886; x_wconf 84' lang='lat' dir='ltr'><strong>quod</strong></span> <span class='ocrx_word' id='word_1_137' title='bbox 1357 2791 1413 2866; x_wconf 90' lang='lat' dir='ltr'><strong>isti</strong></span> <span class='ocrx_word' id='word_1_138' title='bbox 1430 2792 1482 2868; x_wconf 90' lang='lat' dir='ltr'><strong>sic</strong></span> <span class='ocrx_word' id='word_1_139' title='bbox 1501 2813 1571 2887; x_wconf 92' lang='lat' dir='ltr'><strong>pu·</strong></span> 
     </span>
     <span class='ocr_line' id='line_1_17' title="bbox 398 2911 1571 3010; baseline -0.003 -20"><span class='ocrx_word' id='word_1_140' title='bbox 398 2913 538 2990; x_wconf 85' lang='lat' dir='ltr'><strong>alentes</strong></span> <span class='ocrx_word' id='word_1_141' title='bbox 563 2913 653 2988; x_wconf 89' lang='lat' dir='ltr'><strong>alios</strong></span> <span class='ocrx_word' id='word_1_142' title='bbox 678 2913 716 2987; x_wconf 90' lang='lat' dir='ltr'><strong>iu</strong></span> <span class='ocrx_word' id='word_1_143' title='bbox 740 2912 982 3008; x_wconf 63' lang='lat' dir='ltr'><strong>succrescas</strong></span> <span class='ocrx_word' id='word_1_144' title='bbox 1003 2912 1208 3010; x_wconf 86' lang='lat' dir='ltr'><strong>puniuntur</strong></span> <span class='ocrx_word' id='word_1_145' title='bbox 1225 2911 1262 2984; x_wconf 89' lang='lat' dir='ltr'><strong>iu</strong></span> <span class='ocrx_word' id='word_1_146' title='bbox 1279 2931 1319 2986; x_wconf 89' lang='lat' dir='ltr'><strong>se</strong></span> <span class='ocrx_word' id='word_1_147' title='bbox 1336 2911 1413 3007; x_wconf 88' lang='lat' dir='ltr'><strong>ipso</strong></span> <span class='ocrx_word' id='word_1_148' title='bbox 1432 2911 1571 3006; x_wconf 81' lang='lat' dir='ltr'><strong>furore,</strong></span> 
     </span>
     <span class='ocr_line' id='line_1_18' title="bbox 398 3030 1570 3128; baseline -0.003 -21"><span class='ocrx_word' id='word_1_149' title='bbox 398 3034 462 3128; x_wconf 87' lang='lat' dir='ltr'><strong>qui</strong></span> <span class='ocrx_word' id='word_1_150' title='bbox 487 3038 544 3108; x_wconf 78' lang='lat' dir='ltr'><strong>eat</strong></span> <span class='ocrx_word' id='word_1_151' title='bbox 571 3031 692 3108; x_wconf 87' lang='lat' dir='ltr'><strong>debita</strong></span> <span class='ocrx_word' id='word_1_152' title='bbox 724 3052 833 3128; x_wconf 89' lang='lat' dir='ltr'><strong>poeua</strong></span> <span class='ocrx_word' id='word_1_153' title='bbox 867 3051 1020 3125; x_wconf 80' lang='lat' dir='ltr'><strong>eorum3</strong></span> <span class='ocrx_word' id='word_1_154' title='bbox 1046 3031 1140 3106; x_wconf 90' lang='lat' dir='ltr'><strong>sicut</strong></span> <span class='ocrx_word' id='word_1_155' title='bbox 1171 3031 1270 3107; x_wconf 87' lang='lat' dir='ltr'><strong>cuim</strong></span> <span class='ocrx_word' id='word_1_156' title='bbox 1301 3030 1406 3105; x_wconf 84' lang='lat' dir='ltr'><strong>iuror</strong></span> <span class='ocrx_word' id='word_1_157' title='bbox 1435 3030 1570 3106; x_wconf 87' lang='lat' dir='ltr'><strong>alienat</strong></span> 
     </span>
     <span class='ocr_line' id='line_1_19' title="bbox 399 3150 1576 3246; baseline -0.004 -18"><span class='ocrx_word' id='word_1_158' title='bbox 399 3160 562 3228; x_wconf 89' lang='lat' dir='ltr'><strong>mentem</strong></span> <span class='ocrx_word' id='word_1_159' title='bbox 588 3152 757 3246; x_wconf 85' lang='lat' dir='ltr'><strong>hominis,</strong></span> <span class='ocrx_word' id='word_1_160' title='bbox 786 3152 836 3226; x_wconf 90' lang='lat' dir='ltr'><strong>ita</strong></span> <span class='ocrx_word' id='word_1_161' title='bbox 867 3152 923 3225; x_wconf 88' lang='lat' dir='ltr'><strong>isti</strong></span> <span class='ocrx_word' id='word_1_162' title='bbox 954 3150 1111 3226; x_wconf 87' lang='lat' dir='ltr'><strong>alienata</strong></span> <span class='ocrx_word' id='word_1_163' title='bbox 1140 3157 1264 3226; x_wconf 87' lang='lat' dir='ltr'><strong>mente</strong></span> <span class='ocrx_word' id='word_1_164' title='bbox 1296 3156 1576 3246; x_wconf 88' lang='lat' dir='ltr'><strong>assumpserunt</strong></span> 
     </span>
     <span class='ocr_line' id='line_1_20' title="bbox 400 3269 1576 3368; baseline -0.003 -20"><span class='ocrx_word' id='word_1_165' title='bbox 400 3291 595 3368; x_wconf 85' lang='lat' dir='ltr'><strong>personatu</strong></span> <span class='ocrx_word' id='word_1_166' title='bbox 619 3271 783 3346; x_wconf 69' lang='lat' dir='ltr'><strong>atterius,</strong></span> <span class='ocrx_word' id='word_1_167' title='bbox 801 3272 846 3348; x_wconf 82' lang='lat' dir='ltr'><strong>Et</strong></span> <span class='ocrx_word' id='word_1_168' title='bbox 862 3271 1018 3348; x_wconf 86' lang='lat' dir='ltr'><strong>ostendit</strong></span> <span class='ocrx_word' id='word_1_169' title='bbox 1035 3269 1222 3365; x_wconf 84' lang='lat' dir='ltr'><strong>quomodo</strong></span> <span class='ocrx_word' id='word_1_170' title='bbox 1243 3270 1311 3346; x_wconf 87' lang='lat' dir='ltr'><strong>iste</strong></span> <span class='ocrx_word' id='word_1_171' title='bbox 1327 3270 1475 3366; x_wconf 85' lang='lat' dir='ltr'><strong>spiritus</strong></span> <span class='ocrx_word' id='word_1_172' title='bbox 1496 3291 1576 3345; x_wconf 88' lang='lat' dir='ltr'><strong>ma·</strong></span> 
     </span>
     <span class='ocr_line' id='line_1_21' title="bbox 402 3378 1576 3485; baseline -0.002 -21"><span class='ocrx_word' id='word_1_173' title='bbox 402 3389 592 3466; x_wconf 73' lang='lat' dir='ltr'><strong>uilesutus</strong></span> <span class='ocrx_word' id='word_1_174' title='bbox 617 3390 728 3466; x_wconf 83' lang='lat' dir='ltr'><strong>luerit</strong></span> <span class='ocrx_word' id='word_1_175' title='bbox 742 3378 779 3482; x_wconf 76' lang='lat'><strong>(⁴)</strong></span> <span class='ocrx_word' id='word_1_176' title='bbox 806 3411 873 3485; x_wconf 89' lang='lat' dir='ltr'><strong>per</strong></span> <span class='ocrx_word' id='word_1_177' title='bbox 897 3390 1039 3466; x_wconf 87' lang='lat' dir='ltr'><strong>socium</strong></span> <span class='ocrx_word' id='word_1_178' title='bbox 1062 3389 1243 3485; x_wconf 74' lang='lat' dir='ltr'><strong>Capochii</strong></span> <span class='ocrx_word' id='word_1_179' title='bbox 1260 3389 1402 3464; x_wconf 85' lang='lat' dir='ltr'><strong>diceus:</strong></span> <span class='ocrx_word' id='word_1_180' title='bbox 1424 3393 1576 3463; x_wconf 79' lang='lat' dir='ltr'><strong>ctore—</strong></span> 
     </span>
     <span class='ocr_line' id='line_1_22' title="bbox 399 3507 1576 3606; baseline -0.002 -22"><span class='ocrx_word' id='word_1_181' title='bbox 399 3513 485 3601; x_wconf 71' lang='lat' dir='ltr'><strong>turo,</strong></span> <span class='ocrx_word' id='word_1_182' title='bbox 510 3509 648 3586; x_wconf 89' lang='lat' dir='ltr'><strong>scilicet</strong></span> <span class='ocrx_word' id='word_1_183' title='bbox 674 3510 851 3606; x_wconf 74' lang='lat' dir='ltr'><strong>magister</strong></span> <span class='ocrx_word' id='word_1_184' title='bbox 881 3509 1079 3585; x_wconf 86' lang='lat' dir='ltr'><strong>Griioliuus</strong></span> <span class='ocrx_word' id='word_1_185' title='bbox 1106 3510 1153 3584; x_wconf 91' lang='lat' dir='ltr'><strong>de</strong></span> <span class='ocrx_word' id='word_1_186' title='bbox 1184 3509 1309 3585; x_wconf 77' lang='lat' dir='ltr'><strong>Aratio</strong></span> <span class='ocrx_word' id='word_1_187' title='bbox 1336 3509 1431 3586; x_wconf 87' lang='lat' dir='ltr'><strong>alter</strong></span> <span class='ocrx_word' id='word_1_188' title='bbox 1460 3507 1576 3584; x_wconf 87' lang='lat' dir='ltr'><strong>alchi-</strong></span> 
     </span>
     <span class='ocr_line' id='line_1_23' title="bbox 399 3621 1574 3725; baseline -0.001 -21"><span class='ocrx_word' id='word_1_189' title='bbox 399 3630 518 3724; x_wconf 85' lang='lat' dir='ltr'><strong>mista,</strong></span> <span class='ocrx_word' id='word_1_190' title='bbox 552 3631 612 3704; x_wconf 77' lang='lat' dir='ltr'><strong>elta</strong></span> <span class='ocrx_word' id='word_1_191' title='bbox 642 3633 775 3704; x_wconf 72' lang='lat' dir='ltr'><strong>rimmo</strong></span> <span class='ocrx_word' id='word_1_192' title='bbox 807 3633 1007 3721; x_wconf 69' lang='lat' dir='ltr'><strong>emendo,</strong></span> <span class='ocrx_word' id='word_1_193' title='bbox 1038 3629 1172 3725; x_wconf 84' lang='lat' dir='ltr'><strong>duplici</strong></span> <span class='ocrx_word' id='word_1_194' title='bbox 1191 3621 1228 3722; x_wconf 83' lang='lat'><strong>(⁵)</strong></span> <span class='ocrx_word' id='word_1_195' title='bbox 1259 3629 1413 3724; x_wconf 87' lang='lat' dir='ltr'><strong>ratione,</strong></span> <span class='ocrx_word' id='word_1_196' title='bbox 1443 3630 1574 3724; x_wconf 89' lang='lat' dir='ltr'><strong>primo,</strong></span> 
     </span>
     <span class='ocr_line' id='line_1_24' title="bbox 399 3749 1575 3846; baseline 0 -22"><span class='ocrx_word' id='word_1_197' title='bbox 399 3749 486 3844; x_wconf 86' lang='lat' dir='ltr'><strong>quia</strong></span> <span class='ocrx_word' id='word_1_198' title='bbox 502 3751 622 3826; x_wconf 71' lang='lat' dir='ltr'><strong>stabd</strong></span> <span class='ocrx_word' id='word_1_199' title='bbox 638 3751 760 3846; x_wconf 85' lang='lat' dir='ltr'><strong>primo</strong></span> <span class='ocrx_word' id='word_1_200' title='bbox 781 3751 982 3830; x_wconf 86' lang='lat' dir='ltr'><strong>associatus</strong></span> <span class='ocrx_word' id='word_1_201' title='bbox 999 3750 1064 3845; x_wconf 87' lang='lat' dir='ltr'><strong>ipsi</strong></span> <span class='ocrx_word' id='word_1_202' title='bbox 1081 3749 1274 3845; x_wconf 67' lang='lat' dir='ltr'><strong>(apoculo,</strong></span> <span class='ocrx_word' id='word_1_203' title='bbox 1291 3770 1368 3844; x_wconf 85' lang='lat' dir='ltr'><strong>quo</strong></span> <span class='ocrx_word' id='word_1_204' title='bbox 1390 3750 1575 3844; x_wconf 87' lang='lat' dir='ltr'><strong>subracto,</strong></span> 
     </span>
     <span class='ocr_line' id='line_1_25' title="bbox 398 3869 1575 3964; baseline 0 -22"><span class='ocrx_word' id='word_1_205' title='bbox 398 3869 476 3964; x_wconf 83' lang='lat' dir='ltr'><strong>ipae</strong></span> <span class='ocrx_word' id='word_1_206' title='bbox 501 3871 679 3948; x_wconf 86' lang='lat' dir='ltr'><strong>remansit</strong></span> <span class='ocrx_word' id='word_1_207' title='bbox 704 3879 867 3948; x_wconf 88' lang='lat' dir='ltr'><strong>tremens</strong></span> <span class='ocrx_word' id='word_1_208' title='bbox 891 3871 1076 3963; x_wconf 80' lang='lat' dir='ltr'><strong>sedeud03</strong></span> <span class='ocrx_word' id='word_1_209' title='bbox 1104 3869 1279 3963; x_wconf 89' lang='lat' dir='ltr'><strong>secundo,</strong></span> <span class='ocrx_word' id='word_1_210' title='bbox 1304 3869 1392 3963; x_wconf 87' lang='lat' dir='ltr'><strong>quia</strong></span> <span class='ocrx_word' id='word_1_211' title='bbox 1424 3870 1575 3946; x_wconf 84' lang='lat' dir='ltr'><strong>timebat</strong></span> 
     </span>
    </p>
   </div>
   <div class='ocr_carea' id='block_1_5' title="bbox 399 3987 1684 4083">
    <p class='ocr_par' dir='ltr' id='par_1_5' title="bbox 399 3987 1684 4083">
     <span class='ocr_line' id='line_1_26' title="bbox 399 3987 1684 4083; baseline -0.002 -19"><span class='ocrx_word' id='word_1_212' title='bbox 399 4007 447 4064; x_wconf 91' lang='lat' dir='ltr'><strong>ue</strong></span> <span class='ocrx_word' id='word_1_213' title='bbox 471 3987 567 4064; x_wconf 87' lang='lat' dir='ltr'><strong>altor</strong></span> <span class='ocrx_word' id='word_1_214' title='bbox 591 3989 741 4082; x_wconf 89' lang='lat' dir='ltr'><strong>spiritus</strong></span> <span class='ocrx_word' id='word_1_215' title='bbox 758 3989 919 4062; x_wconf 73' lang='lat' dir='ltr'><strong>curiosus</strong></span> <span class='ocrx_word' id='word_1_216' title='bbox 935 3988 1073 4063; x_wconf 85' lang='lat' dir='ltr'><strong>laceret</strong></span> <span class='ocrx_word' id='word_1_217' title='bbox 1089 3988 1155 4062; x_wconf 90' lang='lat' dir='ltr'><strong>sibi</strong></span> <span class='ocrx_word' id='word_1_218' title='bbox 1172 3987 1275 4064; x_wconf 89' lang='lat' dir='ltr'><strong>illum</strong></span> <span class='ocrx_word' id='word_1_219' title='bbox 1299 3989 1440 4082; x_wconf 89' lang='lat' dir='ltr'><strong>ludum,</strong></span> <span class='ocrx_word' id='word_1_220' title='bbox 1460 4007 1574 4082; x_wconf 86' lang='lat' dir='ltr'><strong>quem</strong></span> <span class='ocrx_word' id='word_1_221' title='bbox 1680 4074 1684 4083; x_wconf 45' lang='grc'>,</span> 
     </span>
    </p>
   </div>
   <div class='ocr_carea' id='block_1_6' title="bbox 398 4105 1574 4202">
    <p class='ocr_par' dir='ltr' id='par_1_6' title="bbox 398 4105 1574 4202">
     <span class='ocr_line' id='line_1_27' title="bbox 398 4105 1574 4202; baseline -0.002 -20"><span class='ocrx_word' id='word_1_222' title='bbox 398 4107 492 4182; x_wconf 89' lang='lat' dir='ltr'><strong>alter</strong></span> <span class='ocrx_word' id='word_1_223' title='bbox 517 4105 677 4183; x_wconf 82' lang='lat' dir='ltr'><strong>luciosus</strong></span> <span class='ocrx_word' id='word_1_224' title='bbox 696 4106 775 4201; x_wconf 77' lang='lat' dir='ltr'><strong>iam</strong></span> <span class='ocrx_word' id='word_1_225' title='bbox 800 4106 939 4184; x_wconf 86' lang='lat' dir='ltr'><strong>iecerat</strong></span> <span class='ocrx_word' id='word_1_226' title='bbox 972 4105 1071 4180; x_wconf 90' lang='lat' dir='ltr'><strong>socio</strong></span> <span class='ocrx_word' id='word_1_227' title='bbox 1096 4125 1185 4199; x_wconf 88' lang='lat' dir='ltr'><strong>suo;</strong></span> <span class='ocrx_word' id='word_1_228' title='bbox 1212 4106 1299 4200; x_wconf 86' lang='lat' dir='ltr'><strong>quia</strong></span> <span class='ocrx_word' id='word_1_229' title='bbox 1325 4107 1404 4202; x_wconf 89' lang='lat' dir='ltr'><strong>jam</strong></span> <span class='ocrx_word' id='word_1_230' title='bbox 1436 4107 1574 4182; x_wconf 89' lang='lat' dir='ltr'><strong>dictum</strong></span> 
     </span>
    </p>
   </div>
   <div class='ocr_carea' id='block_1_7' title="bbox 248 4223 1576 4322">
    <p class='ocr_par' dir='ltr' id='par_1_7' title="bbox 248 4223 1576 4322">
     <span class='ocr_line' id='line_1_28' title="bbox 248 4223 1576 4322; baseline -0.006 -12"><span class='ocrx_word' id='word_1_231' title='bbox 248 4303 251 4310; x_wconf 87' lang='lat'>.</span> <span class='ocrx_word' id='word_1_232' title='bbox 398 4232 465 4321; x_wconf 79' lang='lat' dir='ltr'><strong>est,</strong></span> <span class='ocrx_word' id='word_1_233' title='bbox 490 4225 590 4322; x_wconf 88' lang='lat' dir='ltr'><strong>quod</strong></span> <span class='ocrx_word' id='word_1_234' title='bbox 614 4226 688 4302; x_wconf 92' lang='lat' dir='ltr'><strong>duo</strong></span> <span class='ocrx_word' id='word_1_235' title='bbox 714 4231 820 4302; x_wconf 86' lang='lat' dir='ltr'><strong>eraut</strong></span> <span class='ocrx_word' id='word_1_236' title='bbox 840 4225 928 4300; x_wconf 88' lang='lat' dir='ltr'><strong>socii</strong></span> <span class='ocrx_word' id='word_1_237' title='bbox 944 4223 1083 4320; x_wconf 80' lang='lat' dir='ltr'><strong>furiosi,</strong></span> <span class='ocrx_word' id='word_1_238' title='bbox 1102 4245 1267 4320; x_wconf 88' lang='lat' dir='ltr'><strong>quorum</strong></span> <span class='ocrx_word' id='word_1_239' title='bbox 1289 4226 1383 4302; x_wconf 88' lang='lat' dir='ltr'><strong>alter</strong></span> <span class='ocrx_word' id='word_1_240' title='bbox 1395 4226 1474 4322; x_wconf 78' lang='lat' dir='ltr'><strong>iam</strong></span> <span class='ocrx_word' id='word_1_241' title='bbox 1495 4227 1576 4302; x_wconf 85' lang='lat' dir='ltr'><strong>luo·</strong></span> 
     </span>
    </p>
   </div>
   <div class='ocr_carea' id='block_1_8' title="bbox 398 4344 1578 4913">
    <p class='ocr_par' dir='ltr' id='par_1_8' title="bbox 398 4344 1578 4913">
     <span class='ocr_line' id='line_1_29' title="bbox 399 4344 1577 4440; baseline 0 -20"><span class='ocrx_word' id='word_1_242' title='bbox 399 4356 457 4423; x_wconf 88' lang='lat' dir='ltr'><strong>rat</strong></span> <span class='ocrx_word' id='word_1_243' title='bbox 480 4365 572 4420; x_wconf 91' lang='lat' dir='ltr'><strong>usus</strong></span> <span class='ocrx_word' id='word_1_244' title='bbox 597 4346 724 4422; x_wconf 87' lang='lat' dir='ltr'><strong>lurore</strong></span> <span class='ocrx_word' id='word_1_245' title='bbox 752 4365 822 4422; x_wconf 86' lang='lat' dir='ltr'><strong>suo</strong></span> <span class='ocrx_word' id='word_1_246' title='bbox 846 4351 975 4420; x_wconf 87' lang='lat' dir='ltr'><strong>contra</strong></span> <span class='ocrx_word' id='word_1_247' title='bbox 1001 4345 1247 4440; x_wconf 80' lang='lat' dir='ltr'><strong>Capocltium3</strong></span> <span class='ocrx_word' id='word_1_248' title='bbox 1272 4344 1354 4420; x_wconf 91' lang='lat' dir='ltr'><strong>ideo</strong></span> <span class='ocrx_word' id='word_1_249' title='bbox 1380 4344 1577 4420; x_wconf 86' lang='lat' dir='ltr'><strong>Griioliuus</strong></span> 
     </span>
     <span class='ocr_line' id='line_1_30' title="bbox 398 4463 1574 4558; baseline -0.003 -16"><span class='ocrx_word' id='word_1_250' title='bbox 398 4465 532 4542; x_wconf 84' lang='lat' dir='ltr'><strong>merito</strong></span> <span class='ocrx_word' id='word_1_251' title='bbox 549 4464 702 4541; x_wconf 86' lang='lat' dir='ltr'><strong>timebat</strong></span> <span class='ocrx_word' id='word_1_252' title='bbox 720 4465 788 4540; x_wconf 91' lang='lat' dir='ltr'><strong>sibi</strong></span> <span class='ocrx_word' id='word_1_253' title='bbox 804 4464 922 4542; x_wconf 88' lang='lat' dir='ltr'><strong>simile</strong></span> <span class='ocrx_word' id='word_1_254' title='bbox 938 4463 1032 4558; x_wconf 85' lang='lat' dir='ltr'><strong>ueri,</strong></span> <span class='ocrx_word' id='word_1_255' title='bbox 1050 4463 1132 4540; x_wconf 85' lang='lat' dir='ltr'><strong>idco</strong></span> <span class='ocrx_word' id='word_1_256' title='bbox 1146 4464 1234 4540; x_wconf 88' lang='lat' dir='ltr'><strong>dicit</strong></span> <span class='ocrx_word' id='word_1_257' title='bbox 1249 4470 1379 4539; x_wconf 88' lang='lat' dir='ltr'><strong>autor:</strong></span> <span class='ocrx_word' id='word_1_258' title='bbox 1398 4467 1448 4539; x_wconf 83' lang='lat' dir='ltr'><strong>mi</strong></span> <span class='ocrx_word' id='word_1_259' title='bbox 1462 4467 1574 4540; x_wconf 69' lang='lat' dir='ltr'><strong>desse:</strong></span> 
     </span>
     <span class='ocr_line' id='line_1_31' title="bbox 398 4581 1578 4680; baseline 0 -22"><span class='ocrx_word' id='word_1_260' title='bbox 398 4587 478 4678; x_wconf 81' lang='lat' dir='ltr'><strong>puel</strong></span> <span class='ocrx_word' id='word_1_261' title='bbox 495 4587 640 4678; x_wconf 75' lang='lat' dir='ltr'><strong>sedato,</strong></span> <span class='ocrx_word' id='word_1_262' title='bbox 663 4583 765 4679; x_wconf 86' lang='lat' dir='ltr'><strong>idest,</strong></span> <span class='ocrx_word' id='word_1_263' title='bbox 786 4583 846 4660; x_wconf 90' lang='lat' dir='ltr'><strong>ille</strong></span> <span class='ocrx_word' id='word_1_264' title='bbox 869 4582 1030 4660; x_wconf 85' lang='lat' dir='ltr'><strong>turiosus</strong></span> <span class='ocrx_word' id='word_1_265' title='bbox 1047 4589 1376 4680; x_wconf 75' lang='lat' dir='ltr'><strong>presumptuosus,</strong></span> <span class='ocrx_word' id='word_1_266' title='bbox 1397 4581 1434 4658; x_wconf 79' lang='lat' dir='ltr'><strong>dc</strong></span> <span class='ocrx_word' id='word_1_267' title='bbox 1465 4587 1578 4658; x_wconf 79' lang='lat' dir='ltr'><strong>Voruci</strong></span> 
     </span>
     <span class='ocr_line' id='line_1_32' title="bbox 399 4697 1575 4800; baseline 0.002 -22"><span class='ocrx_word' id='word_1_268' title='bbox 399 4706 571 4798; x_wconf 53' lang='lat' dir='ltr'><strong>scum</strong></span> <span class='ocrx_word' id='word_1_269' title='bbox 594 4704 641 4780; x_wconf 88' lang='lat' dir='ltr'><strong>dc</strong></span> <span class='ocrx_word' id='word_1_270' title='bbox 669 4705 739 4780; x_wconf 85' lang='lat' dir='ltr'><strong>isto</strong></span> <span class='ocrx_word' id='word_1_271' title='bbox 768 4704 911 4780; x_wconf 87' lang='lat' dir='ltr'><strong>dicetur</strong></span> <span class='ocrx_word' id='word_1_272' title='bbox 940 4705 1050 4800; x_wconf 90' lang='lat' dir='ltr'><strong>paulo</strong></span> <span class='ocrx_word' id='word_1_273' title='bbox 1079 4710 1171 4799; x_wconf 88' lang='lat' dir='ltr'><strong>post,</strong></span> <span class='ocrx_word' id='word_1_274' title='bbox 1203 4725 1223 4776; x_wconf 87' lang='lat' dir='ltr'><strong>c</strong></span> <span class='ocrx_word' id='word_1_275' title='bbox 1253 4725 1301 4780; x_wconf 88' lang='lat' dir='ltr'><strong>oo</strong></span> <span class='ocrx_word' id='word_1_276' title='bbox 1330 4705 1473 4780; x_wconf 80' lang='lat' dir='ltr'><strong>rabioso</strong></span> <span class='ocrx_word' id='word_1_277' title='bbox 1502 4697 1575 4780; x_wconf 76' lang='lat' dir='ltr'><strong>cesi</strong></span> 
     </span>
     <span class='ocr_line' id='line_1_33' title="bbox 398 4823 1575 4913; baseline 0.002 -17"><span class='ocrx_word' id='word_1_278' title='bbox 398 4824 592 4896; x_wconf 74' lang='lat' dir='ltr'><strong>condendo</strong></span> <span class='ocrx_word' id='word_1_279' title='bbox 615 4825 736 4913; x_wconf 70' lang='grc' dir='ltr'><strong>αἱινιιί,</strong></span> <span class='ocrx_word' id='word_1_280' title='bbox 756 4823 847 4899; x_wconf 79' lang='lat' dir='ltr'><strong>idest</strong></span> <span class='ocrx_word' id='word_1_281' title='bbox 870 4823 907 4898; x_wconf 87' lang='lat' dir='ltr'><strong>iu</strong></span> <span class='ocrx_word' id='word_1_282' title='bbox 933 4823 1036 4898; x_wconf 83' lang='lat' dir='ltr'><strong>rabie</strong></span> <span class='ocrx_word' id='word_1_283' title='bbox 1062 4824 1196 4899; x_wconf 86' lang='lat' dir='ltr'><strong>luroris</strong></span> <span class='ocrx_word' id='word_1_284' title='bbox 1223 4823 1427 4901; x_wconf 88' lang='lat' dir='ltr'><strong>mordendo</strong></span> <span class='ocrx_word' id='word_1_285' title='bbox 1456 4830 1494 4900; x_wconf 88' lang='lat' dir='ltr'><strong>et</strong></span> <span class='ocrx_word' id='word_1_286' title='bbox 1517 4825 1575 4898; x_wconf 91' lang='lat' dir='ltr'><strong>la-</strong></span> 
     </span>
    </p>
   </div>
   <div class='ocr_carea' id='block_1_9' title="bbox 415 4959 1573 5148">
    <p class='ocr_par' dir='ltr' id='par_1_9' title="bbox 415 4959 1573 5148">
     <span class='ocr_line' id='line_1_34' title="bbox 415 4959 1572 5072; baseline -0.006 -6"><span class='ocrx_word' id='word_1_287' title='bbox 415 4959 421 4963; x_wconf 32' lang='lat'>·</span> <span class='ocrx_word' id='word_1_288' title='bbox 461 5005 491 5068; x_wconf 79' lang='lat' dir='ltr'><strong>l‘)</strong></span> <span class='ocrx_word' id='word_1_289' title='bbox 506 5009 562 5068; x_wconf 74' lang='lat'><strong>¹¹0,</strong></span> <span class='ocrx_word' id='word_1_290' title='bbox 578 5006 721 5060; x_wconf 61' lang='lat' dir='ltr'><strong>stateru-</strong></span> <span class='ocrx_word' id='word_1_291' title='bbox 964 5009 992 5068; x_wconf 63' lang='grc' dir='ltr'><strong>θ)</strong></span> <span class='ocrx_word' id='word_1_292' title='bbox 1008 5008 1039 5060; x_wconf 81' lang='lat' dir='ltr'><strong>ll.</strong></span> <span class='ocrx_word' id='word_1_293' title='bbox 1054 5009 1102 5058; x_wconf 75' lang='lat' dir='ltr'><strong>tcta</strong></span> <span class='ocrx_word' id='word_1_294' title='bbox 1118 5009 1248 5060; x_wconf 75' lang='lat' dir='ltr'><strong>scabiem</strong></span> <span class='ocrx_word' id='word_1_295' title='bbox 1264 5009 1379 5062; x_wconf 71' lang='lat' dir='ltr'><strong>ruram</strong></span> <span class='ocrx_word' id='word_1_296' title='bbox 1394 5008 1487 5072; x_wconf 77' lang='lat' dir='ltr'><strong>rralplt</strong></span> <span class='ocrx_word' id='word_1_297' title='bbox 1500 5021 1572 5059; x_wconf 79' lang='lat' dir='ltr'><strong>euru.</strong></span> 
     </span>
     <span class='ocr_line' id='line_1_35' title="bbox 461 5080 1573 5148; baseline -0.002 -14"><span class='ocrx_word' id='word_1_298' title='bbox 461 5080 911 5147; x_wconf 61' lang='lat' dir='ltr'><strong>didmmwlummodabta.</strong></span> <span class='ocrx_word' id='word_1_299' title='bbox 941 5083 1114 5146; x_wconf 69' lang='lat' dir='ltr'><strong>rturntc</strong></span> <span class='ocrx_word' id='word_1_300' title='bbox 1234 5083 1573 5148; x_wconf 62' lang='lat' dir='ltr'><strong>t&#39;lssduplleldaeaon.</strong></span> 
     </span>
    </p>
   </div>
   <div class='ocr_carea' id='block_1_10' title="bbox 0 0 2256 6836">
    <p class='ocr_par' dir='ltr' id='par_1_10' title="bbox 0 0 2256 6836">
     <span class='ocr_line' id='line_1_36' title="bbox 0 0 2256 6836; baseline 0 0"><span class='ocrx_word' id='word_1_301' title='bbox 0 0 2256 6836; x_wconf 95' lang='lat' dir='ltr'><strong> </strong></span> 
     </span>
    </p>
   </div>
  </div>
 </body>
</html>
