4606 6840
722 971 863 1028 clarus
886 973 1079 1030 vlumus
1102 973 1269 1041 noturus.
1504 961 1575 1029 245

409 1137 507 1191 unus
532 1116 643 1194 flebat
665 1117 713 1194 de
726 1111 764 1211 (⁴)
790 1117 957 1194 rationali
981 1118 1212 1215 irrationalis,
1237 1120 1331 1196 alter
1354 1120 1402 1195 de
1431 1119 1577 1195 irratio·

409 1236 482 1312 nali
496 1227 534 1329 (¹)
560 1237 765 1333 rationalis3
783 1258 870 1314 nam
892 1239 956 1334 qui
976 1239 1181 1335 disponitur
1196 1239 1243 1314 ad
1260 1238 1402 1313 lurtum
1419 1259 1578 1336 praeme-

408 1356 611 1452 ditandum,
632 1358 748 1433 induit
768 1359 926 1434 formam
944 1360 1140 1456 serpentis3
1158 1366 1196 1436 et
1211 1361 1275 1456 qui
1294 1361 1440 1436 dimittit
1461 1361 1574 1436 eruit.

409 1518 459 1534 -
475 1481 610 1552 Tocot'o
637 1479 743 1553 Nunc
766 1484 877 1555 autor
899 1480 1150 1576 descripturus
1175 1486 1346 1556 mutuam
1370 1480 1576 1556 mirabilem

411 1598 768 1676 transformationem
803 1605 841 1674 et
878 1599 1095 1696 inauditam,
1130 1605 1172 1675 ut
1205 1600 1333 1677 reddat
1369 1600 1576 1676 auditorem

410 1719 532 1795 adnuo
549 1719 665 1816 magis
680 1711 910 1814 attentumd)
923 1742 1037 1816 qnam
1053 1711 1236 1817 lecerat(‘)
1255 1741 1378 1818 supra,
1395 1722 1442 1797 ad
1459 1722 1579 1798 extol-

412 1839 558 1916 lendam
583 1859 690 1916 suam
716 1841 923 1936 materiam,
954 1841 1108 1938 imponit
1142 1843 1325 1919 silentium
1358 1843 1506 1918 Lucano
1541 1847 1579 1917 et

412 1958 552 2053 Ouidio,
576 1959 770 2034 ostendens
795 1961 894 2054 quod
919 1962 1256 2038 transformationes
1286 1983 1379 2059 quas
1412 1963 1579 2038 lecerunt

414 2100 487 2154 non
499 2086 651 2175 possunt
659 2071 695 2172 (⁶)
710 2079 930 2178 equiparari
942 2101 1030 2156 sure.
1045 2081 1099 2156 ud
1111 2081 1384 2180 intelligentiam
1402 2081 1580 2158 translor-

414 2198 617 2276 mationum
642 2199 779 2274 Lucani
805 2206 861 2276 est
883 2199 1073 2276 sciendum
1099 2201 1209 2297 quod,
1235 2202 1329 2277 siout
1357 2201 1482 2278 scribit
1505 2201 1580 2274 Lu-

414 2339 528 2395 canus
553 2319 591 2395 in
611 2318 713 2415 Vllll,
730 2319 826 2396 inter
850 2319 941 2396 alios
957 2328 1145 2418 serpentes
1160 2321 1303 2419 Africa,
1327 2343 1421 2418 quos
1445 2321 1582 2418 reperit

414 2441 503 2517 Cato
528 2459 615 2516 cum
639 2439 716 2514 suis
740 2460 826 2516 oum
845 2441 1018 2518 transiret
1041 2463 1107 2538 per
1130 2463 1298 2540 arenam,
1315 2449 1372 2519 est
1395 2463 1493 2518 unus
1513 2463 1582 2517 no·

415 2559 514 2636 mine
546 2579 638 2656 seps,
664 2559 728 2655 qui
761 2567 884 2657 portat
917 2561 1077 2658 palmam
1108 2563 1295 2658 omnium,
1328 2562 1416 2657 qnia
1447 2561 1584 2640 scilicet

415 2681 506 2758 tollit
529 2681 691 2757 animam
709 2687 747 2757 et
763 2701 897 2778 eorpus
914 2682 1035 2757 simul.
1053 2683 1155 2760 Unde
1177 2683 1300 2758 scribit
1319 2683 1368 2758 ibi
1386 2681 1485 2778 quod
1501 2701 1584 2778 seps

415 2803 614 2880 momordit
637 2801 837 2897 quemdam
862 2802 1016 2879 militem
1046 2803 1193 2879 Catonis
1221 2804 1371 2881 nomine
1395 2803 1581 2878 Sabellum

416 2924 453 2998 in
477 2942 599 3016 crure,
626 2927 663 2999 et
679 2922 769 2997 dum
787 2922 1023 2998 remamisset
1041 2923 1108 2998 sibi
1123 2923 1269 3020 affixus,
1286 2923 1347 2999 ille
1362 2943 1449 3000 cum
1467 2943 1583 2998 manu

417 3044 596 3120 violenter
619 3031 805 3136 anuuitd)
831 3049 870 3119 et
893 3063 980 3121 cnm
1003 3044 1107 3120 hasta
1131 3044 1249 3119 affixit
1271 3063 1406 3139 arene,
1431 3048 1470 3119 et
1493 3061 1583 3118 con-

417 3162 519 3238 tiuuo
544 3162 651 3260 plaga
679 3162 833 3258 parvula
865 3163 976 3258 ooepit
1006 3163 1159 3258 dilatari
1185 3169 1223 3240 et
1254 3163 1348 3239 cutis
1381 3162 1515 3258 rumpi,
1546 3167 1584 3236 et

417 3303 506 3359 curo
529 3281 685 3376 dissolvi,
703 3288 741 3358 et
759 3283 868 3378 pestis
893 3283 1050 3359 transire
1075 3304 1141 3382 per
1157 3284 1281 3360 omnia
1301 3284 1469 3360 membra
1485 3283 1584 3357 intus

419 3411 458 3480 et
481 3408 598 3496 extra,
623 3402 673 3478 ita
698 3402 796 3498 quod
821 3401 858 3478 in
883 3403 987 3480 brevi
1011 3404 1128 3500 spatio
1144 3410 1264 3480 totum
1283 3423 1418 3502 corpus
1443 3403 1585 3480 resolu-

420 3532 499 3600 tum
530 3523 721 3599 redactum
750 3531 807 3598 est
837 3524 1089 3602 inmodicum
1119 3525 1280 3602 cinerem
1314 3535 1353 3603 et
1379 3526 1584 3622 pulverem,

418 3643 555 3719 Deinde
579 3649 706 3720 secuta
731 3650 786 3720 ost
809 3644 880 3720 ada
905 3645 1015 3741 pertis
1039 3646 1224 3722 contraria
1237 3635 1275 3741 (⁷)
1296 3645 1369 3742 isti,
1387 3667 1473 3722 nam
1492 3647 1586 3722 alius

418 3783 568 3859 serpen
593 3763 741 3840 nornine
768 3764 901 3860 prister
914 3756 952 3860 (⁸)
985 3765 1163 3862 percussit
1190 3767 1305 3843 alium
1338 3767 1491 3843 militem
1516 3767 1587 3843 Ca-
1742 3817 1746 3828 -

419 3885 525 3979 tonis,
550 3883 611 3960 oui
636 3903 772 3960 nomen
797 3890 878 3960 erat
902 3885 1079 3981 Nasidius,
1100 3896 1138 3964 et
1162 3886 1282 3962 statim
1308 3885 1389 3962 eius
1413 3885 1506 3962 mole
1530 3885 1587 3961 in-

419 4004 504 4079 ssata
517 3993 554 4096 (⁹)
581 4003 692 4100 ooepit
706 3995 758 4098 (ὀ)
785 4004 888 4100 pellis
912 4005 1071 4114 extendi,
1088 4010 1127 4080 ot
1151 4011 1269 4080 totum
1291 4025 1426 4104 corpus
1450 4005 1585 4102 indari;

419 4129 457 4198 et
473 4121 511 4196 in
528 4127 672 4198 tantum
696 4123 872 4200 intumuit
896 4122 994 4218 quod
1019 4122 1133 4198 lorica
1159 4123 1336 4200 violenter
1362 4125 1504 4221 crepuit
1519 4119 1585 4223 (¹¹),

419 4242 518 4338 quod
530 4262 664 4339 corpus
676 4243 798 4320 amisit
814 4265 964 4321 omnem
982 4243 1142 4342 figuram
1159 4245 1373 4340 humanam,
1391 4251 1429 4321 et
1446 4245 1584 4322 laetum

420 4370 475 4440 est
495 4365 597 4441 velut
610 4385 721 4463 reges
740 4385 892 4462 magna3
909 4385 957 4441 er
974 4387 1050 4460 quo
1067 4365 1154 4441 socii
1171 4365 1288 4440 territi
1298 4357 1352 4459 (¹¹)
1369 4365 1587 4446 dimiserunt

420 4485 540 4582 ipsum
565 4485 685 4561 adlruc
709 4494 935 4564 crescentem
965 4487 1200 4583 insepultum,
1225 4487 1273 4563 dc
1303 4508 1379 4582 quo
1407 4507 1497 4566 aves
1529 4493 1587 4569 vel

482 4714 512 4778 (¹)
528 4719 583 4777 lto,
598 4717 632 4770 de
647 4717 803 4772 rationabili.
1089 4717 1118 4782 (ἦ
1134 4723 1190 4782 tlt,
1206 4719 1240 4770 tle
1253 4719 1435 4774 lmtlmffll.

484 4789 511 4856 O
527 4793 558 4844 ll.
574 4793 712 4846 lotontnm.
1091 4795 1118 4860 ι’)
1135 4800 1181 4849 tlt
1196 4809 1212 4847 a
1228 4797 1260 4846 ll.
1276 4797 1376 4848 temnit.

483 4867 553 4931 (¹)S.
568 4874 680 4933 μοικαί.
913 4875 915 4880 ’
1089 4872 1117 4937 (·)
1133 4877 1188 4935 tlt,
1204 4873 1307 4925 avulsit.

484 4943 512 5008 Γ)
528 4948 583 5006 tlt,
600 4953 692 5000 oonua
707 4948 778 5002 istos.
1092 4949 1119 5013 θ)
1135 4950 1166 5002 ll.
1183 4955 1280 5014 postor.

484 5021 555 5085 ms.
571 5023 711 5076 lnllamrta.
1077 5025 1119 5090 (¹⁰)
1132 5026 1163 5077 ll.
1179 5027 1258 5090 popu
1273 5029 1358 5076 toturn
1374 5037 1480 5090 eorpus.

473 5096 513 5160 (¹⁸)
527 5099 558 5151 ll.
574 5101 676 5165 crepuit
690 5107 717 5154 et
732 5116 836 5169 corpas.
1077 5103 1117 5169 (¹¹)
1132 5103 1164 5154 ll.
1179 5101 1264 5156 tuno
1279 5100 1452 5168 aliquant
