4494 6838
646 966 785 1024 oannes
810 964 1025 1020 moeremus
1049 961 1192 1017 ιιιιιιιι.
1432 949 1504 1016 lsst

338 1131 419 1187 rem
444 1118 482 1188 et
506 1112 815 1208 consanguineam
841 1117 880 1187 et
905 1129 1018 1184 unam
1044 1107 1223 1203 virginem
1254 1107 1443 1200 vestalem,
1469 1112 1507 1182 et
1619 1095 1626 1110 ¹

337 1231 571 1308 meretricem
586 1225 623 1324 (⁴)
650 1233 756 1309 duxit
784 1250 953 1306 uxorem.
986 1226 1071 1302 ldeo
1101 1227 1289 1322 eleganter
1319 1226 1507 1300 linxerunt

336 1357 454 1448 poetae
471 1351 571 1446 quod
591 1354 718 1427 vultur
741 1352 820 1427 avis
846 1370 959 1446 rapax
985 1347 1159 1424 continuo
1181 1351 1287 1422 vorat
1306 1345 1386 1420 eius
1404 1365 1505 1441 epar,

337 1470 424 1564 quia
441 1470 478 1545 in
494 1477 601 1568 epate
626 1478 681 1547 est
707 1471 811 1548 sedes
835 1468 1003 1563 luxuriae‚
1022 1487 1106 1562 quae
1126 1465 1303 1561 paulatim
1321 1463 1507 1540 consumit

338 1609 427 1684 epar
452 1596 490 1666 et
514 1609 658 1684 corpus.
685 1589 755 1664 Sed
779 1608 869 1684 epar
893 1592 1153 1682 consumptum
1175 1585 1357 1660 reviviscit
1383 1590 1419 1658 et
1445 1605 1507 1659 re·

337 1717 502 1805 paratur,
529 1709 616 1804 quia
640 1729 715 1786 una
739 1707 886 1784 libidine
911 1707 1069 1782 extincta
1094 1705 1291 1800 repullulat
1315 1705 1396 1778 alia.
1421 1704 1507 1779 ldeo

337 1827 552 1906 benedicit
587 1828 759 1904 Ovidius:
795 1830 852 1902 so
888 1831 1162 1918 tncmsomptom
1200 1826 1276 1898 attii
1306 1843 1508 1916 sonperque

338 1967 538 2039 renoscens,
569 1969 643 2022 non
669 1951 765 2042 perit
792 1954 832 2021 ut
856 1949 971 2040 possit
1001 1966 1094 2037 soepe
1121 1947 1242 2036 perire
1265 1947 1380 2034 jecur.
1414 1943 1508 2018 Dicit

340 2087 454 2162 ergo:
480 2088 500 2139 c
522 2085 595 2140 non
620 2073 676 2142 ten
700 2087 814 2158 vegeto
838 2067 961 2159 seldso,
987 2064 1090 2158 idest,
1113 2085 1186 2138 ιιοιι
1208 2063 1344 2139 habeas
1367 2065 1437 2137 boc
1462 2062 1509 2136 ad

340 2185 638 2282 indignationem,
659 2187 743 2262 licet
764 2192 804 2259 tn
825 2184 980 2260 videaris
1005 2191 1081 2260 tam
1107 2203 1278 2279 magnus,
1294 2191 1333 2258 et
1347 2183 1416 2257 iste
1432 2191 1509 2257 tam

341 2325 487 2402 parvus.
514 2306 558 2380 Et
582 2305 642 2380 hio
666 2311 754 2380 nota
782 2304 881 2399 qnod
911 2323 977 2399 per
1008 2305 1078 2378 boc
1108 2309 1220 2378 autor
1244 2303 1379 2399 figurat
1408 2303 1508 2396 quod

341 2444 499 2520 magnus
524 2424 705 2519 superbus
722 2423 829 2500 debet
846 2424 1030 2498 honorare
1046 2428 1207 2518 poetam
1224 2422 1288 2515 qui
1308 2427 1426 2516 potest
1443 2421 1510 2494 sibi

341 2543 431 2618 dare
457 2563 629 2639 magnam
655 2551 692 2620 et
717 2545 865 2639 longam
891 2543 1039 2618 lamam.
1057 2543 1160 2618 Unde
1179 2542 1282 2616 dicit:
1301 2563 1373 2614 non
1394 2545 1427 2614 et
1446 2545 1510 2635 sar

340 2665 395 2734 ire
419 2683 444 2734 ιι
473 2664 569 2734 ltzio
593 2659 690 2736 ndo
727 2665 816 2757 lise,
842 2663 905 2756 qui
939 2669 1025 2736 sunt
1062 2663 1184 2736 minus
1216 2662 1340 2758 magni
1366 2668 1402 2736 et
1428 2682 1511 2735 ma-

341 2777 462 2874 gnifici
488 2799 599 2873 quem
622 2786 674 2854 tu.
704 2781 758 2858 De
783 2780 875 2856 Titio
900 2781 980 2876 jam
1014 2780 1251 2872 dictumest,
1276 2780 1323 2854 de
1347 2781 1511 2874 Typhoeo

343 2907 468 2974 autem
486 2897 628 2973 dicetur
644 2899 816 2992 Paradisi,
833 2899 992 2994 capitulo
1005 2901 1092 2992 llll,
1106 2899 1212 2992 quasi
1228 2899 1343 2973 dicat:
1365 2919 1439 2972 non
1457 2897 1513 2973 lo-

343 3017 417 3092 cias
443 3037 510 3092 nos
535 3036 731 3094 recurrere
755 3019 803 3094 ad
827 3019 943 3093 alium
968 3020 1032 3112 qui
1058 3019 1215 3114 portabit
1239 3040 1317 3093 nos.
1338 3021 1391 3093 lta
1411 3025 1513 3094 recte

344 3135 486 3212 dicebat
510 3136 587 3231 ipse
611 3137 783 3233 Virgilius
812 3138 859 3213 ad
889 3137 1098 3234 Augustum
1129 3137 1228 3231 quod
1258 3157 1331 3212 non
1361 3136 1515 3212 haberet

345 3275 432 3328 eum
458 3255 505 3329 ad
530 3255 728 3350 fastidium,
753 3257 841 3349 quia
866 3257 942 3352 ipse
967 3256 1146 3332 inveniret
1170 3255 1285 3330 alium
1315 3256 1376 3331 oui
1401 3256 1516 3332 mari-

347 3379 441 3450 taret
466 3394 517 3469 se,
544 3383 586 3449 ut
610 3383 710 3472 patet
734 3376 828 3452 libro
853 3377 1110 3452 Bucolicorum
1137 3376 1263 3472 ecloga
1280 3376 1451 3451 secunda.
1470 3378 1516 3452 Et

345 3511 433 3568 ecce
462 3513 580 3587 quare
609 3515 683 3570 non
715 3494 827 3572 debes
852 3495 1011 3572 fastidire
1041 3515 1140 3589 eum,
1171 3495 1270 3590 quia,
1300 3499 1420 3588 qnod,
1446 3498 1514 3570 sci·-

345 3612 430 3690 licet
453 3612 588 3692 nantes
613 3615 678 3709 qui
702 3622 758 3690 est
782 3616 841 3690 bie
867 3633 1029 3709 mecum,
1041 3608 1116 3708 pud
1132 3617 1203 3689 clar
1218 3617 1256 3689 dt
1272 3619 1352 3707 qod
1373 3617 1433 3689 cte
1457 3619 1518 3708 qut

345 3735 377 3806 st
400 3733 542 3825 boma,
566 3734 713 3828 scilieet,
730 3735 829 3812 sama
845 3726 895 3826 (²).
916 3735 961 3808 Et
984 3735 1037 3808 sie
1061 3735 1144 3810 vide
1168 3735 1268 3827 quod
1292 3756 1380 3810 eum
1405 3742 1516 3811 autor

347 3851 451 3946 lingit
474 3852 574 3945 quod
598 3853 764 3948 gigantes
784 3861 961 3949 appetunt
978 3854 1126 3944 lamam,
1144 3854 1307 3947 loquitur
1327 3855 1517 3930 moraliter

224 3981 226 3986 ·
346 3968 394 4043 de
418 3968 487 4042 isto
513 3970 663 4064 mundo,
681 3971 718 4044 in
738 3992 813 4064 quo
836 3971 960 4066 magni
985 3970 1132 4064 superbi
1155 3971 1317 4048 maximo
1341 3978 1517 4066 appetunt

347 4088 504 4183 gloriam
529 4089 613 4164 lieet
638 4090 743 4165 melis
763 4089 916 4182 artibus,
934 4089 1029 4164 sicut
1044 4089 1252 4164 Alexander
1268 4091 1374 4166 euius
1390 4099 1518 4186 pectus

350 4216 431 4286 erat
455 4209 656 4286 insatiabile
683 4209 820 4306 gloriae.
851 4209 936 4286 Ideo
965 4209 1075 4284 dicit:
1098 4203 1188 4301 perd
1219 4213 1245 4284 tl
1274 4212 1518 4304 chlamidem,

350 4329 482 4406 incline
507 4335 544 4406 te
567 4330 614 4404 ad
630 4329 851 4426 portandum
869 4349 949 4422 nos,
965 4349 984 4404 e
999 4349 1071 4404 non
1089 4336 1205 4404 toreer
1231 4333 1265 4404 lo
1290 4335 1399 4425 griso,
1417 4331 1519 4426 idest,

349 4469 424 4524 non
449 4448 678 4544 distorqueas
692 4440 729 4542 (³)
750 4467 914 4542 mosum,
940 4448 1022 4524 ideo
1047 4446 1155 4524 dicit:
1182 4471 1297 4524 eaeor
1322 4443 1440 4543 tipnd
1463 4455 1524 4524 nel

350 4571 479 4642 moldo
503 4571 633 4644 render
654 4573 770 4664 some,
790 4575 828 4644 et
850 4587 938 4644 eece
955 4568 1154 4663 quomodo,
1174 4571 1225 4642 cl'
1237 4572 1272 4642 et
1287 4571 1362 4643 eloe
1377 4591 1396 4642 e
1411 4572 1521 4661 longo

350 4691 422 4762 otto
446 4709 558 4764 onear
581 4695 725 4782 nepote
752 4689 797 4763 Et
821 4689 873 4764 sic
898 4688 981 4764 vide
1005 4687 1104 4783 quod
1129 4693 1238 4764 autor
1263 4687 1407 4764 videtur
1431 4709 1520 4786 pro-

350 4808 502 4903 phetare
527 4807 573 4884 de
598 4829 638 4884 se
662 4809 757 4905 ipso;
775 4830 861 4884 nam
879 4815 961 4904 post
977 4807 1084 4882 istam
1102 4807 1279 4884 visionem
1305 4829 1412 4884 suam
1429 4809 1520 4884 vixit

414 5049 483 5112 (¹lS.
500 5064 579 5102 ιιιιιιιι
594 5055 769 5106 manticem.
874 5050 1138 5112 libellariam.
1243 5049 1270 5112 ι’)
1286 5052 1311 5101 S.
1329 5056 1457 5116 torqueas.
