<?xml version="1.0" encoding="UTF-8"?>
<!DOCTYPE html PUBLIC "-//W3C//DTD XHTML 1.0 Transitional//EN"
    "http://www.w3.org/TR/xhtml1/DTD/xhtml1-transitional.dtd">
<html xmlns="http://www.w3.org/1999/xhtml" xml:lang="en" lang="en">
 <head>
  <title>
</title>
<meta http-equiv="Content-Type" content="text/html;charset=utf-8" />
  <meta name='ocr-system' content='tesseract 3.04.00' />
  <meta name='ocr-capabilities' content='ocr_page ocr_carea ocr_par ocr_line ocrx_word'/>
</head>
<body>
  <div class='ocr_page' id='page_1' title='image "./comentumsuperda01benvgoog_0069.png"; bbox 0 0 4526 6836; ppageno 0'>
   <div class='ocr_carea' id='block_1_1' title="bbox 726 939 1502 1035">
    <p class='ocr_par' dir='ltr' id='par_1_1' title="bbox 726 939 1502 1035">
     <span class='ocr_line' id='line_1_1' title="bbox 726 939 1502 1035; baseline -0.008 0"><span class='ocrx_word' id='word_1_1' title='bbox 726 969 772 1035; x_wconf 84' lang='lat'><strong>60</strong></span> <span class='ocrx_word' id='word_1_2' title='bbox 1122 939 1326 1032; x_wconf 79' lang='lat' dir='ltr'><strong>counnruu</strong></span> <span class='ocrx_word' id='word_1_3' title='bbox 1351 975 1502 1032; x_wconf 79' lang='lat' dir='ltr'><strong>mrsnru</strong></span> 
     </span>
    </p>
   </div>
   <div class='ocr_carea' id='block_1_2' title="bbox 624 1119 1907 3366">
    <p class='ocr_par' dir='ltr' id='par_1_2' title="bbox 624 1119 1907 3366">
     <span class='ocr_line' id='line_1_2' title="bbox 725 1119 1891 1214; baseline -0.007 -16"><span class='ocrx_word' id='word_1_4' title='bbox 725 1125 805 1198; x_wconf 84' lang='lat' dir='ltr'><strong>ebbe</strong></span> <span class='ocrx_word' id='word_1_5' title='bbox 820 1127 1026 1214; x_wconf 81' lang='lat' dir='ltr'><strong>orpomento</strong></span> <span class='ocrx_word' id='word_1_6' title='bbox 1048 1123 1098 1194; x_wconf 83' lang='lat' dir='ltr'><strong>dn</strong></span> <span class='ocrx_word' id='word_1_7' title='bbox 1113 1123 1145 1194; x_wconf 81' lang='lat' dir='ltr'><strong>le</strong></span> <span class='ocrx_word' id='word_1_8' title='bbox 1160 1123 1253 1194; x_wconf 82' lang='lat' dir='ltr'><strong>diere</strong></span> <span class='ocrx_word' id='word_1_9' title='bbox 1268 1141 1404 1214; x_wconf 64' lang='lat' dir='ltr'><strong>coram</strong></span> <span class='ocrx_word' id='word_1_10' title='bbox 1420 1121 1515 1196; x_wconf 87' lang='lat' dir='ltr'><strong>sicut</strong></span> <span class='ocrx_word' id='word_1_11' title='bbox 1531 1119 1630 1194; x_wconf 90' lang='lat' dir='ltr'><strong>enim</strong></span> <span class='ocrx_word' id='word_1_12' title='bbox 1647 1137 1789 1194; x_wconf 87' lang='lat' dir='ltr'><strong>cornua</strong></span> <span class='ocrx_word' id='word_1_13' title='bbox 1805 1123 1891 1194; x_wconf 89' lang='lat' dir='ltr'><strong>sunt</strong></span> 
     </span>
     <span class='ocr_line' id='line_1_3' title="bbox 724 1229 1890 1334; baseline -0.007 -16"><span class='ocrx_word' id='word_1_14' title='bbox 724 1243 771 1318; x_wconf 87' lang='lat' dir='ltr'><strong>ad</strong></span> <span class='ocrx_word' id='word_1_15' title='bbox 793 1246 1056 1317; x_wconf 79' lang='lat' dir='ltr'><strong>ornamentum</strong></span> <span class='ocrx_word' id='word_1_16' title='bbox 1081 1246 1119 1314; x_wconf 90' lang='lat' dir='ltr'><strong>et</strong></span> <span class='ocrx_word' id='word_1_17' title='bbox 1142 1238 1389 1316; x_wconf 80' lang='lat' dir='ltr'><strong>defensionem</strong></span> <span class='ocrx_word' id='word_1_18' title='bbox 1419 1239 1555 1333; x_wconf 77' lang='lat' dir='ltr'><strong>bestie,</strong></span> <span class='ocrx_word' id='word_1_19' title='bbox 1582 1239 1631 1314; x_wconf 87' lang='lat' dir='ltr'><strong>ita</strong></span> <span class='ocrx_word' id='word_1_20' title='bbox 1656 1243 1839 1334; x_wconf 78' lang='lat' dir='ltr'><strong>precepta</strong></span> <span class='ocrx_word' id='word_1_21' title='bbox 1853 1229 1890 1328; x_wconf 84' lang='lat'><strong>(¹)</strong></span> 
     </span>
     <span class='ocr_line' id='line_1_4' title="bbox 725 1351 1897 1454; baseline -0.007 -17"><span class='ocrx_word' id='word_1_22' title='bbox 725 1361 772 1437; x_wconf 93' lang='lat' dir='ltr'><strong>ad</strong></span> <span class='ocrx_word' id='word_1_23' title='bbox 797 1367 1057 1437; x_wconf 88' lang='lat' dir='ltr'><strong>ornamentum</strong></span> <span class='ocrx_word' id='word_1_24' title='bbox 1083 1367 1120 1436; x_wconf 90' lang='lat' dir='ltr'><strong>et</strong></span> <span class='ocrx_word' id='word_1_25' title='bbox 1150 1359 1340 1434; x_wconf 82' lang='lat' dir='ltr'><strong>tuitionem</strong></span> <span class='ocrx_word' id='word_1_26' title='bbox 1367 1359 1546 1454; x_wconf 60' lang='lat' dir='ltr'><strong>ecclesium</strong></span> <span class='ocrx_word' id='word_1_27' title='bbox 1579 1365 1617 1432; x_wconf 88' lang='lat' dir='ltr'><strong>et</strong></span> <span class='ocrx_word' id='word_1_28' title='bbox 1648 1356 1753 1431; x_wconf 88' lang='lat' dir='ltr'><strong>dicit:</strong></span> <span class='ocrx_word' id='word_1_29' title='bbox 1783 1351 1897 1449; x_wconf 69' lang='lat' dir='ltr'><strong>fincte*</strong></span> 
     </span>
     <span class='ocr_line' id='line_1_5' title="bbox 726 1473 1895 1574; baseline -0.004 -19"><span class='ocrx_word' id='word_1_30' title='bbox 726 1487 876 1572; x_wconf 64' lang='lat' dir='ltr'><strong>omme,</strong></span> <span class='ocrx_word' id='word_1_31' title='bbox 886 1478 979 1554; x_wconf 87' lang='lat' dir='ltr'><strong>idest</strong></span> <span class='ocrx_word' id='word_1_32' title='bbox 996 1484 1120 1574; x_wconf 86' lang='lat' dir='ltr'><strong>pastor</strong></span> <span class='ocrx_word' id='word_1_33' title='bbox 1137 1479 1332 1572; x_wconf 80' lang='lat' dir='ltr'><strong>virtuosus,</strong></span> <span class='ocrx_word' id='word_1_34' title='bbox 1345 1481 1493 1572; x_wconf 81' lang='lat' dir='ltr'><strong>piucproe</strong></span> <span class='ocrx_word' id='word_1_35' title='bbox 1511 1481 1551 1550; x_wconf 83' lang='lat' dir='ltr'><strong>ut</strong></span> <span class='ocrx_word' id='word_1_36' title='bbox 1564 1497 1628 1550; x_wconf 82' lang='lat' dir='ltr'><strong>nro</strong></span> <span class='ocrx_word' id='word_1_37' title='bbox 1645 1479 1787 1566; x_wconf 72' lang='lat' dir='ltr'><strong>morito,</strong></span> <span class='ocrx_word' id='word_1_38' title='bbox 1804 1473 1895 1550; x_wconf 82' lang='lat' dir='ltr'><strong>idest</strong></span> 
     </span>
     <span class='ocr_line' id='line_1_6' title="bbox 725 1589 1892 1693; baseline -0.007 -19"><span class='ocrx_word' id='word_1_39' title='bbox 725 1600 879 1693; x_wconf 87' lang='lat' dir='ltr'><strong>Christo,</strong></span> <span class='ocrx_word' id='word_1_40' title='bbox 909 1597 972 1693; x_wconf 88' lang='lat' dir='ltr'><strong>qui</strong></span> <span class='ocrx_word' id='word_1_41' title='bbox 1006 1603 1062 1673; x_wconf 91' lang='lat' dir='ltr'><strong>est</strong></span> <span class='ocrx_word' id='word_1_42' title='bbox 1080 1589 1116 1689; x_wconf 77' lang='lat'><strong>(²)</strong></span> <span class='ocrx_word' id='word_1_43' title='bbox 1147 1618 1301 1693; x_wconf 88' lang='lat' dir='ltr'><strong>sponsus</strong></span> <span class='ocrx_word' id='word_1_44' title='bbox 1329 1597 1503 1690; x_wconf 75' lang='lat' dir='ltr'><strong>eoeleste,</strong></span> <span class='ocrx_word' id='word_1_45' title='bbox 1530 1604 1571 1671; x_wconf 92' lang='lat' dir='ltr'><strong>ut</strong></span> <span class='ocrx_word' id='word_1_46' title='bbox 1601 1595 1738 1670; x_wconf 89' lang='lat' dir='ltr'><strong>dictum</strong></span> <span class='ocrx_word' id='word_1_47' title='bbox 1770 1601 1827 1674; x_wconf 85' lang='lat' dir='ltr'><strong>est</strong></span> <span class='ocrx_word' id='word_1_48' title='bbox 1856 1593 1892 1667; x_wconf 92' lang='lat' dir='ltr'><strong>in</strong></span> 
     </span>
     <span class='ocr_line' id='line_1_7' title="bbox 724 1713 1893 1815; baseline -0.007 -21"><span class='ocrx_word' id='word_1_49' title='bbox 724 1719 899 1815; x_wconf 88' lang='lat' dir='ltr'><strong>principio</strong></span> <span class='ocrx_word' id='word_1_50' title='bbox 920 1718 1084 1814; x_wconf 89' lang='lat' dir='ltr'><strong>capituli;</strong></span> <span class='ocrx_word' id='word_1_51' title='bbox 1102 1719 1161 1794; x_wconf 91' lang='lat' dir='ltr'><strong>vel</strong></span> <span class='ocrx_word' id='word_1_52' title='bbox 1176 1717 1235 1792; x_wconf 93' lang='lat' dir='ltr'><strong>dic</strong></span> <span class='ocrx_word' id='word_1_53' title='bbox 1254 1725 1292 1793; x_wconf 88' lang='lat' dir='ltr'><strong>ct</strong></span> <span class='ocrx_word' id='word_1_54' title='bbox 1313 1717 1463 1792; x_wconf 87' lang='lat' dir='ltr'><strong>melius:</strong></span> <span class='ocrx_word' id='word_1_55' title='bbox 1477 1713 1591 1810; x_wconf 71' lang='lat' dir='ltr'><strong>fincte*</strong></span> <span class='ocrx_word' id='word_1_56' title='bbox 1605 1722 1734 1790; x_wconf 71' lang='lat' dir='ltr'><strong>comte</strong></span> <span class='ocrx_word' id='word_1_57' title='bbox 1746 1717 1893 1812; x_wconf 78' lang='lat' dir='ltr'><strong>pinoque</strong></span> 
     </span>
     <span class='ocr_line' id='line_1_8' title="bbox 723 1833 1892 1932; baseline -0.003 -20"><span class='ocrx_word' id='word_1_58' title='bbox 723 1843 763 1912; x_wconf 83' lang='lat' dir='ltr'><strong>ul</strong></span> <span class='ocrx_word' id='word_1_59' title='bbox 784 1859 848 1912; x_wconf 83' lang='lat' dir='ltr'><strong>suo</strong></span> <span class='ocrx_word' id='word_1_60' title='bbox 872 1841 1014 1928; x_wconf 63' lang='lat' dir='ltr'><strong>mun,</strong></span> <span class='ocrx_word' id='word_1_61' title='bbox 1039 1837 1130 1912; x_wconf 90' lang='lat' dir='ltr'><strong>idest</strong></span> <span class='ocrx_word' id='word_1_62' title='bbox 1154 1857 1258 1932; x_wconf 77' lang='lat' dir='ltr'><strong>papus</strong></span> <span class='ocrx_word' id='word_1_63' title='bbox 1287 1836 1350 1931; x_wconf 87' lang='lat' dir='ltr'><strong>qui</strong></span> <span class='ocrx_word' id='word_1_64' title='bbox 1378 1843 1435 1911; x_wconf 82' lang='lat' dir='ltr'><strong>est</strong></span> <span class='ocrx_word' id='word_1_65' title='bbox 1459 1836 1614 1910; x_wconf 90' lang='lat' dir='ltr'><strong>maritus</strong></span> <span class='ocrx_word' id='word_1_66' title='bbox 1639 1833 1750 1930; x_wconf 91' lang='lat' dir='ltr'><strong>ipsius</strong></span> <span class='ocrx_word' id='word_1_67' title='bbox 1775 1833 1892 1910; x_wconf 85' lang='lat' dir='ltr'><strong>eccle·</strong></span> 
     </span>
     <span class='ocr_line' id='line_1_9' title="bbox 723 1951 1889 2050; baseline -0.002 -20"><span class='ocrx_word' id='word_1_68' title='bbox 723 1957 796 2032; x_wconf 82' lang='lat' dir='ltr'><strong>siae.</strong></span> <span class='ocrx_word' id='word_1_69' title='bbox 822 1957 867 2030; x_wconf 85' lang='lat' dir='ltr'><strong>Et</strong></span> <span class='ocrx_word' id='word_1_70' title='bbox 891 1956 949 2031; x_wconf 94' lang='lat' dir='ltr'><strong>bic</strong></span> <span class='ocrx_word' id='word_1_71' title='bbox 974 1963 1071 2049; x_wconf 67' lang='lat' dir='ltr'><strong>nom,</strong></span> <span class='ocrx_word' id='word_1_72' title='bbox 1089 1957 1215 2050; x_wconf 89' lang='lat' dir='ltr'><strong>lector,</strong></span> <span class='ocrx_word' id='word_1_73' title='bbox 1233 1955 1331 2048; x_wconf 87' lang='lat' dir='ltr'><strong>quod</strong></span> <span class='ocrx_word' id='word_1_74' title='bbox 1347 1953 1460 2049; x_wconf 87' lang='lat' dir='ltr'><strong>aliqui</strong></span> <span class='ocrx_word' id='word_1_75' title='bbox 1477 1953 1536 2029; x_wconf 91' lang='lat' dir='ltr'><strong>bic</strong></span> <span class='ocrx_word' id='word_1_76' title='bbox 1551 1953 1689 2045; x_wconf 90' lang='lat' dir='ltr'><strong>dicunt,</strong></span> <span class='ocrx_word' id='word_1_77' title='bbox 1706 1951 1806 2046; x_wconf 86' lang='lat' dir='ltr'><strong>quod</strong></span> <span class='ocrx_word' id='word_1_78' title='bbox 1822 1952 1889 2028; x_wconf 86' lang='lat' dir='ltr'><strong>istu</strong></span> 
     </span>
     <span class='ocr_line' id='line_1_10' title="bbox 720 2061 1890 2172; baseline -0.004 -21"><span class='ocrx_word' id='word_1_79' title='bbox 720 2077 839 2172; x_wconf 88' lang='lat' dir='ltr'><strong>capita</strong></span> <span class='ocrx_word' id='word_1_80' title='bbox 856 2086 893 2152; x_wconf 90' lang='lat' dir='ltr'><strong>et</strong></span> <span class='ocrx_word' id='word_1_81' title='bbox 909 2096 1048 2150; x_wconf 90' lang='lat' dir='ltr'><strong>cornua</strong></span> <span class='ocrx_word' id='word_1_82' title='bbox 1064 2074 1295 2150; x_wconf 90' lang='lat' dir='ltr'><strong>duraverunt</strong></span> <span class='ocrx_word' id='word_1_83' title='bbox 1309 2093 1428 2168; x_wconf 85' lang='lat' dir='ltr'><strong>usque</strong></span> <span class='ocrx_word' id='word_1_84' title='bbox 1443 2072 1490 2147; x_wconf 90' lang='lat' dir='ltr'><strong>ad</strong></span> <span class='ocrx_word' id='word_1_85' title='bbox 1507 2071 1730 2148; x_wconf 88' lang='lat' dir='ltr'><strong>dotationem</strong></span> <span class='ocrx_word' id='word_1_86' title='bbox 1739 2061 1777 2162; x_wconf 77' lang='lat'><strong>(³)</strong></span> <span class='ocrx_word' id='word_1_87' title='bbox 1794 2071 1890 2146; x_wconf 87' lang='lat' dir='ltr'><strong>Con-</strong></span> 
     </span>
     <span class='ocr_line' id='line_1_11' title="bbox 624 2189 1907 2298; baseline -0.003 -28"><span class='ocrx_word' id='word_1_88' title='bbox 624 2189 626 2194; x_wconf 69' lang='lat'>&#39;</span> <span class='ocrx_word' id='word_1_89' title='bbox 721 2196 877 2290; x_wconf 86' lang='lat' dir='ltr'><strong>stantini,</strong></span> <span class='ocrx_word' id='word_1_90' title='bbox 902 2195 989 2290; x_wconf 89' lang='lat' dir='ltr'><strong>quia</strong></span> <span class='ocrx_word' id='word_1_91' title='bbox 1013 2201 1138 2291; x_wconf 89' lang='lat' dir='ltr'><strong>postea</strong></span> <span class='ocrx_word' id='word_1_92' title='bbox 1163 2194 1230 2269; x_wconf 88' lang='lat' dir='ltr'><strong>ista</strong></span> <span class='ocrx_word' id='word_1_93' title='bbox 1254 2193 1370 2268; x_wconf 84' lang='lat' dir='ltr'><strong>bestia</strong></span> <span class='ocrx_word' id='word_1_94' title='bbox 1395 2192 1527 2268; x_wconf 87' lang='lat' dir='ltr'><strong>abiecit</strong></span> <span class='ocrx_word' id='word_1_95' title='bbox 1551 2198 1677 2266; x_wconf 87' lang='lat' dir='ltr'><strong>vetera</strong></span> <span class='ocrx_word' id='word_1_96' title='bbox 1709 2191 1826 2286; x_wconf 85' lang='lat' dir='ltr'><strong>capita</strong></span> <span class='ocrx_word' id='word_1_97' title='bbox 1851 2199 1907 2298; x_wconf 69' lang='lat'><strong>⁰⁸.</strong></span> 
     </span>
     <span class='ocr_line' id='line_1_12' title="bbox 719 2311 1889 2408; baseline -0.003 -20"><span class='ocrx_word' id='word_1_98' title='bbox 719 2334 870 2408; x_wconf 86' lang='lat' dir='ltr'><strong>cornua,</strong></span> <span class='ocrx_word' id='word_1_99' title='bbox 888 2321 926 2388; x_wconf 91' lang='lat' dir='ltr'><strong>et</strong></span> <span class='ocrx_word' id='word_1_100' title='bbox 945 2314 1060 2388; x_wconf 91' lang='lat' dir='ltr'><strong>induit</strong></span> <span class='ocrx_word' id='word_1_101' title='bbox 1086 2334 1192 2407; x_wconf 91' lang='lat' dir='ltr'><strong>nova,</strong></span> <span class='ocrx_word' id='word_1_102' title='bbox 1213 2313 1347 2388; x_wconf 87' lang='lat' dir='ltr'><strong>scilicet</strong></span> <span class='ocrx_word' id='word_1_103' title='bbox 1370 2319 1511 2408; x_wconf 85' lang='lat' dir='ltr'><strong>septem</strong></span> <span class='ocrx_word' id='word_1_104' title='bbox 1536 2311 1623 2386; x_wconf 88' lang='lat' dir='ltr'><strong>vitia</strong></span> <span class='ocrx_word' id='word_1_105' title='bbox 1647 2311 1826 2406; x_wconf 83' lang='lat' dir='ltr'><strong>capitulla,</strong></span> <span class='ocrx_word' id='word_1_106' title='bbox 1851 2319 1889 2388; x_wconf 77' lang='lat' dir='ltr'><strong>‘et</strong></span> 
     </span>
     <span class='ocr_line' id='line_1_13' title="bbox 720 2418 1887 2530; baseline -0.003 -21"><span class='ocrx_word' id='word_1_107' title='bbox 720 2433 1046 2530; x_wconf 82' lang='lat' dir='ltr'><strong>transgressionem</strong></span> <span class='ocrx_word' id='word_1_108' title='bbox 1075 2433 1242 2508; x_wconf 92' lang='lat' dir='ltr'><strong>omnium</strong></span> <span class='ocrx_word' id='word_1_109' title='bbox 1273 2433 1401 2508; x_wconf 88' lang='lat' dir='ltr'><strong>decem</strong></span> <span class='ocrx_word' id='word_1_110' title='bbox 1426 2437 1695 2528; x_wconf 69' lang='lat' dir='ltr'><strong>preceptorum</strong></span> <span class='ocrx_word' id='word_1_111' title='bbox 1716 2418 1770 2525; x_wconf 79' lang='lat'><strong>(⁸),</strong></span> <span class='ocrx_word' id='word_1_112' title='bbox 1801 2429 1887 2523; x_wconf 83' lang='lat' dir='ltr'><strong>quia</strong></span> 
     </span>
     <span class='ocr_line' id='line_1_14' title="bbox 719 2549 1887 2656; baseline -0.005 -28"><span class='ocrx_word' id='word_1_113' title='bbox 719 2554 886 2628; x_wconf 88' lang='lat' dir='ltr'><strong>iecerunt</strong></span> <span class='ocrx_word' id='word_1_114' title='bbox 902 2559 1029 2626; x_wconf 84' lang='lat' dir='ltr'><strong>contre</strong></span> <span class='ocrx_word' id='word_1_115' title='bbox 1048 2552 1210 2648; x_wconf 91' lang='lat' dir='ltr'><strong>primum</strong></span> <span class='ocrx_word' id='word_1_116' title='bbox 1236 2557 1459 2646; x_wconf 73' lang='lat' dir='ltr'><strong>preceptum</strong></span> <span class='ocrx_word' id='word_1_117' title='bbox 1485 2551 1656 2626; x_wconf 81' lang='lat' dir='ltr'><strong>iacientes</strong></span> <span class='ocrx_word' id='word_1_118' title='bbox 1682 2550 1748 2624; x_wconf 90' lang='lat' dir='ltr'><strong>sibi</strong></span> <span class='ocrx_word' id='word_1_119' title='bbox 1769 2549 1887 2656; x_wconf 85' lang='lat' dir='ltr'><strong>Deum</strong></span> 
     </span>
     <span class='ocr_line' id='line_1_15' title="bbox 720 2670 1887 2768; baseline -0.006 -20"><span class='ocrx_word' id='word_1_120' title='bbox 720 2695 768 2748; x_wconf 80' lang='lat' dir='ltr'><strong>ex</strong></span> <span class='ocrx_word' id='word_1_121' title='bbox 784 2693 878 2746; x_wconf 88' lang='lat' dir='ltr'><strong>auro</strong></span> <span class='ocrx_word' id='word_1_122' title='bbox 892 2679 929 2747; x_wconf 87' lang='lat' dir='ltr'><strong>et</strong></span> <span class='ocrx_word' id='word_1_123' title='bbox 941 2677 1173 2768; x_wconf 81' lang='lat' dir='ltr'><strong>argentuetc.</strong></span> <span class='ocrx_word' id='word_1_124' title='bbox 1187 2671 1258 2746; x_wconf 88' lang='lat' dir='ltr'><strong>Sed</strong></span> <span class='ocrx_word' id='word_1_125' title='bbox 1274 2670 1370 2745; x_wconf 91' lang='lat' dir='ltr'><strong>istud</strong></span> <span class='ocrx_word' id='word_1_126' title='bbox 1387 2691 1460 2746; x_wconf 91' lang='lat' dir='ltr'><strong>non</strong></span> <span class='ocrx_word' id='word_1_127' title='bbox 1475 2671 1618 2746; x_wconf 92' lang='lat' dir='ltr'><strong>videtur</strong></span> <span class='ocrx_word' id='word_1_128' title='bbox 1636 2670 1723 2744; x_wconf 93' lang='lat' dir='ltr'><strong>mibi</strong></span> <span class='ocrx_word' id='word_1_129' title='bbox 1742 2686 1887 2761; x_wconf 86' lang='lat' dir='ltr'><strong>verum,</strong></span> 
     </span>
     <span class='ocr_line' id='line_1_16' title="bbox 720 2782 1888 2887; baseline -0.004 -21"><span class='ocrx_word' id='word_1_130' title='bbox 720 2793 807 2887; x_wconf 87' lang='lat' dir='ltr'><strong>quia</strong></span> <span class='ocrx_word' id='word_1_131' title='bbox 832 2791 952 2866; x_wconf 90' lang='lat' dir='ltr'><strong>statim</strong></span> <span class='ocrx_word' id='word_1_132' title='bbox 978 2796 1059 2884; x_wconf 90' lang='lat' dir='ltr'><strong>post</strong></span> <span class='ocrx_word' id='word_1_133' title='bbox 1083 2788 1305 2866; x_wconf 87' lang='lat' dir='ltr'><strong>dotationem</strong></span> <span class='ocrx_word' id='word_1_134' title='bbox 1319 2782 1357 2882; x_wconf 79' lang='lat'><strong>(⁵)</strong></span> <span class='ocrx_word' id='word_1_135' title='bbox 1382 2789 1521 2884; x_wconf 79' lang='lat' dir='ltr'><strong>praelati</strong></span> <span class='ocrx_word' id='word_1_136' title='bbox 1549 2809 1622 2864; x_wconf 89' lang='lat' dir='ltr'><strong>non</strong></span> <span class='ocrx_word' id='word_1_137' title='bbox 1647 2789 1798 2864; x_wconf 90' lang='lat' dir='ltr'><strong>luerunt</strong></span> <span class='ocrx_word' id='word_1_138' title='bbox 1822 2786 1888 2862; x_wconf 92' lang='lat' dir='ltr'><strong>de-</strong></span> 
     </span>
     <span class='ocr_line' id='line_1_17' title="bbox 717 2908 1887 3009; baseline -0.003 -22"><span class='ocrx_word' id='word_1_139' title='bbox 717 2910 869 3009; x_wconf 88' lang='lat' dir='ltr'><strong>pravati,</strong></span> <span class='ocrx_word' id='word_1_140' title='bbox 895 2911 970 2985; x_wconf 93' lang='lat' dir='ltr'><strong>imo</strong></span> <span class='ocrx_word' id='word_1_141' title='bbox 996 2911 1145 2986; x_wconf 86' lang='lat' dir='ltr'><strong>luerunt</strong></span> <span class='ocrx_word' id='word_1_142' title='bbox 1170 2915 1295 3005; x_wconf 90' lang='lat' dir='ltr'><strong>postea</strong></span> <span class='ocrx_word' id='word_1_143' title='bbox 1321 2910 1389 2985; x_wconf 91' lang='lat' dir='ltr'><strong>viri</strong></span> <span class='ocrx_word' id='word_1_144' title='bbox 1408 2909 1624 2984; x_wconf 81' lang='lat' dir='ltr'><strong>sanctissimi</strong></span> <span class='ocrx_word' id='word_1_145' title='bbox 1641 2916 1679 2984; x_wconf 92' lang='lat' dir='ltr'><strong>et</strong></span> <span class='ocrx_word' id='word_1_146' title='bbox 1697 2908 1887 3004; x_wconf 90' lang='lat' dir='ltr'><strong>sapientis-</strong></span> 
     </span>
     <span class='ocr_line' id='line_1_18' title="bbox 716 3029 1884 3128; baseline -0.002 -24"><span class='ocrx_word' id='word_1_147' title='bbox 716 3031 810 3125; x_wconf 89' lang='lat' dir='ltr'><strong>simi,</strong></span> <span class='ocrx_word' id='word_1_148' title='bbox 835 3031 930 3128; x_wconf 87' lang='lat' dir='ltr'><strong>sicut</strong></span> <span class='ocrx_word' id='word_1_149' title='bbox 953 3029 1153 3126; x_wconf 85' lang='lat' dir='ltr'><strong>Gregorius</strong></span> <span class='ocrx_word' id='word_1_150' title='bbox 1180 3051 1287 3125; x_wconf 87' lang='lat' dir='ltr'><strong>papa,</strong></span> <span class='ocrx_word' id='word_1_151' title='bbox 1312 3029 1556 3124; x_wconf 82' lang='lat' dir='ltr'><strong>Hieronymus</strong></span> <span class='ocrx_word' id='word_1_152' title='bbox 1582 3029 1784 3122; x_wconf 88' lang='lat' dir='ltr'><strong>cardinalis,</strong></span> <span class='ocrx_word' id='word_1_153' title='bbox 1806 3029 1884 3102; x_wconf 84' lang='lat' dir='ltr'><strong>Au·</strong></span> 
     </span>
     <span class='ocr_line' id='line_1_19' title="bbox 715 3147 1882 3250; baseline -0.002 -26"><span class='ocrx_word' id='word_1_154' title='bbox 715 3152 893 3250; x_wconf 83' lang='lat' dir='ltr'><strong>gustinus,</strong></span> <span class='ocrx_word' id='word_1_155' title='bbox 919 3157 956 3225; x_wconf 90' lang='lat' dir='ltr'><strong>et</strong></span> <span class='ocrx_word' id='word_1_156' title='bbox 980 3149 1195 3225; x_wconf 80' lang='lat' dir='ltr'><strong>Ambrosius</strong></span> <span class='ocrx_word' id='word_1_157' title='bbox 1224 3147 1392 3245; x_wconf 87' lang='lat' dir='ltr'><strong>episcopi,</strong></span> <span class='ocrx_word' id='word_1_158' title='bbox 1426 3147 1544 3222; x_wconf 88' lang='lat' dir='ltr'><strong>etita</strong></span> <span class='ocrx_word' id='word_1_159' title='bbox 1575 3147 1622 3222; x_wconf 91' lang='lat' dir='ltr'><strong>de</strong></span> <span class='ocrx_word' id='word_1_160' title='bbox 1651 3147 1795 3240; x_wconf 84' lang='lat' dir='ltr'><strong>multis3</strong></span> <span class='ocrx_word' id='word_1_161' title='bbox 1820 3147 1882 3222; x_wconf 90' lang='lat' dir='ltr'><strong>sed</strong></span> 
     </span>
     <span class='ocr_line' id='line_1_20' title="bbox 715 3267 1885 3366; baseline -0.006 -20"><span class='ocrx_word' id='word_1_162' title='bbox 715 3278 794 3366; x_wconf 90' lang='lat' dir='ltr'><strong>post</strong></span> <span class='ocrx_word' id='word_1_163' title='bbox 820 3271 935 3345; x_wconf 88' lang='lat' dir='ltr'><strong>multa</strong></span> <span class='ocrx_word' id='word_1_164' title='bbox 959 3270 1093 3344; x_wconf 80' lang='lat' dir='ltr'><strong>saecula</strong></span> <span class='ocrx_word' id='word_1_165' title='bbox 1119 3268 1334 3364; x_wconf 82' lang='lat' dir='ltr'><strong>impinguati</strong></span> <span class='ocrx_word' id='word_1_166' title='bbox 1360 3275 1397 3343; x_wconf 90' lang='lat' dir='ltr'><strong>et</strong></span> <span class='ocrx_word' id='word_1_167' title='bbox 1425 3267 1528 3343; x_wconf 92' lang='lat' dir='ltr'><strong>ditati</strong></span> <span class='ocrx_word' id='word_1_168' title='bbox 1557 3267 1664 3344; x_wconf 92' lang='lat' dir='ltr'><strong>nimis</strong></span> <span class='ocrx_word' id='word_1_169' title='bbox 1693 3274 1885 3362; x_wconf 88' lang='lat' dir='ltr'><strong>coeperunt</strong></span> 
     </span>
    </p>
   </div>
   <div class='ocr_carea' id='block_1_3' title="bbox 714 3376 1886 3724">
    <p class='ocr_par' dir='ltr' id='par_1_3' title="bbox 714 3376 1886 3724">
     <span class='ocr_line' id='line_1_21' title="bbox 714 3376 1882 3484; baseline -0.003 -21"><span class='ocrx_word' id='word_1_170' title='bbox 714 3390 862 3465; x_wconf 83' lang='lat' dir='ltr'><strong>deviare</strong></span> <span class='ocrx_word' id='word_1_171' title='bbox 886 3409 909 3464; x_wconf 89' lang='lat' dir='ltr'><strong>a</strong></span> <span class='ocrx_word' id='word_1_172' title='bbox 934 3387 1027 3483; x_wconf 76' lang='lat' dir='ltr'><strong>lege,</strong></span> <span class='ocrx_word' id='word_1_173' title='bbox 1045 3388 1140 3462; x_wconf 90' lang='lat' dir='ltr'><strong>sicut</strong></span> <span class='ocrx_word' id='word_1_174' title='bbox 1159 3386 1326 3462; x_wconf 89' lang='lat' dir='ltr'><strong>videmus</strong></span> <span class='ocrx_word' id='word_1_175' title='bbox 1346 3387 1512 3484; x_wconf 86' lang='lat' dir='ltr'><strong>accidere</strong></span> <span class='ocrx_word' id='word_1_176' title='bbox 1529 3386 1699 3462; x_wconf 91' lang='lat' dir='ltr'><strong>omnibus</strong></span> <span class='ocrx_word' id='word_1_177' title='bbox 1711 3376 1749 3479; x_wconf 79' lang='lat'><strong>(⁶)</strong></span> <span class='ocrx_word' id='word_1_178' title='bbox 1778 3393 1882 3480; x_wconf 91' lang='lat' dir='ltr'><strong>pote-</strong></span> 
     </span>
     <span class='ocr_line' id='line_1_22' title="bbox 714 3507 1878 3603; baseline -0.004 -19"><span class='ocrx_word' id='word_1_179' title='bbox 714 3509 867 3584; x_wconf 87' lang='lat' dir='ltr'><strong>statibus</strong></span> <span class='ocrx_word' id='word_1_180' title='bbox 884 3507 1146 3603; x_wconf 87' lang='lat' dir='ltr'><strong>temporalibus</strong></span> <span class='ocrx_word' id='word_1_181' title='bbox 1162 3513 1199 3582; x_wconf 89' lang='lat' dir='ltr'><strong>et</strong></span> <span class='ocrx_word' id='word_1_182' title='bbox 1216 3508 1473 3603; x_wconf 83' lang='lat' dir='ltr'><strong>spiritualibus,</strong></span> <span class='ocrx_word' id='word_1_183' title='bbox 1487 3527 1571 3603; x_wconf 84' lang='lat' dir='ltr'><strong>quae</strong></span> <span class='ocrx_word' id='word_1_184' title='bbox 1588 3508 1723 3582; x_wconf 79' lang='lat' dir='ltr'><strong>babent</strong></span> <span class='ocrx_word' id='word_1_185' title='bbox 1739 3508 1878 3582; x_wconf 94' lang='lat' dir='ltr'><strong>bonum</strong></span> 
     </span>
     <span class='ocr_line' id='line_1_23' title="bbox 714 3625 1886 3724; baseline -0.003 -21"><span class='ocrx_word' id='word_1_186' title='bbox 714 3627 942 3724; x_wconf 88' lang='lat' dir='ltr'><strong>principium,</strong></span> <span class='ocrx_word' id='word_1_187' title='bbox 968 3627 1031 3702; x_wconf 92' lang='lat' dir='ltr'><strong>sed</strong></span> <span class='ocrx_word' id='word_1_188' title='bbox 1056 3633 1182 3721; x_wconf 88' lang='lat' dir='ltr'><strong>postea</strong></span> <span class='ocrx_word' id='word_1_189' title='bbox 1199 3627 1375 3721; x_wconf 89' lang='lat' dir='ltr'><strong>paulatim</strong></span> <span class='ocrx_word' id='word_1_190' title='bbox 1394 3628 1582 3722; x_wconf 87' lang='lat' dir='ltr'><strong>labuntur,</strong></span> <span class='ocrx_word' id='word_1_191' title='bbox 1599 3625 1697 3701; x_wconf 90' lang='lat' dir='ltr'><strong>sicut</strong></span> <span class='ocrx_word' id='word_1_192' title='bbox 1718 3626 1805 3701; x_wconf 91' lang='lat' dir='ltr'><strong>olim</strong></span> <span class='ocrx_word' id='word_1_193' title='bbox 1823 3646 1886 3702; x_wconf 84' lang='lat' dir='ltr'><strong>ac-</strong></span> 
     </span>
    </p>
   </div>
   <div class='ocr_carea' id='block_1_4' title="bbox 706 3745 1883 4678">
    <p class='ocr_par' dir='ltr' id='par_1_4' title="bbox 706 3745 1883 4678">
     <span class='ocr_line' id='line_1_24' title="bbox 713 3745 1880 3843; baseline -0.003 -19"><span class='ocrx_word' id='word_1_194' title='bbox 713 3747 797 3824; x_wconf 86' lang='lat' dir='ltr'><strong>cidit</strong></span> <span class='ocrx_word' id='word_1_195' title='bbox 821 3747 858 3822; x_wconf 95' lang='lat' dir='ltr'><strong>in</strong></span> <span class='ocrx_word' id='word_1_196' title='bbox 883 3746 967 3843; x_wconf 94' lang='lat' dir='ltr'><strong>ipsis</strong></span> <span class='ocrx_word' id='word_1_197' title='bbox 992 3745 1166 3839; x_wconf 77' lang='lat' dir='ltr'><strong>romanie,</strong></span> <span class='ocrx_word' id='word_1_198' title='bbox 1187 3745 1236 3820; x_wconf 89' lang='lat' dir='ltr'><strong>ita</strong></span> <span class='ocrx_word' id='word_1_199' title='bbox 1261 3751 1361 3821; x_wconf 90' lang='lat' dir='ltr'><strong>recte</strong></span> <span class='ocrx_word' id='word_1_200' title='bbox 1387 3747 1424 3820; x_wconf 95' lang='lat' dir='ltr'><strong>in</strong></span> <span class='ocrx_word' id='word_1_201' title='bbox 1448 3747 1607 3841; x_wconf 76' lang='lat' dir='ltr'><strong>prelatis</strong></span> <span class='ocrx_word' id='word_1_202' title='bbox 1632 3765 1796 3821; x_wconf 76' lang='lat' dir='ltr'><strong>romanae</strong></span> <span class='ocrx_word' id='word_1_203' title='bbox 1817 3765 1880 3820; x_wconf 89' lang='lat' dir='ltr'><strong>ec·</strong></span> 
     </span>
     <span class='ocr_line' id='line_1_25' title="bbox 712 3853 1883 3966; baseline -0.003 -24"><span class='ocrx_word' id='word_1_204' title='bbox 712 3867 840 3942; x_wconf 82' lang='lat' dir='ltr'><strong>clesiae.</strong></span> <span class='ocrx_word' id='word_1_205' title='bbox 867 3866 926 3941; x_wconf 88' lang='lat' dir='ltr'><strong>Sic</strong></span> <span class='ocrx_word' id='word_1_206' title='bbox 950 3884 1041 3961; x_wconf 82' lang='lat' dir='ltr'><strong>ergo</strong></span> <span class='ocrx_word' id='word_1_207' title='bbox 1066 3863 1323 3966; x_wconf 85' lang='lat' dir='ltr'><strong>Constantinus</strong></span> <span class='ocrx_word' id='word_1_208' title='bbox 1348 3864 1494 3940; x_wconf 91' lang='lat' dir='ltr'><strong>videtur</strong></span> <span class='ocrx_word' id='word_1_209' title='bbox 1511 3864 1622 3940; x_wconf 90' lang='lat' dir='ltr'><strong>luisse</strong></span> <span class='ocrx_word' id='word_1_210' title='bbox 1631 3853 1668 3956; x_wconf 84' lang='lat'><strong>(⁷)</strong></span> <span class='ocrx_word' id='word_1_211' title='bbox 1692 3885 1805 3940; x_wconf 88' lang='lat' dir='ltr'><strong>causa</strong></span> <span class='ocrx_word' id='word_1_212' title='bbox 1823 3883 1883 3938; x_wconf 81' lang='lat' dir='ltr'><strong>rc·</strong></span> 
     </span>
     <span class='ocr_line' id='line_1_26' title="bbox 712 3983 1881 4080; baseline -0.004 -18"><span class='ocrx_word' id='word_1_213' title='bbox 712 3994 811 4063; x_wconf 88' lang='lat' dir='ltr'><strong>mota</strong></span> <span class='ocrx_word' id='word_1_214' title='bbox 848 3983 1115 4080; x_wconf 87' lang='lat' dir='ltr'><strong>depravationis</strong></span> <span class='ocrx_word' id='word_1_215' title='bbox 1149 3983 1313 4080; x_wconf 92' lang='lat' dir='ltr'><strong>ipsorum</strong></span> <span class='ocrx_word' id='word_1_216' title='bbox 1350 3986 1599 4079; x_wconf 75' lang='lat' dir='ltr'><strong>prelatorum.</strong></span> <span class='ocrx_word' id='word_1_217' title='bbox 1625 4025 1675 4038; x_wconf 99' lang='lat'>-</span> <span class='ocrx_word' id='word_1_218' title='bbox 1699 3987 1776 4058; x_wconf 73' lang='lat' dir='ltr'><strong>Alai.</strong></span> <span class='ocrx_word' id='word_1_219' title='bbox 1816 3983 1881 4058; x_wconf 87' lang='lat' dir='ltr'><strong>llic</strong></span> 
     </span>
     <span class='ocr_line' id='line_1_27' title="bbox 710 4095 1882 4199; baseline -0.004 -16"><span class='ocrx_word' id='word_1_220' title='bbox 710 4115 818 4184; x_wconf 88' lang='lat' dir='ltr'><strong>autor</strong></span> <span class='ocrx_word' id='word_1_221' title='bbox 843 4107 980 4182; x_wconf 88' lang='lat' dir='ltr'><strong>invehit</strong></span> <span class='ocrx_word' id='word_1_222' title='bbox 993 4095 1030 4199; x_wconf 80' lang='lat'><strong>(⁸)</strong></span> <span class='ocrx_word' id='word_1_223' title='bbox 1057 4112 1186 4180; x_wconf 88' lang='lat' dir='ltr'><strong>contra</strong></span> <span class='ocrx_word' id='word_1_224' title='bbox 1211 4105 1489 4180; x_wconf 89' lang='lat' dir='ltr'><strong>Constantinum</strong></span> <span class='ocrx_word' id='word_1_225' title='bbox 1512 4103 1576 4199; x_wconf 87' lang='lat' dir='ltr'><strong>qui</strong></span> <span class='ocrx_word' id='word_1_226' title='bbox 1600 4104 1744 4179; x_wconf 91' lang='lat' dir='ltr'><strong>videtur</strong></span> <span class='ocrx_word' id='word_1_227' title='bbox 1770 4103 1882 4178; x_wconf 83' lang='lat' dir='ltr'><strong>tuisse</strong></span> 
     </span>
     <span class='ocr_line' id='line_1_28' title="bbox 707 4222 1879 4319; baseline -0.008 -16"><span class='ocrx_word' id='word_1_228' title='bbox 707 4250 818 4304; x_wconf 85' lang='lat' dir='ltr'><strong>causa</strong></span> <span class='ocrx_word' id='word_1_229' title='bbox 843 4227 932 4310; x_wconf 78' lang='lat' dir='ltr'><strong>‚tanti</strong></span> <span class='ocrx_word' id='word_1_230' title='bbox 960 4225 1056 4319; x_wconf 89' lang='lat' dir='ltr'><strong>mali,</strong></span> <span class='ocrx_word' id='word_1_231' title='bbox 1082 4223 1225 4300; x_wconf 90' lang='lat' dir='ltr'><strong>dicens:</strong></span> <span class='ocrx_word' id='word_1_232' title='bbox 1252 4227 1320 4298; x_wconf 80' lang='lat' dir='ltr'><strong>Abi</strong></span> <span class='ocrx_word' id='word_1_233' title='bbox 1342 4226 1557 4316; x_wconf 67' lang='lat' dir='ltr'><strong>donstorrdn,</strong></span> <span class='ocrx_word' id='word_1_234' title='bbox 1577 4223 1670 4299; x_wconf 84' lang='lat' dir='ltr'><strong>idest</strong></span> <span class='ocrx_word' id='word_1_235' title='bbox 1686 4225 1759 4298; x_wconf 90' lang='lat' dir='ltr'><strong>beu</strong></span> <span class='ocrx_word' id='word_1_236' title='bbox 1781 4222 1879 4297; x_wconf 89' lang='lat' dir='ltr'><strong>Con·</strong></span> 
     </span>
     <span class='ocr_line' id='line_1_29' title="bbox 706 4344 1876 4441; baseline -0.005 -19"><span class='ocrx_word' id='word_1_237' title='bbox 706 4349 873 4441; x_wconf 88' lang='lat' dir='ltr'><strong>stantine,</strong></span> <span class='ocrx_word' id='word_1_238' title='bbox 899 4346 1004 4440; x_wconf 86' lang='lat' dir='ltr'><strong>quasi</strong></span> <span class='ocrx_word' id='word_1_239' title='bbox 1032 4345 1139 4437; x_wconf 84' lang='lat' dir='ltr'><strong>dicat,</strong></span> <span class='ocrx_word' id='word_1_240' title='bbox 1170 4344 1336 4418; x_wconf 89' lang='lat' dir='ltr'><strong>dolenter</strong></span> <span class='ocrx_word' id='word_1_241' title='bbox 1367 4345 1499 4438; x_wconf 81' lang='lat' dir='ltr'><strong>refero,</strong></span> <span class='ocrx_word' id='word_1_242' title='bbox 1525 4347 1564 4418; x_wconf 82' lang='lat' dir='ltr'><strong>dt</strong></span> <span class='ocrx_word' id='word_1_243' title='bbox 1587 4352 1718 4436; x_wconf 75' lang='lat' dir='ltr'><strong>quatuo</strong></span> <span class='ocrx_word' id='word_1_244' title='bbox 1743 4345 1816 4418; x_wconf 85' lang='lat' dir='ltr'><strong>mol</strong></span> <span class='ocrx_word' id='word_1_245' title='bbox 1835 4345 1876 4436; x_wconf 85' lang='lat' dir='ltr'><strong>su</strong></span> 
     </span>
     <span class='ocr_line' id='line_1_30' title="bbox 707 4462 1878 4559; baseline -0.004 -17"><span class='ocrx_word' id='word_1_246' title='bbox 707 4476 831 4558; x_wconf 72' lang='lat' dir='ltr'><strong>noune,</strong></span> <span class='ocrx_word' id='word_1_247' title='bbox 857 4467 948 4541; x_wconf 82' lang='lat' dir='ltr'><strong>idest</strong></span> <span class='ocrx_word' id='word_1_248' title='bbox 972 4485 1095 4556; x_wconf 86' lang='lat' dir='ltr'><strong>causa,</strong></span> <span class='ocrx_word' id='word_1_249' title='bbox 1113 4485 1183 4536; x_wconf 74' lang='lat' dir='ltr'><strong>raon</strong></span> <span class='ocrx_word' id='word_1_250' title='bbox 1202 4466 1238 4538; x_wconf 87' lang='lat' dir='ltr'><strong>tn</strong></span> <span class='ocrx_word' id='word_1_251' title='bbox 1256 4470 1316 4536; x_wconf 78' lang='lat' dir='ltr'><strong>uu</strong></span> <span class='ocrx_word' id='word_1_252' title='bbox 1339 4467 1558 4556; x_wconf 69' lang='lat' dir='ltr'><strong>conwoion,</strong></span> <span class='ocrx_word' id='word_1_253' title='bbox 1576 4464 1662 4559; x_wconf 90' lang='lat' dir='ltr'><strong>quia</strong></span> <span class='ocrx_word' id='word_1_254' title='bbox 1687 4462 1878 4539; x_wconf 89' lang='lat' dir='ltr'><strong>conversio</strong></span> 
     </span>
     <span class='ocr_line' id='line_1_31' title="bbox 707 4581 1876 4678; baseline -0.004 -17"><span class='ocrx_word' id='word_1_255' title='bbox 707 4597 770 4664; x_wconf 89' lang='lat' dir='ltr'><strong>tua</strong></span> <span class='ocrx_word' id='word_1_256' title='bbox 795 4587 863 4664; x_wconf 89' lang='lat' dir='ltr'><strong>luit</strong></span> <span class='ocrx_word' id='word_1_257' title='bbox 887 4585 982 4660; x_wconf 88' lang='lat' dir='ltr'><strong>utilis</strong></span> <span class='ocrx_word' id='word_1_258' title='bbox 1002 4591 1040 4660; x_wconf 89' lang='lat' dir='ltr'><strong>et</strong></span> <span class='ocrx_word' id='word_1_259' title='bbox 1056 4582 1224 4658; x_wconf 89' lang='lat' dir='ltr'><strong>salutaris</strong></span> <span class='ocrx_word' id='word_1_260' title='bbox 1242 4581 1303 4658; x_wconf 95' lang='lat' dir='ltr'><strong>tibi</strong></span> <span class='ocrx_word' id='word_1_261' title='bbox 1323 4589 1360 4658; x_wconf 90' lang='lat' dir='ltr'><strong>et</strong></span> <span class='ocrx_word' id='word_1_262' title='bbox 1377 4583 1575 4660; x_wconf 87' lang='lat' dir='ltr'><strong>universali</strong></span> <span class='ocrx_word' id='word_1_263' title='bbox 1600 4583 1876 4678; x_wconf 60' lang='lat' dir='ltr'><strong>ecclesieque</strong></span> 
     </span>
    </p>
   </div>
   <div class='ocr_carea' id='block_1_5' title="bbox 768 4771 1808 5146">
    <p class='ocr_par' dir='ltr' id='par_1_5' title="bbox 768 4771 1512 4841">
     <span class='ocr_line' id='line_1_32' title="bbox 768 4771 1512 4841; baseline -0.003 -14"><span class='ocrx_word' id='word_1_264' title='bbox 768 4778 794 4840; x_wconf 84' lang='lat'><strong>(¹)</strong></span> <span class='ocrx_word' id='word_1_265' title='bbox 811 4777 842 4828; x_wconf 83' lang='lat' dir='ltr'><strong>li.</strong></span> <span class='ocrx_word' id='word_1_266' title='bbox 860 4780 989 4841; x_wconf 65' lang='lat' dir='ltr'><strong>precepta</strong></span> <span class='ocrx_word' id='word_1_267' title='bbox 1005 4773 1070 4838; x_wconf 74' lang='lat' dir='ltr'><strong>legis</strong></span> <span class='ocrx_word' id='word_1_268' title='bbox 1085 4773 1178 4823; x_wconf 75' lang='lat' dir='ltr'><strong>divisus</strong></span> <span class='ocrx_word' id='word_1_269' title='bbox 1195 4771 1303 4823; x_wconf 83' lang='lat' dir='ltr'><strong>suntad</strong></span> <span class='ocrx_word' id='word_1_270' title='bbox 1320 4779 1512 4824; x_wconf 84' lang='lat' dir='ltr'><strong>ornamentum.</strong></span> 
     </span>
    </p>

    <p class='ocr_par' dir='ltr' id='par_1_6' title="bbox 768 4847 1808 5067">
     <span class='ocr_line' id='line_1_33' title="bbox 768 4847 1808 4914; baseline -0.004 -12"><span class='ocrx_word' id='word_1_271' title='bbox 768 4851 796 4914; x_wconf 63' lang='grc' dir='ltr'><strong>Ρ)</strong></span> <span class='ocrx_word' id='word_1_272' title='bbox 811 4853 842 4903; x_wconf 83' lang='lat' dir='ltr'><strong>E.</strong></span> <span class='ocrx_word' id='word_1_273' title='bbox 859 4858 897 4902; x_wconf 82' lang='lat' dir='ltr'><strong>est</strong></span> <span class='ocrx_word' id='word_1_274' title='bbox 913 4852 1064 4901; x_wconf 74' lang='lat' dir='ltr'><strong>maritaret</strong></span> <span class='ocrx_word' id='word_1_275' title='bbox 1080 4860 1196 4912; x_wconf 75' lang='lat' dir='ltr'><strong>sponsus.</strong></span> <span class='ocrx_word' id='word_1_276' title='bbox 1511 4859 1515 4864; x_wconf 85' lang='lat'>&#39;</span> <span class='ocrx_word' id='word_1_277' title='bbox 1542 4847 1569 4911; x_wconf 79' lang='lat'><strong>[¹]</strong></span> <span class='ocrx_word' id='word_1_278' title='bbox 1585 4849 1616 4900; x_wconf 80' lang='lat' dir='ltr'><strong>lt</strong></span> <span class='ocrx_word' id='word_1_279' title='bbox 1633 4849 1808 4900; x_wconf 77' lang='lat' dir='ltr'><strong>douruonem.</strong></span> 
     </span>
     <span class='ocr_line' id='line_1_34' title="bbox 769 4925 1807 4993; baseline -0.006 -13"><span class='ocrx_word' id='word_1_280' title='bbox 769 4929 795 4991; x_wconf 74' lang='lat'><strong>(⁸)</strong></span> <span class='ocrx_word' id='word_1_281' title='bbox 812 4929 843 4980; x_wconf 83' lang='grc' dir='ltr'><strong>Ε.</strong></span> <span class='ocrx_word' id='word_1_282' title='bbox 860 4933 1051 4993; x_wconf 72' lang='lat' dir='ltr'><strong>prompturum</strong></span> <span class='ocrx_word' id='word_1_283' title='bbox 1068 4925 1140 4990; x_wconf 71' lang='lat' dir='ltr'><strong>lepis,</strong></span> <span class='ocrx_word' id='word_1_284' title='bbox 1156 4925 1226 4988; x_wconf 82' lang='lat' dir='ltr'><strong>qula.</strong></span> <span class='ocrx_word' id='word_1_285' title='bbox 1541 4926 1569 4988; x_wconf 69' lang='grc' dir='ltr'><strong>ι’)</strong></span> <span class='ocrx_word' id='word_1_286' title='bbox 1585 4925 1617 4976; x_wconf 80' lang='lat' dir='ltr'><strong>li.</strong></span> <span class='ocrx_word' id='word_1_287' title='bbox 1632 4925 1807 4978; x_wconf 75' lang='lat' dir='ltr'><strong>demtionem.</strong></span> 
     </span>
     <span class='ocr_line' id='line_1_35' title="bbox 770 5001 1106 5067; baseline -0.012 -11"><span class='ocrx_word' id='word_1_288' title='bbox 770 5005 796 5067; x_wconf 60' lang='grc' dir='ltr'><strong>Γ)</strong></span> <span class='ocrx_word' id='word_1_289' title='bbox 813 5005 844 5056; x_wconf 83' lang='grc' dir='ltr'><strong>Ε.</strong></span> <span class='ocrx_word' id='word_1_290' title='bbox 860 5018 876 5055; x_wconf 82' lang='grc' dir='ltr'><strong>ο</strong></span> <span class='ocrx_word' id='word_1_291' title='bbox 891 5003 918 5054; x_wconf 88' lang='lat' dir='ltr'><strong>S.</strong></span> <span class='ocrx_word' id='word_1_292' title='bbox 934 5004 961 5054; x_wconf 86' lang='lat' dir='ltr'><strong>in</strong></span> <span class='ocrx_word' id='word_1_293' title='bbox 976 5001 1106 5054; x_wconf 83' lang='lat' dir='ltr'><strong>omnibus.</strong></span> 
     </span>
    </p>

    <p class='ocr_par' dir='ltr' id='par_1_7' title="bbox 769 5077 1751 5146">
     <span class='ocr_line' id='line_1_36' title="bbox 769 5077 1751 5146; baseline -0.001 -16"><span class='ocrx_word' id='word_1_294' title='bbox 769 5081 796 5146; x_wconf 66' lang='grc' dir='ltr'><strong>ς’)</strong></span> <span class='ocrx_word' id='word_1_295' title='bbox 812 5081 843 5132; x_wconf 86' lang='lat' dir='ltr'><strong>lt.</strong></span> <span class='ocrx_word' id='word_1_296' title='bbox 859 5079 937 5132; x_wconf 74' lang='lat' dir='ltr'><strong>iubos</strong></span> <span class='ocrx_word' id='word_1_297' title='bbox 953 5087 1030 5130; x_wconf 80' lang='lat' dir='ltr'><strong>cauta</strong></span> <span class='ocrx_word' id='word_1_298' title='bbox 1047 5077 1111 5129; x_wconf 83' lang='lat' dir='ltr'><strong>tanti</strong></span> <span class='ocrx_word' id='word_1_299' title='bbox 1126 5077 1188 5127; x_wconf 81' lang='lat' dir='ltr'><strong>mali</strong></span> <span class='ocrx_word' id='word_1_300' title='bbox 1203 5082 1230 5128; x_wconf 83' lang='lat' dir='ltr'><strong>et</strong></span> <span class='ocrx_word' id='word_1_301' title='bbox 1245 5090 1322 5128; x_wconf 78' lang='lat' dir='ltr'><strong>cuma</strong></span> <span class='ocrx_word' id='word_1_302' title='bbox 1338 5083 1447 5132; x_wconf 76' lang='lat' dir='ltr'><strong>nmota.</strong></span> <span class='ocrx_word' id='word_1_303' title='bbox 1539 5079 1569 5142; x_wconf 50' lang='grc' dir='ltr'><strong>(ἢ</strong></span> <span class='ocrx_word' id='word_1_304' title='bbox 1586 5083 1639 5140; x_wconf 80' lang='lat' dir='ltr'><strong>tlt.</strong></span> <span class='ocrx_word' id='word_1_305' title='bbox 1656 5079 1751 5140; x_wconf 49' lang='lat' dir='ltr'><strong>irruit¹</strong></span> 
     </span>
    </p>
   </div>
   <div class='ocr_carea' id='block_1_6' title="bbox 0 0 2268 6836">
    <p class='ocr_par' dir='ltr' id='par_1_8' title="bbox 0 0 2268 6836">
     <span class='ocr_line' id='line_1_37' title="bbox 0 0 2268 6836; baseline 0 7"><span class='ocrx_word' id='word_1_306' title='bbox 0 0 2268 6836; x_wconf 95' lang='lat' dir='ltr'><strong> </strong></span> 
     </span>
    </p>
   </div>
  </div>
 </body>
</html>
