4566 6844
738 951 808 1019 546
1134 964 1337 1024 ΟΟΙΕΝΤΙΙΜ
1361 963 1513 1018 runcum

736 1115 791 1184 set
816 1115 890 1183 tam
908 1087 1075 1204 pulcram
1095 1110 1323 1206 sepulturam
1342 1110 1379 1184 iu
1397 1118 1513 1204 terra;
1531 1107 1658 1202 sicque
1675 1109 1857 1204 integrato
1868 1103 1904 1202 ι’)

735 1229 858 1304 acrius
886 1228 1015 1322 proelio
1047 1227 1164 1304 lactus
1197 1227 1252 1305 est
1284 1229 1409 1324 victor,
1437 1229 1598 1304 imitatus
1631 1228 1906 1323 quodammodo

736 1349 947 1443 exemplum
966 1349 1140 1442 Torquati
1158 1349 1313 1444 romani,
1329 1349 1392 1443 qui
1407 1349 1522 1422 tilium
1541 1349 1719 1424 victorem
1738 1349 1813 1424 vita
1831 1349 1906 1444 pri·

736 1470 844 1544 vavit.
872 1469 942 1544 Sed
969 1470 1026 1543 bic
1052 1458 1214 1544 nascitur
1238 1469 1415 1545 dubitatio
1440 1470 1486 1544 de
1515 1489 1561 1544 eo
1589 1469 1688 1563 quod
1714 1477 1823 1544 autor
1849 1470 1905 1545 di-

736 1591 796 1684 cit,
826 1589 925 1684 quod
953 1590 1021 1666 iste
1050 1590 1190 1666 Brunca
1219 1591 1414 1666 damnatus
1440 1597 1495 1664 est
1528 1590 1574 1674 ad
1605 1590 1789 1665 internum
1818 1596 1905 1665 aute

736 1710 973 1806 parricidium
998 1717 1262 1807 perpetratum.
1280 1710 1481 1786 Dicendum
1498 1708 1661 1786 breviter
1677 1710 1777 1803 quod
1793 1718 1904 1785 autor

736 1830 967 1906 subtilissime
991 1831 1061 1905 boc
1086 1830 1207 1928 tingit3
1235 1851 1301 1928 per
1324 1831 1395 1906 boc
1425 1829 1522 1906 enim
1557 1828 1692 1926 ligurat
1725 1828 1825 1923 quod
1858 1849 1903 1904 ex

737 1970 812 2044 quo
839 1952 950 2025 bomo
976 1951 1141 2046 concepit
1166 1951 1287 2026 iacere
1312 1957 1517 2046 peccatum,
1538 1949 1752 2024 deliberavit
1777 1955 1814 2024 et
1840 1949 1904 2023 tir-

737 2071 862 2166 mavit,
883 2071 962 2166 jam
992 2071 1156 2165 peccavit
1187 2070 1224 2144 iu
1255 2077 1451 2166 conspectu
1485 2069 1562 2164 llei,
1588 2069 1638 2143 ita
1669 2070 1767 2163 quod
1798 2075 1904 2144 actus

736 2192 897 2267 exterior
922 2212 996 2266 uon
1020 2191 1118 2266 addit
1142 2212 1254 2286 supra
1279 2197 1497 2288 conceptum
1524 2189 1750 2282 interiorem,
1776 2191 1842 2264 nisi
1869 2191 1904 2264 in

736 2319 878 2388 tautum
905 2311 1004 2408 quod
1043 2312 1079 2386 in
1117 2312 1194 2408 ipso
1231 2318 1316 2387 actu
1355 2311 1501 2386 animus
1527 2309 1644 2406 magis
1679 2311 1904 2406 accenditur,

736 2431 977 2506 confirmatur
996 2439 1034 2508 et
1050 2431 1264 2525 delectatur,
1283 2431 1377 2506 sicut
1393 2429 1639 2505 communiter
1656 2435 1780 2505 tenent
1798 2432 1903 2506 theo-

737 2552 820 2648 logi.
847 2553 890 2625 Et
916 2551 1045 2625 ultimo
1071 2550 1184 2626 irater
1208 2551 1397 2626 abericus
1414 2551 1504 2645 petit
1519 2549 1798 2625 subventionem
1818 2572 1904 2647 pro-

737 2671 886 2746 missam
917 2671 982 2745 sibi
1014 2670 1061 2746 ab
1089 2677 1233 2766 autore,
1258 2671 1403 2746 diceus:
1430 2691 1489 2744 mc
1513 2673 1661 2744 damam
1685 2674 1841 2762 opptmct
1865 2675 1903 2744 io

736 2810 807 2883 pou
831 2795 867 2864 to
892 2811 1012 2884 ιιιαιιο,
1043 2790 1178 2867 scilicet
1207 2811 1337 2866 versus
1365 2791 1495 2866 iacicm
1526 2811 1660 2884 meam,
1691 2793 1821 2886 uptam
1852 2794 1904 2884 pti

735 2915 849 2988 molti:
875 2919 912 2987 et
936 2912 1020 2989 dicit
1045 2919 1166 3006 autor,
1183 2918 1215 2985 et
1236 2915 1271 2984 to
1287 2932 1358 2984 oon
1382 2915 1482 3002 pltete
1500 2914 1634 3004 opero:
1652 2917 1689 2987 et
1706 2912 1793 3004 quia
1818 2931 1903 3006 pos·

735 3043 791 3108 set
814 3032 940 3108 obiici:
965 3052 1055 3128 ergo
1082 3038 1120 3106 tu
1139 3031 1235 3106 luisti
1256 3031 1437 3126 periurus,
1455 3038 1492 3106 et
1508 3031 1666 3106 debebas
1683 3031 1738 3106 ire
1754 3031 1800 3106 ad
1817 3029 1903 3105 luu-

737 3153 826 3227 dum
847 3151 993 3249 glaciei3
1019 3151 1089 3226 boc
1115 3157 1281 3226 removet
1305 3157 1414 3227 autor
1439 3150 1578 3226 dicens:
1603 3173 1622 3222 e
1643 3154 1793 3225 corteno
1814 3155 1855 3246 sc
1881 3145 1905 3226 tl

735 3293 829 3346 esser
854 3274 995 3346 υιἨαιιο.
1022 3273 1092 3348 Per
1117 3272 1187 3346 boc
1210 3277 1319 3345 autor
1338 3271 1401 3345 dat
1417 3271 1579 3366 intelligi,
1596 3270 1695 3364 quod
1715 3272 1815 3346 nulla
1832 3272 1903 3346 mi-

735 3391 946 3485 sericordia,
972 3392 1072 3465 nulla
1097 3390 1300 3486 compassio
1333 3396 1388 3465 est
1418 3390 1623 3484 praestanda
1651 3391 1699 3464 ab
1724 3399 1901 3467 extraneo

738 3511 874 3589 bomini
900 3516 975 3585 tam
992 3510 1152 3606 crudeli,
1179 3510 1243 3606 qui
1268 3510 1407 3584 nullam
1434 3511 1543 3586 habct
1566 3511 1737 3606 pietatem
1755 3512 1802 3586 dc
1818 3533 1904 3586 sau-

735 3630 848 3726 guine
873 3649 953 3723 suo,
980 3629 1054 3704 imo
1080 3631 1180 3704 nulla
1202 3629 1290 3707 tides
1307 3630 1486 3704 servanda
1503 3637 1559 3706 est
1573 3630 1902 3726 proditori-Abi.

737 3750 842 3824 Nunc
865 3756 976 3824 autor
1002 3749 1096 3824 iacta
1121 3748 1194 3824 line
1222 3749 1378 3824 orationi
1406 3749 1562 3826 alberici
1592 3751 1689 3827 circa
1723 3753 1901 3828 Braucam

732 3871 964 3966 januensem,
996 3870 1114 3968 gratia
1145 3869 1239 3944 illius
1269 3869 1493 3946 adsunam
1527 3870 1743 3946 invectivam
1774 3879 1902 3948 contra
2010 3869 2012 3874 ’

735 3997 855 4066 toturn
886 4011 1004 4090 genus
1037 3990 1286 4086 januensium,
1316 3990 1462 4066 diceus:
1494 3993 1573 4081 ΑΜ,
1606 3991 1707 4086 idest,
1738 3992 1903 4068 dolenter

735 4110 835 4186 dico:
858 4114 1037 4202 camarae,
1058 4114 1190 4186 comici
1205 4115 1335 4186 diverat
1351 4113 1385 4184 d'
1398 4113 1482 4204 opat
1497 4117 1658 4204 costuma,
1677 4111 1777 4207 idest,
1795 4113 1901 4189 alicui

734 4231 782 4307 ab
814 4231 986 4308 omnibus
1017 4231 1096 4306 aliis
1128 4230 1338 4307 bominibus
1374 4230 1409 4305 in
1440 4232 1615 4326 moribus,
1645 4232 1827 4328 praecipue
1866 4234 1902 4308 in

735 4351 932 4447 cupiditate
949 4351 1138 4446 quaerendi
1155 4359 1192 4427 ct
1209 4351 1385 4448 parcitate
1404 4351 1583 4426 servandi.
1602 4352 1696 4428 Nulli
1713 4353 1810 4427 enim
1833 4353 1903 4428 ita·

736 4471 793 4546 lici
819 4471 947 4547 vivunt
971 4471 1153 4566 miserius,
1179 4471 1263 4546 licet
1293 4471 1329 4545 in
1360 4478 1536 4566 apparatu
1570 4477 1607 4546 et
1636 4480 1769 4547 ornatu
1799 4480 1903 4548 crte-

735 4590 824 4664 riori
855 4591 926 4666 sint
957 4591 1153 4688 splendidi;
1179 4597 1216 4667 et
1248 4591 1356 4667 dicit:
1389 4595 1515 4686 epten
1546 4595 1677 4686 d'opui
1707 4615 1902 4688 mapcpnu,

736 4709 840 4804 idest,
864 4710 965 4784 omui
990 4731 1129 4808 genere
1155 4710 1252 4805 mali,
1264 4707 1397 4806 percld
1414 4733 1486 4785 noo
1509 4715 1590 4788 sa'ctc
1613 4716 1671 4788 voi
1694 4715 1751 4788 dcl
1775 4717 1903 4788 mundo

737 4832 873 4923 persi?
897 4829 1000 4926 idest,
1026 4829 1155 4926 perditi
1181 4830 1227 4906 de
1252 4831 1391 4905 mundo
1416 4851 1482 4926 per
1506 4851 1618 4926 quem
1647 4833 1804 4907 multum
1835 4855 1902 4909 va·

783 4998 840 5006 -ι

796 5089 825 5155 (·)
841 5094 895 5150 ιιι,
911 5093 1078 5158 runcano
