4566 6844
705 977 843 1034 esurus
868 977 1083 1034 rurorsruos
1107 977 1285 1045 cusanus.
1509 965 1578 1033 563

407 1126 567 1216 nicanori
590 1144 615 1196 o
640 1127 671 1198 tc
696 1124 1140 1219 marcomannicum
1166 1123 1323 1200 habebat
1348 1141 1497 1218 manas,
1519 1121 1582 1198 sed

411 1249 611 1343 quamdam
624 1249 794 1326 sundram
809 1251 944 1345 tanam,
962 1253 1105 1342 quondo
1121 1252 1212 1322 rau
1226 1251 1311 1343 sture
1333 1254 1452 1340 apoc
1470 1250 1580 1339 mcci,

409 1375 447 1442 et
472 1369 535 1462 sic,
559 1371 688 1444 ducac
708 1373 831 1463 pescia
853 1365 914 1462 ctu
943 1373 982 1444 ct
1014 1373 1102 1444 mtto
1134 1373 1170 1442 in
1205 1369 1306 1460 celto,
1331 1367 1513 1466 gradatim
1545 1374 1582 1442 et

409 1487 595 1583 paulatim,
622 1493 695 1562 troi
718 1492 805 1584 sotto
830 1491 925 1583 peto,
951 1489 1053 1585 idest,
1079 1490 1156 1565 aias
1186 1489 1374 1584 pilosas,c
1408 1491 1438 1562 le
1470 1490 1583 1580 notate
1673 1565 1679 1577 ,

408 1614 532 1703 eoru,
558 1608 660 1703 idest,
686 1615 724 1686 et
748 1609 863 1704 ipsam
894 1609 1050 1706 glaciem
1080 1608 1313 1706 gelidam-
1330 1611 1488 1698 Quando.
1515 1607 1580 1682 Hic

408 1733 520 1804 autor
544 1727 699 1803 ostendit
725 1729 911 1823 quomodo
936 1728 1169 1804 transiverint
1184 1723 1220 1822 (¹)
1236 1735 1417 1822 centrum,
1437 1735 1474 1802 et
1492 1747 1577 1823 per-

410 1853 593 1924 venerunt
616 1849 664 1923 ad
689 1848 788 1924 aliud
813 1849 1076 1945 hemisperium
1102 1849 1262 1926 interius.
1289 1849 1392 1924 Unde
1416 1849 1519 1925 dicit:
1546 1851 1581 1922 lo

408 1971 499 2042 duco
525 1971 679 2042 vetreto
704 1976 789 2044 testu
812 1972 948 2061 oo'entr'
972 1990 1062 2044 coeo
1092 1973 1123 2044 tc
1151 1973 1303 2063 donem,
1335 1969 1438 2065 idest,
1472 1969 1581 2046 vertit

408 2098 521 2183 caput
544 2089 608 2163 ubi
633 2090 753 2184 primo
778 2089 935 2166 habehat
959 2090 1070 2184 pedes
1085 2082 1135 2185 (²),
1159 2113 1225 2165 coo
1247 2095 1358 2186 sotice
1381 2113 1400 2165 e
1425 2112 1490 2164 con
1515 2112 1581 2165 on-

407 2211 541 2298 qooa'o,
567 2210 710 2300 quondo
733 2210 794 2282 not
815 2213 950 2303 summo
975 2201 1011 2284 td
1037 2212 1125 2286 doce
1149 2213 1186 2285 to
1210 2215 1326 2286 coscio
1341 2215 1373 2286 si
1390 2213 1488 2304 uotae
1512 2232 1580 2304 up-

405 2333 513 2420 punto
529 2329 568 2399 in
583 2329 640 2400 sut
655 2347 783 2418 urcem
802 2331 846 2402 de
865 2331 1015 2421 ranae,
1033 2330 1125 2406 idest
1140 2331 1177 2404 in
1198 2331 1355 2426 natibus,
1372 2339 1406 2404 ct
1421 2353 1580 2424 aaaron·

402 2451 502 2540 possi
526 2451 566 2521 ct
582 2451 676 2540 pelo,
701 2448 847 2524 illarum
875 2450 1032 2544 alarum,
1058 2471 1143 2544 quae
1168 2457 1275 2525 erant
1300 2451 1405 2526 valde
1429 2451 1580 2526 subtiles

407 2573 445 2642 et
469 2567 602 2661 dense,
628 2571 809 2642 com’uom
835 2571 895 2643 cte
922 2571 1009 2661 san,
1036 2569 1139 2664 idest,
1165 2570 1338 2665 ascendit
1369 2570 1432 2646 ubi
1461 2570 1581 2666 primo

410 2687 538 2764 solitus
562 2694 642 2764 erat
667 2708 813 2784 semper
830 2690 1090 2766 descenderea
1111 2689 1285 2785 principio
1302 2690 1431 2764 interni
1458 2712 1576 2784 usque

410 2807 457 2882 ad
483 2807 613 2902 tinem3
641 2809 738 2882 unde
761 2808 865 2887 dicit:
890 2801 998 2882 dcto
1022 2813 1060 2884 iu
1083 2813 1222 2904 insono
1244 2813 1279 2883 to
1298 2812 1424 2884 medea
1448 2817 1576 2884 tornac

409 2930 528 3002 aucte.
555 2929 608 3004 Ad
633 2928 915 3004 declarationem
934 2929 1037 3004 istius
1053 2930 1179 3024 litera,
1198 2949 1282 3022 quae
1303 2930 1415 3026 vulgo
1432 2928 1577 3004 videtur

409 3050 579 3144 obscura,
596 3050 680 3124 volo
705 3055 743 3124 te
768 3048 972 3146 imaginari,
990 3050 1088 3144 quod
1110 3051 1139 3124 si
1161 3057 1259 3126 terra
1276 3055 1371 3126 esset
1396 3050 1433 3124 in
1458 3049 1579 3125 medio

410 3170 605 3263 perforata,
623 3169 672 3244 ita
697 3169 796 3262 qued
821 3170 988 3246 toramen
1014 3170 1185 3245 transiret
1209 3191 1275 3266 per
1301 3175 1420 3245 totum
1446 3175 1580 3264 corpus

408 3309 527 3383 usque
545 3287 598 3363 ad
622 3287 721 3362 eliud
751 3289 1025 3384 hemisperium,
1051 3296 1088 3364 et
1111 3289 1242 3384 aliquis
1267 3291 1460 3385 proiiceret
1489 3290 1581 3386 tapi-

407 3408 491 3482 dem
517 3428 584 3502 per
609 3408 788 3502 toramen,
813 3409 902 3503 lapis
934 3409 994 3484 itte
1023 3411 1232 3504 perueniret
1265 3431 1384 3504 usque
1414 3409 1461 3486 ad
1491 3429 1580 3485 cen-

409 3531 507 3600 trum
526 3532 647 3622 terrra,
668 3534 706 3602 et
731 3527 760 3601 si
786 3527 958 3603 transiret
980 3536 1150 3606 centrum
1169 3538 1273 3604 motu
1293 3530 1464 3625 uiolento,
1488 3530 1581 3604 nitri-

408 3645 569 3722 tominus
594 3652 844 3724 reverteretur
868 3647 914 3722 ad
944 3655 1125 3742 centrum,
1152 3657 1190 3724 et
1221 3649 1426 3743 quiesceret
1451 3651 1518 3744 ibi;
1544 3655 1581 3725 et

408 3772 464 3840 est
489 3767 582 3842 ratio
607 3767 795 3860 naturalis
821 3767 909 3861 quia
933 3788 1044 3844 omne
1073 3788 1188 3864 grave
1219 3770 1437 3846 naturaiiter
1467 3769 1581 3844 tendit

409 3885 455 3959 ad
480 3893 670 3979 centrum3
699 3886 795 3962 unde
811 3876 846 3976 (³)
873 3887 902 3960 si
930 3887 1111 3981 transiret
1133 3894 1220 3962 tunc
1236 3887 1460 3982 ascenderet,
1479 3889 1577 3983 quod

409 4009 465 4080 est
484 4004 703 4100 impossihile
722 4026 789 4100 per
807 4012 989 4081 naturam.
1008 4006 1113 4081 Modo
1133 4006 1180 4080 ad
1199 4007 1425 4102 propositum
1445 4008 1580 4082 Dentes

408 4123 611 4200 secundum
629 4146 735 4200 suam
755 4125 937 4202 fictionem
952 4125 1191 4202 descenderat
1209 4127 1390 4221 usquead
1408 4136 1578 4204 centrum

409 4251 529 4338 terre,
556 4264 623 4320 uec
640 4245 787 4320 volebat
804 4245 1047 4340 retrocedere,
1069 4246 1155 4340 quia
1179 4247 1327 4322 nolebat
1353 4248 1488 4325 reverti
1512 4269 1580 4345 per

407 4363 576 4440 eamdem
603 4365 712 4440 viam.
739 4364 872 4440 Volens
897 4365 1008 4462 igitur
1034 4366 1189 4442 transire
1215 4367 1312 4443 ultra
1337 4374 1507 4442 centrum
1532 4369 1579 4444 ad

406 4485 506 4562 aliud
531 4485 804 4581 hemisperium,
829 4486 877 4561 de
901 4485 1115 4564 necessitate
1141 4487 1333 4582 oportebat
1353 4488 1453 4581 quod
1469 4509 1578 4586 egre-

407 4603 560 4682 deretur
583 4625 651 4700 per
675 4605 783 4680 aliam
810 4611 953 4701 partem
978 4626 1065 4681 cum
1091 4606 1209 4701 capite
1234 4613 1319 4682 ante
1335 4595 1383 4699 (⁸).
1410 4608 1453 4682 Et
1478 4609 1580 4704 ponit

408 4726 699 4801 exhortationem
726 4725 863 4822 Virgilii
889 4727 935 4801 ad
961 4747 1012 4821 se,
1038 4727 1180 4801 dicens:
1201 4730 1399 4802 dmocsuo
1418 4731 1580 4803 emendo

407 4849 588 4920 com'uom
614 4849 722 4938 tasso,
747 4849 859 4920 desc:
884 4849 1014 4922 oweno
1029 4848 1125 4944 benc,
1147 4867 1194 4923 ne
1220 4846 1360 4922 recidas
1385 4847 1422 4920 iu
1449 4869 1579 4924 manus

470 5033 498 5096 (¹)
514 5033 545 5084 B.
562 5035 743 5100 monstrarunt.
964 5031 993 5098 (¹)
1009 5034 1040 5085 B.
1057 5047 1150 5085 cum.

470 5108 636 5174 (thid,
963 5111 1291 5172 (absumentem.
