4566 6844
741 949 812 1018 638
1136 957 1339 1016 mumma
1365 955 1515 1013 mmm

740 1105 833 1182 citiae
858 1105 895 1179 in
920 1105 1006 1199 istis,
1033 1103 1096 1198 qui
1122 1115 1197 1182 tam
1222 1103 1419 1180 crudeliter
1443 1104 1675 1180 violaverunt
1697 1123 1803 1179 saera
1818 1105 1906 1199 jura

739 1245 888 1318 mensae,
914 1223 1013 1318 quod
1038 1223 1124 1298 nihil
1150 1224 1287 1299 babent
1310 1223 1453 1319 pietatis
1480 1226 1662 1317 humane,
1687 1230 1727 1298 ut
1747 1225 1826 1319 jam
1852 1222 1908 1298 di·

739 1350 842 1419 ctum
860 1349 914 1417 est
934 1349 972 1417 et
992 1343 1113 1418 statim
1139 1343 1270 1418 melius
1293 1343 1436 1418 dicetur
1451 1337 1500 1436 (¹).
1515 1349 1623 1418 -Et
1639 1363 1697 1416 ure
1716 1343 1822 1416 Nunc
1839 1361 1909 1418 au-

739 1469 798 1537 tor
824 1461 995 1536 describit
1019 1461 1056 1535 in
1082 1461 1226 1556 speciali
1249 1483 1367 1537 unum
1388 1462 1613 1558 singularem
1634 1460 1802 1557 spiritum
1825 1480 1908 1535 mo-

737 1581 897 1656 dernum
922 1580 969 1655 de
993 1580 1088 1655 dicta
1108 1581 1238 1675 specle,
1257 1601 1368 1676 quem
1392 1581 1588 1656 introducit
1608 1581 1655 1657 ad
1679 1579 1905 1674 loquendum

738 1707 776 1775 et
813 1700 1011 1795 petendum
1044 1701 1320 1776 subventionem
1351 1701 1400 1775 ab
1430 1720 1494 1795 θος
1521 1699 1619 1775 unde
1655 1699 1758 1775 dicit:
1788 1707 1821 1774 ct
1856 1719 1906 1773 sut

738 1823 791 1894 dc'
805 1823 895 1892 busti
913 1821 956 1892 dc
972 1822 1008 1893 lu
1029 1823 1160 1913 srcddu
1183 1826 1313 1911 crustu,
1334 1819 1438 1914 idest,
1455 1819 1502 1894 de
1517 1819 1635 1916 glacie
1659 1839 1744 1913 quae
1770 1817 1906 1894 claudit

738 1939 833 2013 intra
859 1957 899 2013 se
923 1938 1126 2033 proditores
1150 1940 1301 2036 gelatos,
1326 1939 1420 2014 sicut
1444 1945 1569 2014 crusta
1598 1938 1733 2015 claudit
1757 1938 1904 2035 anguil-

738 2058 801 2150 las,
827 2051 932 2148 potat
957 2080 981 2131 a
1005 2061 1087 2131 nol:
1112 2064 1150 2132 et
1177 2058 1296 2153 primo
1320 2057 1389 2132 iste
1418 2057 1564 2152 spiritus
1589 2057 1676 2133 lacit
1705 2057 1901 2132 exordium

738 2178 847 2272 quale
866 2178 1034 2254 convenit
1051 2177 1307 2273 proditoribus,
1323 2179 1463 2254 diceus:
1478 2181 1629 2252 numme
1644 2179 1777 2252 nuduli
1793 2183 1903 2268 tanto,

735 2298 796 2370 obe
820 2299 905 2371 datu
931 2293 996 2370 v’d
1017 2300 1040 2370 Γ
1052 2300 1173 2370 ultrm
1185 2304 1303 2389 postu,
1323 2297 1410 2391 quia
1426 2297 1531 2392 positi
1553 2296 1638 2371 estis
1655 2295 1691 2372 in
1712 2295 1825 2370 lundo
1849 2295 1907 2370 in-

575 2424 586 2452 ·
736 2415 828 2490 ferni
854 2421 1003 2510 propter
1027 2415 1279 2490 crudelitatem
1305 2422 1478 2510 vestram,
1500 2421 1537 2492 et
1557 2416 1732 2510 deputata
1756 2421 1812 2490 est
1838 2434 1906 2488 vo·

737 2535 791 2608 bis
825 2555 933 2630 poena
965 2541 1132 2610 extrema
1162 2535 1328 2609 omnium
1363 2555 1570 2630 poenarum,
1597 2533 1702 2629 quasi
1732 2533 1902 2608 dicat:o

736 2653 831 2727 bene
856 2653 1043 2729 venientes
1069 2653 1199 2729 iratres
1226 2654 1297 2729 mei
1324 2654 1409 2729 boni
1426 2653 1650 2750 proditorem
1676 2652 1905 2749 imaginaba-

737 2781 798 2848 tur
823 2774 922 2848 enim
949 2773 1017 2849 iste
1042 2773 1140 2868 quod
1173 2775 1230 2850 isti
1260 2781 1381 2850 esseut
1412 2775 1616 2870 proditores
1640 2773 1816 2866 damnati,
1841 2773 1906 2866 qui

736 2913 855 2989 nuper
880 2893 1064 2970 venissent
1086 2895 1133 2969 ad
1158 2913 1317 2989 poenam,
1335 2895 1422 2988 qula
1438 2894 1705 2970 commisissent
1728 2892 1905 2989 proditio·

734 3033 820 3089 nem
846 3013 892 3087 ad
918 3033 1095 3108 mensam,
1121 3013 1214 3089 sicut
1238 3013 1315 3109 ipse
1338 3015 1487 3109 lecerat,
1507 3021 1545 3090 et
1566 3014 1651 3090 lacit
1675 3013 1900 3110 petitionem,

734 3131 876 3207 dicens:
902 3135 1059 3206 beamus·
1082 3135 1147 3207 dul
1168 3136 1276 3208 aboi
1299 3136 1382 3208 aas
1401 3137 1480 3225 cell,
1496 3133 1599 3228 idest,
1616 3133 1695 3208 illas
1715 3133 1898 3228 lacrymas

733 3253 784 3327 ita
809 3254 947 3350 gelatas
970 3261 1009 3328 ct
1033 3251 1232 3348 induratas,
1257 3272 1342 3347 quae
1371 3253 1541 3328 velabant
1568 3252 1695 3328 oculos
1724 3252 1816 3346 eius,
1852 3251 1902 3326 ita

733 3372 833 3467 quod
858 3392 930 3446 non
955 3378 1097 3467 poterat
1122 3391 1185 3446 eos
1210 3371 1284 3446 ullo
1304 3372 1414 3446 modo
1431 3372 1587 3468 aperire,
1604 3377 1670 3448 aut
1686 3370 1823 3466 abquid
1844 3370 1900 3443 vi-

732 3492 832 3586 dere,
850 3499 888 3567 et
908 3511 995 3568 ecce
1021 3511 1150 3586 quare,
1174 3486 1204 3565 sl
1220 3495 1319 3566 cb'io
1335 3495 1450 3586 ssoptt
1465 3495 1623 3584 tidelm,
1641 3493 1744 3586 idest,
1766 3512 1899 3588 parum

734 3611 917 3688 remittam
943 3609 1122 3705 dolorem,
1139 3615 1199 3685 obe
1215 3615 1240 3684 'l
1262 3633 1326 3686 eor
1349 3615 1602 3704 m'imprcgnu,
1627 3611 1713 3706 quia
1730 3631 1795 3687 oor
1816 3631 1902 3706 par·

732 3751 822 3806 vum
850 3751 923 3804 non
952 3736 1033 3804 erat
1066 3749 1181 3824 capax
1211 3729 1301 3804 tanti
1332 3729 1478 3824 doloris,
1510 3731 1560 3805 ita
1592 3731 1691 3827 quud
1724 3731 1902 3806 violenter

732 3851 906 3947 crepabat
930 3850 1025 3926 sicut
1050 3849 1151 3945 pellis
1176 3848 1340 3925 mulieris
1370 3849 1603 3947 praegnantis.
1630 3851 1782 3926 Volebat
1811 3869 1903 3946 ergo

732 3971 908 4069 plorando
933 3969 1139 4064 aliquabter
1164 3990 1371 4046 exonerare
1395 3990 1461 4045 cor
1490 3991 1613 4066 suum,
1638 3969 1732 4046 sicut
1761 3970 1900 4046 dictum

732 4097 788 4167 est
812 4091 923 4187 paulo
948 4110 1059 4185 supra
1084 4089 1120 4163 in
1157 4097 1260 4185 parte
1288 4089 1520 4186 precedenti,
1545 4097 1583 4164 et
1606 4089 1711 4166 dicit:
1736 4111 1785 4164 aut
1812 4111 1903 4184 pecu

727 4213 814 4304 prin
838 4212 898 4283 cte
914 4213 941 4284 't
957 4213 1082 4302 planto
1106 4213 1138 4282 st
1161 4211 1309 4300 ragueli.
1336 4207 1408 4284 Sed
1432 4215 1535 4285 certe
1564 4209 1631 4283 ista
1665 4209 1792 4286 finisset
1817 4230 1899 4284 mo·

731 4329 812 4405 dica
838 4329 1080 4426 refrigeratio,
1106 4330 1193 4423 quia
1220 4329 1320 4426 rigor
1346 4329 1442 4404 venti
1461 4329 1578 4426 frigidi
1595 4329 1716 4406 subito
1738 4331 1900 4428 regulas·

732 4458 788 4527 set
814 4471 928 4526 novas
955 4450 1158 4547 lacrymas;
1184 4457 1222 4526 et
1246 4469 1312 4546 per
1329 4451 1398 4525 boe
1419 4449 1481 4526 dat
1500 4451 1660 4546 intelligi,
1678 4451 1777 4544 quud
1797 4451 1826 4524 si
1844 4450 1901 4524 isti

730 4569 898 4646 crudeles
923 4568 1121 4662 aliquando
1147 4569 1339 4644 videantur
1356 4570 1450 4644 velle
1467 4570 1613 4666 aperire
1632 4571 1759 4646 oculos
1784 4571 1899 4666 pietu-

731 4690 786 4784 tis,
817 4687 938 4762 statim
970 4694 1101 4762 ventus
1131 4687 1202 4762 odii
1233 4689 1367 4763 iterum
1399 4689 1543 4765 claudit
1557 4731 1606 4746 -
1619 4693 1740 4764 Pcrcb'
1753 4693 1798 4764 to.
1835 4691 1900 4766 llic

729 4815 839 4884 autor
863 4805 1020 4881 ostendit
1045 4806 1231 4901 quomodo
1257 4799 1515 4904 promiserit&
1538 4809 1587 4884 illi
1612 4811 1767 4906 petitum
1788 4811 1900 4906 juva-

792 5065 819 5130 (¹)
835 5067 866 5117 Β.
882 5066 984 5118 dloetm
999 5067 1075 5118 lube
1087 5093 1116 5104 -
1125 5069 1160 5118 m
1175 5083 1220 5119 ut.
1344 5067 1374 5131 ι’)
1389 5068 1420 5120 Β.
1438 5070 1601 5133 prumlusmt.
