4606 6840
729 973 800 1040 208
1093 945 1327 1038 'munorum
1351 981 1503 1036 mranm

727 1137 861 1205 natura
885 1130 984 1204 enim
1002 1128 1139 1205 lecerat
1160 1129 1265 1203 istam
1292 1134 1430 1203 terram
1456 1123 1728 1201 inhabitabilem
1755 1125 1896 1200 ratione

726 1251 837 1345 venti,
862 1250 1004 1344 caloris,
1031 1255 1256 1344 serpentum,
1288 1255 1325 1323 et
1357 1248 1475 1322 omnis
1505 1245 1713 1340 sterilitatis,
1745 1252 1783 1321 et
1812 1246 1898 1322 reli-

727 1377 858 1464 querat
884 1391 967 1445 eam
992 1369 1226 1444 habitandam
1253 1368 1336 1442 solis
1360 1366 1601 1462 serpentibus,
1622 1372 1660 1440 et
1676 1371 1897 1460 apposuerat

726 1489 833 1563 sortia
859 1491 1021 1564 claustra
1047 1489 1106 1583 illi,
1134 1488 1268 1564 scilicet
1297 1488 1344 1563 ab
1376 1507 1452 1560 urna
1484 1492 1588 1580 parte
1620 1493 1749 1581 syrtes,
1770 1486 1818 1559 ab
1843 1485 1898 1558 al-

727 1615 807 1682 tera
833 1608 1008 1682 torridam
1034 1629 1165 1683 zonam
1190 1628 1237 1681 ne
1262 1607 1392 1702 aliquis
1417 1605 1632 1699 accederel3
1659 1605 1722 1680 sed
1749 1625 1816 1679 nos
1832 1623 1898 1679 ve-

727 1728 850 1802 nimus
874 1729 988 1824 gratis
1019 1728 1063 1802 ad
1095 1728 1334 1824 pugnandum
1367 1747 1454 1800 cum
1485 1726 1725 1820 serpentibus,
1758 1729 1898 1819 quanto

728 1847 859 1922 melius
885 1848 1011 1922 luisset
1043 1867 1225 1943 pugnasse
1239 1840 1277 1938 (¹)
1310 1867 1396 1920 cum
1422 1845 1509 1922 viris
1535 1845 1572 1918 in
1597 1844 1798 1920 Thessalia!
1825 1843 1896 1918 Sed

728 1969 816 2043 Cato
841 1968 956 2042 durus
981 1968 1152 2042 omnibus
1181 1965 1431 2061 succurrebat,
1463 1976 1500 2043 et
1531 1965 1617 2060 quia
1650 1977 1724 2038 non
1755 1967 1898 2060 poterat

727 2095 902 2183 praestare
917 2079 953 2181 (²)
981 2089 1094 2163 vitam
1119 2087 1371 2180 morientibus,
1389 2087 1596 2181 praestabat,
1616 2085 1714 2180 quod
1731 2085 1813 2180 plus
1831 2087 1897 2176 est,

726 2209 863 2286 scilicet
886 2210 981 2284 bene
1005 2215 1042 2283 et
1066 2209 1208 2284 sortiter
1234 2207 1347 2302 muri;
1374 2227 1459 2280 nam
1487 2207 1638 2302 quilibet
1667 2203 1898 2281 verecunda-

726 2330 837 2403 batur
862 2328 956 2401 mori
981 2328 1136 2402 dolendo
1161 2328 1198 2400 in
1223 2326 1417 2422 praesentia
1434 2326 1589 2401 Catonis.
1612 2327 1691 2400 Non
1711 2345 1802 2422 ergo
1827 2323 1898 2396 mi·

727 2447 818 2523 reris
843 2447 873 2522 si
898 2448 1033 2521 Danles
1058 2446 1381 2522 verecundabatur
1414 2447 1524 2543 paulo
1556 2467 1667 2542 supra
1699 2445 1830 2520 timere
1860 2449 1898 2518 et

727 2566 904 2662 conqueri
929 2566 974 2640 de
999 2566 1211 2641 difficultate
1236 2567 1337 2641 istius
1373 2567 1440 2641 viae
1470 2587 1595 2641 coram
1627 2565 1796 2662 Virgilio:
1812 2583 1897 2638 uon

729 2687 839 2762 etiam
866 2686 1010 2760 mireris
1035 2687 1065 2760 si
1091 2691 1166 2760 tam
1193 2688 1308 2762 multa
1333 2687 1406 2760 dixi
1427 2687 1473 2761 de
1489 2687 1557 2762 ista
1574 2707 1698 2780 arena,
1724 2693 1765 2759 ut
1780 2675 1816 2778 (³)
1839 2684 1896 2759 vi·

671 2841 673 2852 ·
726 2807 814 2881 deas
839 2816 1016 2901 quantam
1033 2807 1324 2883 convenientiam
1341 2828 1455 2883 arena
1472 2808 1607 2882 habeat
1623 2828 1709 2881 cum
1728 2807 1795 2880 ista
1812 2806 1895 2880 bul·

726 2927 806 3024 gia,
833 2947 918 3000 uam
944 2948 1058 3001 arena
1084 2935 1139 3002 est
1164 2927 1294 3002 sterilis
1319 2934 1354 3002 et
1380 2928 1522 3000 nullum
1542 2927 1637 3023 parit
1653 2927 1827 3018 lructum,
1845 2925 1895 3000 ita

727 3048 859 3123 domus
884 3047 1031 3123 lurum:
1058 3049 1229 3142 secundo,
1256 3047 1340 3142 quia
1368 3047 1404 3122 in
1430 3047 1499 3121 ista
1529 3067 1642 3122 arena
1675 3053 1730 3122 est
1761 3065 1895 3142 magna

727 3168 830 3263 copia
856 3176 1068 3264 serpentum
1096 3169 1158 3264 qui
1185 3169 1271 3242 dant
1295 3167 1416 3242 varias
1436 3173 1473 3242 et
1492 3167 1655 3241 diversas
1680 3171 1828 3260 mortes,
1845 3165 1894 3239 ita

727 3295 765 3363 et
783 3289 821 3363 in
846 3289 913 3363 ista
937 3289 1072 3385 bulgia.
1100 3290 1144 3362 Et
1169 3289 1262 3362 sicut
1278 3287 1316 3360 in
1336 3309 1449 3363 arena
1467 3286 1596 3380 aliquis
1612 3276 1648 3380 (⁴)
1670 3307 1820 3380 serpens
1839 3286 1896 3359 in-

727 3407 823 3484 cedit
846 3415 957 3502 recte,
984 3409 1077 3483 alius
1101 3409 1262 3502 oblique,
1282 3408 1331 3481 ita
1357 3407 1487 3501 aliquis
1500 3398 1538 3498 (⁵)
1560 3405 1692 3483 incedit
1712 3413 1812 3481 recte
1831 3427 1896 3501 pe-

727 3527 843 3620 dibus,
869 3527 961 3601 alius
986 3528 1096 3601 trahit
1120 3548 1254 3622 eorpus
1279 3547 1346 3622 per
1375 3535 1526 3621 terram,
1558 3534 1595 3601 et
1624 3526 1673 3600 ita
1701 3527 1748 3602 de
1772 3527 1896 3600 multis

728 3666 811 3740 quae
837 3666 902 3740 per
921 3651 956 3720 le
977 3646 1102 3720 videre
1127 3653 1303 3741 potes-
1320 3651 1402 3720 Tro.
1424 3646 1490 3720 Hic
1507 3655 1616 3722 autor
1634 3645 1815 3740 specificat
1832 3645 1896 3740 qui

728 3771 813 3840 sunt
826 3755 863 3857 (⁶)
890 3764 946 3838 isti
972 3765 1034 3859 qui
1060 3767 1263 3860 puniuntur
1288 3765 1383 3840 inter
1408 3765 1495 3840 istos
1520 3770 1717 3860 serpentes
1742 3771 1780 3840 et
1804 3785 1897 3859 qua-

728 3884 821 3978 liter,
837 3882 983 3958 dicens:
1009 3889 1104 3976 perdi
1126 3887 1217 3959 nude
1241 3909 1260 3959 e
1283 3893 1502 3980 spaerulae,
1520 3886 1557 3959 ln
1583 3886 1652 3959 hoc
1677 3886 1792 3981 tangit
1814 3905 1896 3960 mo·

729 4023 809 4079 rem
834 4003 972 4099 lurum,
991 4007 1054 4099 qui
1081 4006 1348 4102 utplurimum
1375 4012 1462 4079 sunt
1486 4005 1559 4101 apti
1585 4006 1630 4081 ad
1657 4005 1894 4101 currendum,

727 4135 764 4202 et
789 4132 874 4199 sunt
899 4145 1045 4222 semper
1069 4145 1250 4223 pauperes
1275 4133 1313 4202 et
1338 4126 1478 4222 pavidi,
1499 4127 1622 4201 omnia
1647 4127 1745 4201 enim
1767 4126 1896 4201 timent

727 4247 918 4342 usquead
943 4250 1109 4323 catillum
1134 4250 1193 4324 vel
1218 4248 1450 4343 infantulum,
1477 4248 1552 4322 imo
1576 4248 1705 4323 timent
1735 4266 1893 4341 murem,

727 4367 790 4461 qui
815 4366 987 4440 discurrit
1011 4387 1077 4461 per
1102 4367 1274 4461 domum;
1302 4367 1384 4441 ideo
1401 4367 1510 4444 dicit:
1536 4389 1711 4441 correano
1729 4375 1786 4440 tra
1812 4386 1895 4459 quc-

726 4493 781 4558 sto
805 4488 918 4558 modo
942 4507 961 4557 c
985 4488 1182 4558 tristissimo
1206 4489 1320 4578 copto,
1338 4486 1440 4578 idest,
1458 4487 1720 4563 abundantiam
1746 4507 1895 4582 serpen-

727 4610 819 4699 tum,
846 4603 909 4698 qui
935 4605 1102 4679 crudeles
1127 4612 1163 4681 et
1194 4606 1313 4681 tristes
1342 4615 1428 4680 sunt
1456 4615 1585 4684 contra
1611 4611 1778 4684 homines
1803 4629 1895 4703 quos

726 4729 1000 4820 persequuntur
1024 4724 1094 4820 hic,
1116 4732 1154 4800 et
1180 4727 1277 4820 quod
1295 4733 1350 4802 est
1366 4728 1469 4822 peius
1486 4729 1564 4804 sine
1583 4730 1707 4826 aliquo
1732 4730 1895 4804 remedio

786 4938 814 5000 (¹)
832 4942 886 4999 ¹¹⁰·
904 4953 1027 5004 llfldflm·
1394 4945 1421 5008 l'l
1438 4947 1469 4997 ll.
1485 4960 1651 5011 precem

787 5011 814 5075 υ)
829 5013 854 5064 e.
871 5019 899 5066 ot
913 5019 944 5066 ut
959 5017 1053 5070 uum
1396 5022 1424 5085 (⁸)
1440 5023 1471 5073 Β.
1487 5024 1613 5089 usqum

788 5089 1131 5160 orrarenmqunmr.
1397 5099 1541 5162 risun
