4606 6840
692 935 763 1001 274
1089 943 1291 1001 comuni
1316 943 1467 999 mennon

689 1091 785 1166 bene
809 1089 1030 1164 conveniunt
1062 1109 1147 1163 curn
1179 1089 1254 1164 istis
1286 1088 1429 1163 duobus
1460 1087 1644 1184 prophetis
1678 1085 1856 1160 solitariis.

690 1211 790 1286 Sicut
816 1211 913 1286 euim
939 1211 995 1285 isti
1011 1205 1047 1302 (¹)
1075 1211 1262 1305 propbetae
1279 1211 1415 1285 multos
1431 1210 1601 1285 viderunt
1617 1209 1720 1304 ignes
1744 1206 1857 1283 devo-

691 1338 812 1406 rantes
841 1332 974 1406 multos
1000 1330 1165 1404 inimicos
1190 1330 1271 1424 Dei3
1293 1331 1343 1404 ita
1369 1330 1425 1405 isti
1451 1331 1526 1404 duo
1551 1334 1669 1424 poetae
1686 1327 1857 1402 viderunt

691 1451 749 1526 bic
774 1451 910 1525 multos
934 1451 1036 1546 ignes
1062 1449 1279 1524 devorantes
1304 1457 1342 1525 et
1367 1449 1573 1524 cruciantes
1608 1448 1743 1522 multos
1772 1467 1858 1542 pec-

691 1579 835 1647 catores
870 1570 1071 1645 damnatos.
1111 1571 1153 1643 Et
1188 1571 1282 1646 sicut
1318 1570 1457 1645 Eliseus
1487 1569 1662 1665 propbeta
1701 1589 1859 1664 magnus

692 1691 889 1786 discipulus
920 1691 1007 1765 Eliae
1037 1691 1224 1785 propbeta
1251 1691 1374 1787 magni
1401 1691 1540 1766 amavit
1565 1709 1652 1764 eum
1675 1689 1860 1783 ardenter,

693 1817 731 1886 et
755 1816 903 1886 secutus
920 1817 975 1884 est
996 1830 1142 1904 semper
1166 1810 1203 1882 in
1228 1811 1399 1885 omnibus
1415 1811 1586 1906 periculis
1606 1817 1644 1885 et
1660 1809 1858 1902 laboribus,

694 1951 813 2025 usque
855 1951 930 2025 quo
967 1931 1035 2005 luit
1068 1937 1194 2025 raptus
1227 1953 1249 2006 a
1284 1939 1480 2027 conspectu
1515 1931 1609 2025 eius;
1643 1931 1692 2004 ita
1726 1932 1861 2005 bantes

693 2057 800 2147 poeta
835 2071 991 2146 magnus
1027 2049 1164 2125 amavit
1203 2051 1392 2147 Virgilium
1425 2059 1569 2145 poetam
1608 2071 1797 2146 magnum,
1824 2060 1861 2126 et

694 2192 840 2268 semper
864 2177 1012 2246 secutus
1037 2176 1092 2246 est
1117 2191 1204 2245 eum
1233 2191 1351 2266 usqne
1375 2192 1450 2266 quo
1471 2171 1641 2267 Virgilius
1666 2171 1733 2245 luit
1757 2170 1860 2244 abla-

694 2301 754 2368 tus
778 2293 825 2367 ab
850 2293 964 2366 oculis
988 2291 1077 2366 eius
1103 2292 1147 2364 ut
1171 2291 1267 2370 sicut
1284 2294 1460 2387 propbeta
1477 2314 1565 2367 cnm
1585 2293 1762 2387 propbeta
1779 2311 1860 2364 am-

693 2413 832 2487 bulavit
856 2411 918 2486 diu
944 2431 1010 2507 per
1035 2413 1185 2506 planum
1212 2419 1249 2487 et
1275 2420 1437 2488 montem
1464 2415 1580 2487 multa
1602 2411 1782 2485 miracula
1809 2411 1863 2484 la·

694 2533 812 2625 ciens;
838 2533 888 2607 ita
921 2531 1092 2628 Virgilius
1121 2553 1207 2605 cum
1239 2533 1356 2608 Dante
1386 2555 1452 2629 per
1485 2533 1625 2629 sylvam
1661 2530 1794 2607 Inlerni
1827 2537 1865 2604 et

696 2659 859 2726 montem
899 2650 1106 2746 Purgatorii
1144 2651 1260 2726 multa
1296 2652 1472 2727 miracula
1508 2651 1652 2728 iaciens.
1689 2651 1733 2724 lu
1772 2649 1866 2724 sicut

694 2770 789 2844 Elias
816 2769 989 2846 recedens
1021 2770 1069 2844 ab
1097 2769 1214 2844 Eliseo
1241 2771 1386 2865 reliquit
1410 2771 1477 2845 sibi
1503 2771 1670 2866 spiritum
1703 2771 1865 2866 propbe-

697 2891 756 2963 tiae
780 2889 1023 2985 duplicatum
1048 2891 1097 2964 ita
1124 2891 1294 2987 Virgilius
1319 2893 1493 2967 recedens
1523 2913 1546 2966 a
1571 2893 1687 2966 Dante
1716 2891 1863 2985 reliquit

697 3009 763 3084 sibi
781 3009 947 3105 spiritum
966 3011 1098 3105 poesiae
1115 3010 1350 3106 duplicatum,
1369 3013 1461 3088 sicut
1477 3019 1576 3107 patet
1593 3014 1692 3087 clare
1709 3011 1864 3084 intuenti

696 3131 832 3204 librum
852 3114 963 3207 istum
977 3131 1122 3226 Inferni,
1136 3131 1182 3206 de
1199 3153 1274 3226 quo
1287 3133 1431 3208 Inlerno
1444 3133 1612 3229 Virgilius
1629 3153 1746 3228 pauca
1762 3131 1864 3224 dixit,

697 3258 734 3326 ct
751 3252 922 3346 conluse3
939 3259 977 3326 et
994 3252 1087 3329 sicut
1103 3257 1202 3347 patet
1219 3253 1255 3326 in
1271 3253 1364 3327 libro
1382 3253 1599 3349 Purgatorii,
1616 3253 1662 3327 de
1679 3271 1754 3345 qno
1771 3253 1864 3324 Pur-

697 3373 840 3469 gatorio
865 3371 1035 3470 Virgilius
1061 3372 1147 3446 nibil
1173 3373 1272 3447 dixit.
1300 3374 1343 3446 Et
1373 3373 1466 3448 sicut
1495 3373 1633 3448 Eliseus
1657 3371 1803 3448 dolebat
1827 3379 1864 3444 et

697 3492 994 3586 conquerebatur
1018 3493 1064 3567 de
1099 3511 1245 3567 recessu
1275 3493 1361 3567 Elim
1385 3494 1497 3587 patris
1529 3501 1566 3568 et
1599 3493 1762 3590 magistri
1789 3491 1863 3583 sui;

697 3611 746 3686 ita
772 3612 906 3686 Dantes
931 3613 1089 3688 multum
1116 3612 1231 3687 doluit
1256 3620 1293 3687 et
1317 3621 1540 3707 conquestus
1564 3621 1620 3688 est
1643 3613 1690 3687 de
1715 3631 1862 3686 recessu

698 3731 846 3828 Virgilii,
864 3733 958 3806 sicut
974 3739 1072 3827 patet
1089 3734 1190 3808 clare
1204 3735 1302 3809 circa
1321 3735 1431 3809 finem
1449 3735 1666 3831 Purgatorii.
1683 3734 1745 3808 His
1762 3751 1866 3806 sum-

697 3852 826 3926 matim
840 3843 877 3944 (²)
900 3853 1069 3948 collectis,
1088 3873 1186 3928 nunc
1207 3854 1325 3929 estad
1342 3855 1484 3929 literam
1507 3853 1799 3929 descendendum
1816 3841 1866 3945 (³),

698 3993 809 4066 quarn
838 3972 965 4048 ordina
991 3973 1061 4048 sic:
1088 3977 1266 4066 muscum,
1293 3975 1419 4070 supple
1445 3975 1605 4069 flamma,
1630 3993 1667 4046 se
1693 3993 1793 4046 mooe
1818 3974 1869 4045 tot

695 4114 762 4186 per
786 4096 823 4166 lo
847 4097 930 4185 yolo
955 4097 1012 4169 det
1032 4098 1141 4189 fosso,
1168 4095 1303 4170 scilicet
1327 4101 1468 4169 octovae
1493 4095 1638 4192 bulgiae,
1663 4115 1747 4188 qnae
1772 4101 1868 4167 tarn-

700 4235 812 4308 quam
838 4216 926 4312 gula
954 4216 1108 4312 deglutit
1141 4217 1323 4310 istos,ch
1354 4237 1505 4290 nessunu
1537 4223 1669 4289 mostra
1701 4218 1867 4307 tlsmto,

699 4335 801 4429 idest,
819 4335 980 4410 animam
1002 4336 1051 4409 ibi
1077 4341 1234 4410 stantem
1251 4336 1500 4410 absconditam
1519 4357 1624 4410 more
1641 4335 1738 4409 lurti.
1758 4335 1867 4409 Certe

700 4455 748 4529 illi
773 4455 819 4530 de
844 4457 966 4553 bulgio
999 4456 1218 4551 precedenti
1248 4463 1427 4532 vorantur
1457 4479 1479 4532 a
1509 4457 1749 4553 serpentibus,
1780 4455 1866 4549 qnia

700 4575 809 4649 iurati
835 4583 920 4649 sunt
944 4576 1096 4672 gallinas
1125 4583 1162 4651 et
1193 4577 1263 4652 alia
1299 4578 1394 4672 vilia,
1426 4577 1488 4653 sed
1520 4577 1577 4651 isti
1610 4582 1789 4652 vorantur
1821 4577 1869 4650 ab

700 4695 855 4791 ignibus,
881 4696 966 4789 quia
993 4696 1249 4772 involaverunt
1283 4720 1434 4795 magnas
1464 4697 1626 4772 civitates
1658 4703 1695 4772 et
1729 4695 1868 4771 nobiles

701 4823 829 4912 terras,
856 4817 949 4891 sicut
973 4817 1094 4890 statim
1124 4818 1266 4894 dicetur
1295 4819 1342 4894 de
1376 4820 1500 4916 Ulyxe,
1527 4818 1588 4911 qui
1615 4817 1750 4893 lnrtirc
1774 4818 1869 4913 cepit

763 5074 791 5138 (¹)
806 5077 851 5125 lit
865 5087 881 5125 o
897 5074 926 5126 lt
942 5075 984 5126 istl
999 5075 1053 5126 duo
1068 5077 1210 5141 propbeta.
1253 5075 1281 5140 (b
1296 5075 1321 5127 S.
1338 5089 1353 5126 e
1369 5073 1400 5127 li.
1418 5075 1567 5128 summarie.
1614 5073 1642 5138 (¹)
1657 5073 1683 5125 S.
1698 5071 1870 5125 redeundum.
