4526 6836
713 951 761 1020 92
1104 961 1307 1020 comula
1331 961 1482 1018 mamm

715 1113 755 1182 ut
774 1108 853 1203 jam
869 1105 1008 1182 metum
1033 1113 1099 1202 eat,
1125 1127 1330 1202 numquam
1356 1105 1518 1203 poenitet,
1536 1104 1603 1180 nisi
1620 1103 1768 1199 quando
1792 1111 1879 1180 sunt

712 1227 863 1302 omnino
886 1225 1103 1323 consumpti,
1129 1229 1187 1302 vel
1212 1227 1362 1322 contusi,
1380 1227 1455 1302 imo
1478 1246 1563 1302 raro
1581 1227 1639 1301 vel
1659 1246 1878 1320 numquam.

712 1387 762 1400 —
782 1349 871 1420 Vedt
897 1345 962 1422 llic
995 1345 1124 1421 ultimo
1157 1345 1327 1442 Virgilius
1359 1345 1473 1442 tangit
1498 1345 1671 1420 mulieres
1699 1345 1880 1422 veneficas

713 1465 884 1540 iacientes
918 1465 1094 1541 maleficia
1130 1473 1169 1540 et
1206 1465 1343 1560 malias,
1377 1472 1416 1540 et
1448 1465 1586 1540 nullam
1612 1465 1825 1540 nominatim
1839 1460 1881 1558 (¹)

714 1585 930 1680 manifestat,
963 1585 1047 1680 quia
1075 1586 1154 1680 jam
1179 1585 1264 1660 alibi
1289 1585 1543 1660 nominaverat
1567 1585 1665 1660 illam
1692 1585 1878 1663 Eritonem

713 1704 990 1780 tamosissimam
1005 1725 1165 1802 magam,
1182 1712 1220 1781 et
1236 1706 1347 1800 paule
1363 1725 1474 1801 supra
1492 1705 1692 1781 nominarit
1708 1706 1879 1781 Manthou

713 1824 825 1899 liliam
849 1824 1039 1920 Thireaiae3
1074 1832 1111 1902 et
1141 1825 1229 1919 quia
1257 1824 1377 1899 omnis
1411 1831 1510 1901 terra
1535 1831 1591 1899 eat
1615 1825 1720 1919 plena
1747 1825 1880 1900 talibm

714 1943 846 2022 vetulis
877 1943 1090 2020 iacientibus
1122 1945 1218 2040 talia,
1242 1943 1327 2018 dicit
1358 1963 1450 2042 ergo
1480 1944 1518 2018 in
1548 1962 1710 2041 gauere:
1745 1947 1881 2018 Vadite

713 2069 821 2157 triste
846 2064 980 2140 seilicet
1004 2064 1183 2159 loemiuas,
1208 2066 1269 2138 tlte
1292 2068 1469 2139 insulamn
1494 2067 1517 2139 t’
1529 2085 1614 2156 ado,
1642 2063 1736 2139 idest
1758 2070 1878 2139 artem

713 2185 853 2280 suendi,
878 2188 915 2258 ta
938 2189 1051 2278 motu,
1077 2184 1168 2259 idest
1190 2192 1310 2260 artem
1336 2184 1493 2281 texendi,
1519 2189 1575 2259 e’t
1593 2189 1686 2280 ficto,
1710 2184 1802 2259 idest
1817 2205 1881 2258 ar-

713 2314 787 2382 tem
820 2304 951 2400 limati,
983 2325 1068 2399 quae
1099 2324 1227 2380 amuel
1257 2309 1342 2380 suut
1371 2312 1468 2380 artae
1496 2325 1713 2382 communen
1747 2304 1880 2380 mulie-

713 2425 763 2498 ris
777 2416 815 2518 (¹)
836 2424 945 2499 licitae
970 2430 1008 2500 et
1032 2425 1204 2520 honeste,
1231 2431 1269 2500 et
1293 2432 1462 2499 notanter
1487 2423 1560 2499 dixi
1591 2432 1709 2500 artem
1736 2424 1876 2518 suendi,

713 2543 799 2638 quta
823 2543 900 2616 istae
926 2543 1126 2619 maledicte
1141 2534 1178 2636 (³)
1204 2544 1299 2619 bene
1316 2551 1472 2620 utuntur
1486 2565 1558 2650 aeu
1574 2544 1621 2620 ad
1638 2544 1727 2619 illud
1739 2533 1777 2636 (ἢ
1796 2545 1879 2619 olii·

712 2663 812 2738 eiam
838 2683 951 2757 quam
977 2662 1023 2736 sit
1053 2664 1157 2757 lace,
1175 2664 1222 2738 ad
1247 2664 1484 2760 pungendum
1510 2664 1687 2761 imagines
1713 2663 1878 2759 quasue

713 2803 799 2858 nera
824 2782 971 2876 iaciunt,
996 2781 1090 2856 sicut
1120 2781 1204 2856 dicit
1237 2781 1385 2858 Ovidius
1415 2782 1463 2858 de
1477 2775 1514 2876 (⁵)
1548 2783 1684 2879 Madau,
1715 2793 1753 2860 et
1785 2783 1880 2857 sieut

713 2909 790 2977 tota
821 2901 880 2978 die
913 2902 1059 2978 iaciunt
1086 2902 1171 2978 ideo
1196 2903 1290 2979 hene
1314 2903 1422 2979 dicit:
1445 2907 1540 2998 secer
1568 2907 1671 2978 mate
1693 2925 1760 2977 eon
1785 2906 1876 2978 erbe.

714 3023 816 3098 Unde
831 3022 988 3098 venetiis
1004 3029 1184 3098 vocantur
1202 3023 1394 3119 herbariae,
1411 3045 1430 3096 e
1446 3043 1512 3097 eun
1530 3025 1663 3115 tmayo,
1680 3024 1771 3099 idest
1789 3025 1882 3098 ima-

713 3143 808 3240 gine.
822 3181 872 3198 -
883 3147 955 3216 lla.
974 3143 1039 3217 llic
1055 3142 1225 3239 Virgilius
1241 3143 1376 3218 claudit
1396 3143 1502 3218 istam
1521 3143 1726 3238 materiam,
1744 3149 1781 3218 et
1799 3143 1881 3217 linit

713 3262 912 3357 capitulum
929 3262 1124 3337 osteudens
1141 3263 1240 3356 quod
1257 3282 1329 3337 nou
1348 3263 1387 3336 lit
1403 3261 1560 3357 amplius
1576 3269 1721 3357 tempus
1738 3261 1879 3356 standi3

713 3381 794 3457 ideo
830 3380 1001 3456 describit
1036 3387 1192 3477 tempus,
1218 3389 1255 3458 et
1291 3383 1370 3489 vult
1404 3382 1527 3458 dicere
1556 3381 1817 3458 sententialiter
1843 3381 1879 3456 iu

714 3501 859 3595 ellectu,
876 3501 976 3595 quod
1000 3501 1111 3578 tiebat
1133 3503 1219 3597 dier,
1237 3493 1515 3597 qund'usteudit
1539 3523 1606 3597 per
1631 3503 1712 3597 troc,
1738 3501 1824 3596 quia
1840 3491 1880 3594 (⁸)

714 3623 801 3694 luna
825 3627 906 3696 erat
929 3620 1082 3697 rotunda
1101 3628 1138 3695 et
1154 3621 1308 3696 iaciebat
1323 3641 1495 3696 oceasum
1513 3621 1550 3694 in
1566 3621 1772 3716 oecidenle3
1790 3641 1881 3717 ergo

713 3740 767 3815 sul
791 3739 1010 3816 asueudebat
1033 3741 1071 3814 in
1094 3741 1236 3817 oriente
1251 3741 1350 3836 quia,
1371 3740 1518 3835 quando
1542 3742 1629 3815 luna
1650 3747 1705 3816 est
1723 3741 1880 3816 rotunda

714 3867 770 3934 eat
793 3861 956 3955 opposita
972 3861 1049 3955 soli,
1066 3866 1104 3934 et
1125 3881 1190 3956 per
1213 3881 1440 3956 eousequens
1465 3881 1551 3935 eum
1573 3861 1649 3956 ipsa
1665 3860 1809 3954 oecidit,
1826 3862 1880 3935 sol

713 3979 842 4073 uritur,
868 3987 907 4054 et
931 3981 982 4054 sic
1007 3981 1179 4077 colligere
1202 3980 1315 4056 debes
1330 3979 1399 4076 hic,
1421 3980 1520 4074 quud
1544 3986 1655 4054 autur
1670 3979 1769 4055 stetit
1785 3979 1880 4054 duu-

713 4099 783 4174 bus
808 4097 935 4174 diebus
965 4101 1193 4175 naturalibus
1218 4099 1256 4175 in
1280 4099 1433 4194 iulemn,
1460 4098 1605 4195 scilicet,
1630 4099 1775 4175 duobus
1802 4098 1881 4174 die-

714 4219 783 4292 bus
808 4226 845 4294 et
869 4219 1012 4295 duabus
1037 4201 1226 4315 nantillam
1252 4225 1290 4295 et
1314 4239 1413 4295 nune
1437 4208 1635 4314 iueoepitl⁷l
1660 4218 1766 4293 tertia
1791 4217 1878 4292 dies.

714 4339 806 4413 Dicit
835 4359 925 4436 ergo
956 4340 1150 4436 Virgilius:
1180 4359 1240 4412 md
1264 4342 1343 4412 vent
1366 4341 1472 4430 umet,
1499 4337 1633 4412 scilicet
1657 4338 1704 4412 ad
1728 4337 1798 4412 alia
1824 4337 1881 4410 vi-

713 4458 842 4553 denda,
860 4459 947 4553 quia
965 4469 1109 4553 tempus
1135 4464 1201 4552 est,
1227 4460 1299 4551 cte,
1326 4457 1416 4532 idest
1441 4457 1540 4552 quia,
1560 4460 1669 4530 datm
1685 4477 1705 4532 e
1720 4459 1753 4530 te
1766 4457 1877 4551 apte,

715 4576 805 4652 idest
829 4579 928 4668 luna,
954 4577 991 4651 in
1016 4597 1092 4671 qua
1117 4577 1249 4678 dieitur
1273 4599 1296 4652 a
1321 4579 1434 4674 vulgo
1458 4597 1539 4652 esse
1555 4577 1682 4652 Chaim
1703 4595 1790 4651 cum
1808 4573 1881 4669 spi-

775 4843 802 4906 t'l
820 4847 875 4901 tlt,
891 4843 1007 4894 nomluat
1022 4843 1165 4894 mentiente.
1288 4841 1362 4906 ΗΒ.
1379 4841 1529 4894 mulierum.

775 4918 803 4979 τ’)
819 4918 849 4968 Ε.
866 4917 1009 4970 maledieta
1024 4920 1102 4969 etlam
1118 4922 1228 4970 utuntur
1244 4931 1293 4970 acu
1309 4918 1341 4967 ad
1356 4915 1556 4968 rauranum
1572 4927 1650 4979 qaam
1666 4915 1699 4965 all
1715 4912 1790 4964 lanu.

776 4993 804 5058 (⁸)
819 4993 844 5044 S·
860 4993 931 5044 allud
946 4993 1059 5045 nitidum
1075 5007 1153 5059 qnam
1168 4995 1202 5045 ait
1217 4993 1292 5056 iada,
1309 4993 1407 5044 wllloet
1422 4992 1454 5042 ad
1470 4985 1644 5056 paragendum.

777 5069 1077 5134 viliulfidem.
1295 5067 1464 5133 (⁸)anss
1599 5063 1879 5131 tlllteRlnalplt.
