4550 6844
689 977 830 1037 claros
854 979 1069 1037 rmonsnros
1093 979 1238 1034 ramos.
1479 967 1551 1034 ror

376 1119 492 1196 ieram
523 1141 760 1220 persequens,
791 1146 859 1222 per
891 1145 1046 1201 nemora
1076 1121 1297 1198 cornicando
1327 1123 1548 1202 discurrere.

375 1241 478 1316 'lunc
509 1242 709 1318 Balduinus
739 1245 1013 1341 superveniens,
1038 1243 1202 1320 Rolando
1227 1249 1374 1338 petente
1398 1265 1550 1340 aquam,

374 1378 449 1434 non
465 1361 582 1454 potuit
606 1362 791 1460 invenire;
817 1365 881 1440 sed
906 1385 1047 1460 equum
1065 1362 1161 1439 illius
1178 1363 1339 1438 ascendit
1364 1383 1411 1438 ne
1435 1363 1551 1439 dere·

375 1479 471 1555 niret
495 1480 533 1556 in
558 1502 691 1557 manus
715 1503 978 1560 saracenorum
1007 1489 1045 1559 et
1074 1488 1225 1559 secutm
1255 1489 1312 1558 est
1341 1483 1549 1558 exercitum

376 1600 506 1674 Caroli.
541 1601 727 1677 Rolandns
759 1623 851 1678 vero
866 1597 902 1696 (⁸)
939 1602 1093 1680 lideliter
1122 1601 1329 1698 supplicans
1354 1602 1442 1697 lieo,
1468 1608 1550 1698 post

376 1721 492 1795 multa
518 1722 632 1798 verba
657 1723 790 1798 devota
812 1722 967 1799 reddidit
982 1723 1144 1796 animam
1163 1722 1252 1816 lieo,
1270 1721 1429 1817 palmam
1449 1740 1551 1796 mar·

376 1839 461 1936 tyrii
484 1839 645 1937 gloriose
668 1841 879 1937 adepturus.
898 1842 952 1916 lie
968 1840 1120 1916 Rolandi
1146 1840 1344 1915 virtutibus
1369 1848 1407 1916 et
1432 1839 1552 1916 laudi-

378 1958 448 2034 bus
481 1958 622 2034 dicetor
655 1959 816 2035 Paradisi
845 1961 1005 2055 capitulo
1034 1960 1144 2035 lllllll
1174 1960 1238 2034 uhi
1273 1961 1387 2036 etde
1419 1960 1575 2082 Caroltb

380 2098 516 2174 magno
547 2079 663 2152 multa
697 2079 877 2154 dicentur.
907 2079 1013 2152 Nunc
1045 2079 1091 2154 ad
1121 2079 1279 2174 literam,
1309 2079 1396 2155 dicit
1421 2072 1552 2154 autor:

299 2225 302 2232 ·
384 2200 545 2272 oriundo
568 2217 642 2270 non
665 2190 753 2270 send
776 2189 807 2271 si
832 2198 1088 2290 modoino,
1113 2197 1249 2273 scilicet
1280 2218 1399 2273 cornu
1425 2217 1549 2291 suum,

378 2319 472 2410 dopo
508 2320 545 2391 lo
582 2319 751 2391 doloroso
783 2324 888 2411 roua,
923 2315 1030 2411 idest,
1065 2323 1147 2411 post
1179 2316 1360 2392 infelicem
1395 2314 1551 2408 cladem,

378 2435 520 2529 mondo
549 2439 656 2510 carlo
676 2455 807 2527 mpero
817 2439 952 2529 perdeo
972 2438 1008 2509 lo
1028 2442 1132 2510 santo
1148 2443 1257 2531 peste,
1276 2442 1329 2512 tot
1345 2437 1549 2512 electorum

378 2557 597 2632 bellatorum
625 2577 691 2653 per
718 2557 884 2634 iraudem
910 2556 1120 2634 Gamelonis
1146 2577 1232 2632 cum
1259 2576 1395 2654 magno
1423 2556 1552 2632 dolore

378 2681 416 2750 et
443 2677 590 2770 planctu
624 2677 920 2772 christianorum,
951 2696 1037 2771 non,
1067 2676 1231 2771 inquam,
1256 2676 1305 2752 ita
1339 2675 1498 2772 pulsavit
1512 2664 1550 2766 (¹)

377 2795 574 2891 Rolandus,
599 2795 695 2872 sicut
720 2797 830 2872 modo
854 2795 1067 2872 Nembroth.
1094 2797 1138 2870 Et
1158 2797 1210 2871 sic
1227 2803 1314 2872 nota
1330 2795 1429 2890 quod
1445 2815 1549 2870 com-

378 2914 520 3010 paratio
550 2920 605 2990 est
636 2916 733 2990 bona
761 2936 830 3012 pro
864 2923 977 3011 lanto,
1012 2915 1099 3010 quia
1133 2915 1227 2989 sicut
1258 2914 1461 2989 Nembroth
1495 2911 1552 2986 vir

380 3035 565 3111 maximus
593 3035 750 3130 pulsavit
778 3035 990 3112 terribiliter
1018 3055 1134 3110 cornu
1165 3034 1203 3108 in
1235 3034 1383 3130 planitie
1411 3033 1550 3107 Senaar

379 3161 508 3230 contra
532 3155 664 3248 licum,
682 3155 731 3228 ita
755 3155 941 3229 Rolandos
960 3155 1018 3229 vir
1034 3153 1264 3247 fortissimus,
1282 3153 1312 3227 si
1328 3151 1452 3228 omnia
1468 3169 1554 3226 cre·

379 3275 501 3349 dimus
532 3273 662 3348 tabulis
692 3274 910 3370 gallicorum
925 3265 975 3368 (³),
1001 3273 1158 3368 pulsavit
1183 3272 1394 3349 terribiliter
1424 3277 1554 3346 contra

381 3394 503 3468 hostes
540 3394 621 3488 liei,
660 3394 808 3487 scilicet,
846 3393 1007 3469 infideles
1044 3393 1082 3467 in
1115 3393 1336 3468 Roncivalle.
1367 3430 1419 3446 -
1446 3397 1552 3480 Poco.

380 3513 486 3587 Nunc
501 3501 537 3606 (⁴)
564 3519 674 3586 autor
698 3511 855 3588 ostendit
874 3512 1061 3607 quomodo
1079 3510 1267 3586 descendit
1287 3510 1334 3586 ad
1360 3511 1554 3586 materiam

380 3631 534 3706 istorum
561 3631 766 3727 gigantum,
791 3636 829 3706 et
854 3631 957 3728 fingit
982 3630 1081 3726 quod
1107 3631 1229 3706 visum
1256 3636 1311 3706 est
1335 3630 1403 3706 sibi
1427 3629 1555 3704 videre

381 3751 516 3826 multas
548 3751 641 3827 altas
679 3758 813 3844 turres,
843 3751 942 3826 unde
978 3750 1086 3825 dicit:
1122 3771 1213 3843 poco
1238 3753 1363 3842 portos·
1393 3752 1487 3823 volta
1518 3751 1555 3821 lo

380 3873 480 3958 testo,
512 3867 614 3960 idest,
646 3870 773 3942 oculos
806 3868 942 3963 eapitis,
972 3871 1011 3940 tn
1044 3859 1093 3959 ld,
1124 3867 1226 3960 idest,
1256 3889 1387 3942 versus
1421 3888 1553 3942 sonum

382 4005 512 4078 corno,
538 3986 642 4078 quasi
666 3986 784 4061 dicat:
810 4007 945 4082 parum
971 3985 1132 4080 processi
1158 3986 1195 4060 in
1220 3987 1359 4062 visione
1390 3987 1471 4081 ista,
1496 3987 1557 4058 cle

383 4111 433 4181 ml
451 4128 566 4200 paroc
591 4109 695 4180 ceder
720 4108 822 4180 molle
852 4109 921 4182 otte
951 4109 1053 4200 torri,
1085 4113 1124 4182 et
1155 4106 1299 4202 merito,
1330 4107 1418 4202 quia
1443 4104 1557 4181 turris

383 4227 458 4302 alta
482 4225 618 4322 ligarat
643 4225 873 4321 superbiam3
890 4225 972 4301 ideo
996 4226 1066 4300 luit
1091 4225 1312 4323 imaginatus
1338 4227 1437 4323 quod
1463 4230 1558 4301 esset

385 4369 459 4422 una
476 4338 513 4440 (⁵)
531 4345 669 4439 civitas,
687 4345 786 4420 unde
803 4345 907 4422 dicit:
926 4347 1072 4420 modio:
1087 4354 1256 4438 mommo,
1274 4347 1421 4441 scilicet,
1438 4343 1559 4420 oVir·

385 4468 459 4564 gili,
485 4469 546 4559 dt',
572 4469 633 4541 cte
657 4474 755 4541 terra
776 4463 814 4542 ἑο
829 4474 963 4559 pacem,
979 4465 1050 4542 *et
1065 4465 1168 4561 ponit
1185 4466 1458 4562 responsionem
1476 4464 1560 4538 Vir-

386 4586 460 4685 gilii
485 4587 533 4662 ad
558 4608 669 4661 suum
696 4585 925 4680 quesitum*
940 4575 990 4680 (⁶),
1008 4585 1073 4680 qui
1093 4590 1260 4660 removet
1280 4591 1317 4660 et
1337 4584 1473 4682 detegit
1497 4603 1560 4659 er-

446 4855 474 4916 t')
490 4855 521 4906 li.
536 4867 600 4906 vero
616 4855 773 4919 supplicans.

448 4929 475 4992 (¹)
491 4929 521 4980 R
538 4930 574 4979 lta
591 4929 695 4992 polum
708 4929 847 4992 wlnodus,
864 4929 1026 4983 sicutmodo
1043 4929 1128 4994 pulsat
1144 4928 1297 4982 Nemorosi.
1314 4929 1348 4980 lit
1364 4927 1407 4980 hta
1422 4933 1493 4980 cota.

448 5003 475 5069 d)
492 5009 547 5066 lit,
564 5005 704 5070 pallorum.
813 5007 840 5068 (¹)
857 5007 889 5058 Β.
905 5007 956 5058 illc
972 5011 1056 5056 octor.
1166 5005 1193 5068 ρ)
1208 5005 1235 5056 S.
1250 5019 1302 5056 car
1319 5005 1370 5057 altr
1386 5005 1484 5057 civitas.

448 5081 476 5147 Γ)
491 5081 528 5134 ns
544 5081 634 5146 parole
650 5082 690 5134 trs
706 5083 716 5134 l
731 5084 782 5135 dcc
798 5083 931 5135 utsrbclri
947 5095 995 5134 son
1010 5082 1122 5146 suppltts
1138 5083 1181 5134 dd
1194 5081 1289 5134 ecdico
1306 5087 1360 5135 tto.
