4534 6842
693 909 761 981 178
1084 919 1286 976 tumultu
1309 919 1461 976 turnum

688 1066 788 1162 ginta
813 1083 878 1138 sex
904 1084 991 1138 cum
1016 1063 1142 1139 lavore
1163 1070 1201 1138 et
1217 1062 1342 1138 militia
1367 1061 1527 1157 predicti
1542 1053 1578 1154 (¹)
1597 1061 1739 1136 comitis
1763 1061 1853 1138 Gui-

688 1183 801 1260 donis.
827 1185 871 1258 lit
896 1184 1014 1278 primi,
1040 1183 1104 1278 qui
1137 1182 1330 1257 exiverunt
1358 1181 1502 1275 armati,
1535 1182 1687 1256 luerunt
1718 1182 1852 1276 Uberti,

689 1307 905 1380 clamantes:
935 1305 998 1376 uos
1020 1311 1099 1378 sant
1120 1305 1178 1376 isti
1201 1306 1354 1376 twoncr
1380 1305 1523 1392 mpetu
1542 1308 1637 1374 sec?
1653 1302 1706 1376 llli
1725 1308 1851 1376 autem

688 1423 898 1520 congregati
912 1413 949 1514 (²)
976 1422 1013 1496 in
1039 1423 1118 1496 loco
1143 1422 1258 1516 solito,
1284 1421 1519 1517 diffugerunt.
1546 1422 1589 1494 Et
1606 1421 1658 1496 sic
1675 1427 1772 1496 totus
1789 1441 1855 1516 po-

688 1546 807 1642 pulus,
833 1541 964 1616 clausis
987 1540 1182 1636 apothecis,
1207 1540 1275 1614 tuit
1299 1541 1368 1614 sub
1392 1541 1524 1616 armis:
1551 1546 1600 1634 et,
1628 1550 1672 1617 ut
1699 1541 1772 1616 cito
1800 1541 1855 1616 di-

689 1685 782 1758 cam,
808 1681 932 1738 comes
956 1660 1074 1736 Guido
1099 1659 1235 1754 videns,
1270 1660 1368 1754 quod
1397 1680 1471 1733 non
1503 1665 1647 1754 poterat
1680 1659 1851 1756 frangere

688 1783 876 1879 populum,
903 1781 1002 1856 venit
1026 1799 1113 1854 cum
1139 1787 1214 1856 tota
1240 1778 1364 1853 militia
1381 1779 1428 1854 ad
1444 1779 1632 1873 palatium,
1657 1779 1720 1852 ubi
1745 1785 1852 1854 erant

687 1901 762 1976 duo
791 1903 1003 1996 Potestatcs,
1035 1900 1073 1974 in
1104 1900 1225 1994 platea
1255 1899 1368 1974 sancti
1403 1897 1628 1993 Apollinaris,
1658 1903 1696 1974 et
1725 1898 1852 1993 petivit
1929 1977 1931 1982 ,

689 2022 809 2096 claves
834 2026 1023 2116 portarum
1048 2020 1096 2094 ab
1121 2018 1197 2092 illis
1224 2018 1364 2106 Quibus
1388 2017 1530 2112 habitis,
1549 2016 1667 2094 viliter
1692 2018 1851 2112 recessit,

689 2161 774 2216 cum
800 2147 924 2214 tamen
949 2145 1044 2213 esset
1068 2137 1195 2214 tortior
1219 2147 1257 2214 et
1280 2137 1633 2233 potentiorpopu103
1650 2137 1749 2214 etde
1768 2157 1854 2211 sero

688 2260 854 2354 pervenit
877 2259 1040 2332 Pratum.
1067 2257 1144 2332 lloc
1168 2263 1294 2332 autem
1315 2257 1452 2332 lactum
1478 2263 1532 2332 est
1551 2257 1610 2331 die
1626 2257 1741 2332 sancti
1757 2258 1854 2332 llar-

689 2378 753 2452 tini
777 2377 919 2454 decima
949 2377 1067 2470 prima
1093 2376 1315 2470 novembris,
1345 2395 1442 2452 anno
1472 2374 1614 2452 Domini
1645 2375 1851 2450 llCCLXVl.

688 2497 851 2572 Exclusis
885 2517 975 2593 ergo
1008 2496 1241 2592 magnatibus
1276 2496 1489 2592 ghibellinis,
1523 2496 1703 2572 llorentini
1737 2498 1855 2573 reior-

689 2623 887 2691 maverunt
910 2617 1105 2712 civitatem,
1131 2616 1225 2692 sicut
1249 2617 1301 2692 eis
1325 2617 1470 2711 placuit,
1488 2623 1526 2692 et
1550 2617 1729 2692 miserunt
1749 2623 1855 2693 extra

688 2737 776 2810 istos
799 2736 892 2810 duos
915 2737 1126 2830 potestates,
1140 2736 1203 2830 qui
1223 2743 1481 2812 consenserant
1504 2736 1612 2812 tacite
1636 2736 1721 2812 huic
1747 2738 1853 2813 lacto.

689 2857 742 2931 De
767 2874 893 2930 meme
912 2855 1072 2950 januarii
1097 2855 1265 2950 sequenti
1285 2855 1464 2930 llorentini
1482 2855 1708 2931 reduxerunt
1725 2877 1854 2932 omnes

687 2975 726 3050 iu
749 2974 946 3069 civitatem,
971 2981 1008 3050 et
1032 2974 1199 3050 lecerunt
1222 2974 1339 3048 multa
1365 2974 1598 3049 matrimonia
1626 2975 1673 3050 ad
1704 2975 1856 3051 firman·

687 3095 778 3170 dum
802 3114 943 3190 pacem,
969 3115 1053 3189 quae
1079 3101 1203 3170 tamen
1232 3094 1417 3169 modicum
1446 3095 1602 3170 duravit.
1629 3096 1722 3170 Nam
1747 3098 1855 3192 guel·

687 3214 748 3308 plri
773 3213 857 3288 elati
882 3213 1032 3288 victoria
1058 3213 1187 3308 Caroli,
1213 3220 1354 3290 secrete
1380 3214 1557 3290 miserunt
1586 3214 1634 3290 ad
1663 3235 1751 3292 eum
1786 3237 1854 3310 pro

685 3340 796 3430 gente
832 3340 869 3408 et
902 3355 969 3428 pro
1002 3354 1077 3408 uno
1111 3334 1312 3430 capitaneo,
1343 3334 1407 3428 qui
1436 3335 1532 3410 misit
1562 3335 1733 3410 comitem
1763 3335 1854 3410 Gui-

686 3453 819 3528 douem
852 3453 900 3528 de
930 3453 1118 3548 Mouiorte,
1149 3473 1236 3528 cum
1266 3454 1481 3550 octingentis
1507 3455 1679 3532 militibus
1703 3454 1854 3546 irancis;

687 3571 750 3665 qui
789 3571 955 3664 pervenit
987 3572 1208 3648 Florentiam
1226 3564 1262 3665 (³)
1289 3573 1349 3648 die
1386 3574 1674 3648 Resurrectionis
1711 3574 1855 3649 Domini

687 3711 783 3766 anno
807 3688 1029 3766 Mcutxvlt.
1062 3693 1174 3767 Cuius
1205 3691 1405 3766 adventum
1433 3692 1617 3790 ghibellini
1648 3693 1855 3788 sentientes,
1945 3787 1950 3800 ι

688 3817 795 3886 nocte
827 3811 1056 3904 praecedente
1090 3812 1285 3887 exiverunt
1313 3814 1534 3889 Florentiam
1569 3814 1768 3888 inredituri.
1800 3813 1855 3888 Ad

687 3930 912 4027 propositum
946 3952 1060 4030 ergo:
1092 3933 1160 4008 iste
1192 3933 1305 4009 irater
1338 3934 1532 4010 Catelanus
1560 3934 1674 4030 tangit
1703 3955 1854 4010 causam

687 4057 724 4126 et
749 4051 920 4126 ellectum
946 4053 1143 4129 vomtionis
1168 4073 1311 4147 eorum,
1338 4053 1423 4147 quia
1449 4053 1583 4128 scilicet
1607 4053 1758 4128 luerunt
1788 4075 1854 4130 vo-

686 4171 757 4244 cati
781 4171 828 4246 ad
852 4171 1147 4274 presentandum
1173 4193 1313 4268 pacem,
1332 4179 1370 4248 et
1393 4179 1615 4268 pepererunt
1632 4183 1851 4268 perpetuum

686 4291 910 4386 scandalum,
935 4292 1099 4388 corrupti
1123 4311 1146 4365 a
1169 4291 1348 4389 guelphis,
1374 4297 1411 4366 et
1436 4291 1487 4367 sic
1512 4300 1757 4387 peccaverunt
1785 4314 1852 4388 per

685 4409 904 4506 hypocrisim
942 4417 979 4485 et
1016 4411 1251 4504 baratariam,
1290 4398 1424 4504 quat)
1465 4412 1616 4506 punitur
1652 4413 1689 4488 in
1729 4413 1855 4510 hulgia

685 4529 925 4623 praecedenti;
949 4529 1031 4604 ideo
1060 4537 1169 4606 autor
1199 4536 1322 4605 noster
1355 4530 1488 4606 merito
1520 4532 1652 4610 locavit
1680 4533 1767 4608 istos
1799 4534 1855 4608 vi-

686 4648 787 4724 cinos
811 4648 1011 4725 baratariis
1038 4650 1090 4724 Ex
1115 4648 1285 4726 omnibus
1308 4669 1398 4746 ergo
1424 4651 1591 4746 narratis,
1622 4673 1721 4726 nunc
1750 4662 1854 4748 potes

686 4768 786 4843 clare
811 4768 1011 4866 intelligere
1026 4760 1062 4861 (⁵)
1090 4769 1232 4844 literam
1258 4769 1376 4865 istam,
1394 4770 1439 4843 ad
1466 4791 1578 4865 quam
1604 4792 1702 4846 nunc
1726 4791 1853 4850 rever·

749 4951 823 5014 ltu
839 4955 910 5006 dicti.
1041 4957 1068 5022 Ρ)
1084 4957 1271 5022 Remeat.
1396 4955 1424 5022 (Ἴ
1441 4957 1728 5012 lttleorentln.

747 5029 775 5094 l>
792 5034 846 5090 ¹¹⁰,
863 5031 907 5096 rut
924 5033 1075 5096 puuuntur.
1396 5033 1423 5096 t't
1440 5039 1494 5095 ¹¹⁶.
1510 5035 1597 5094 ruere
1613 5035 1810 5102 susurras.
1929 5075 1933 5082 .
