4566 6844
691 979 830 1036 cunnus
854 977 1070 1035 nuncnune
1094 976 1290 1033 mutunus.
1507 969 1577 1038 503

406 1123 476 1198 init
498 1115 636 1216 tnusl')
663 1123 890 1221 florentinus,
915 1131 953 1200 et
980 1141 1047 1220 per
1071 1141 1302 1218 consequens
1327 1133 1466 1220 tuscus,
1491 1125 1579 1220 quia

405 1241 454 1320 de
476 1242 663 1340 provincia
686 1243 845 1338 Tusciae;
869 1243 937 1332 ipit
954 1243 1067 1318 etiam
1081 1233 1118 1336 (²)
1137 1249 1275 1337 mooun,
1293 1241 1381 1337 quia
1401 1243 1449 1318 de
1464 1243 1580 1340 stirpe

405 1367 609 1438 tuscorum.
635 1363 680 1436 lit
704 1369 790 1440 nota
814 1362 915 1459 quod
938 1383 1026 1438 curn
1050 1368 1161 1437 autor
1185 1361 1282 1457 dicit,
1299 1361 1400 1456 quod
1425 1362 1483 1437 isti
1500 1369 1577 1438 tres

405 1481 610 1578 proditores
633 1503 707 1560 non
731 1489 817 1558 sunt
841 1481 959 1580 magis
987 1481 1086 1579 digni
1118 1479 1247 1578 glacie,
1273 1501 1387 1576 quam
1413 1481 1577 1576 predicti

406 1603 483 1679 duo
505 1601 648 1699 natm,
678 1603 841 1698 loquitur
871 1601 1116 1698 hyperbolico,
1141 1601 1188 1676 ad
1217 1621 1364 1676 sunnnne
1393 1601 1578 1676 detestan-

406 1723 497 1799 dum
522 1739 654 1798 eorum
671 1713 708 1815 (³)
735 1721 987 1798 lintricidium.
1002 1759 1051 1774 —
1063 1725 1096 1793 li
1112 1715 1250 1812 perdid.
1277 1721 1382 1796 Nunc
1395 1707 1433 1812 (⁸)
1460 1719 1579 1796 dictus

406 1842 566 1940 spiritus,
591 1842 656 1937 qui
685 1841 887 1919 nominavit
916 1847 969 1916 tot
998 1839 1202 1936 proditores
1217 1831 1253 1932 (⁶)
1287 1840 1579 1936 consanguineo-

407 1980 506 2058 rum,
524 1962 690 2038 nominat
713 1983 767 2057 sc,
783 1968 822 2038 et
841 1981 959 2036 unurn
973 1950 1011 2053 (⁶)
1028 1958 1344 2056 consanguineum
1365 1981 1487 2034 suum.
1506 1961 1578 2036 lste

407 2080 477 2156 init
500 2080 651 2176 quidem
677 2083 780 2158 nniles
796 2080 843 2156 dc
859 2080 984 2155 Pazzis
1007 2079 1188 2154 nobilibus
1207 2079 1254 2154 de
1274 2079 1376 2154 Valle
1395 2077 1497 2175 Arni,
1514 2099 1580 2156 vo-

407 2205 511 2276 catus
535 2199 705 2275 dominus
730 2201 887 2275 Ubertus
904 2199 1131 2293 &mucuns
1153 2199 1217 2294 qui
1233 2197 1365 2274 occidit
1381 2199 1580 2294 proditorie

406 2319 599 2395 dominum
625 2319 842 2394 Ubertinunn
867 2319 1184 2416 consanguineum
1214 2340 1336 2393 suum.
1368 2318 1460 2394 Dicit
1485 2338 1578 2416 crgo

406 2437 496 2514 iste:
523 2459 543 2511 c
566 2439 668 2530 coppi
690 2439 789 2510 cd'io
811 2441 865 2532 liti
893 2441 921 2512 il
947 2439 1124 2512 domoon
1150 2440 1194 2512 dc
1217 2441 1346 2529 Porri,
1373 2458 1415 2513 re
1446 2445 1484 2514 et
1508 2459 1577 2514 no-

406 2557 524 2651 minc;
541 2561 580 2631 et
596 2553 666 2631 hoc
683 2555 766 2632 ideo
782 2557 864 2632 dico
881 2553 1247 2652 donperole'nonmt
1263 2560 1409 2632 metdto
1423 2554 1580 2651 ptiner-

406 2679 515 2768 otorri,
541 2676 646 2771 quasi
670 2677 766 2753 dicat
790 2677 1025 2754 Camisonus:
1053 2679 1150 2753 bene
1180 2677 1255 2752 scio
1286 2677 1386 2773 quod
1411 2687 1451 2755 tu
1477 2685 1580 2776 petes

408 2817 432 2872 a
457 2813 542 2870 nra:
568 2803 606 2872 ct
630 2801 684 2892 tu,
709 2798 774 2892 qui
798 2803 853 2873 tot
876 2798 1081 2894 proditores
1099 2817 1173 2872 non
1190 2803 1342 2894 rogatus
1361 2807 1490 2894 sponte
1510 2819 1579 2875 no-

407 2914 578 2990 minasti?
593 2904 631 3008 (⁷)
656 2915 738 2992 ideo
763 2917 863 2992 votui
888 2917 1282 3014 proventumque
1302 2893 1611 2994 excusationem·1

407 3034 465 3110 sui
490 3033 706 3110 Camisonus
730 3043 879 3112 accusat
905 3055 1022 3110 unum
1042 3043 1250 3110 consortem
1274 3057 1399 3130 suum,
1416 3036 1479 3132 qui
1498 3057 1580 3112 ma-

407 3153 463 3252 gis
494 3154 657 3249 deliquit,
695 3154 882 3250 prodendo
917 3155 1272 3252 consanguinitatem
1309 3176 1428 3231 suam.
1458 3157 1503 3233 lit
1533 3155 1581 3232 ad

407 3274 518 3348 huius
543 3273 659 3350 literne
682 3274 815 3369 brevis,
842 3275 906 3351 sod
931 3275 1111 3370 obscure,
1137 3276 1414 3373 intelligentiam
1436 3281 1582 3372 oportet

407 3395 502 3471 scire
517 3383 553 3487 (⁸)
580 3393 681 3488 quod
703 3394 741 3468 in
766 3395 916 3470 MCCCll
941 3415 1028 3470 curn
1054 3395 1236 3472 llorentini
1252 3387 1289 3489 (⁹)
1308 3417 1395 3471 cum
1421 3395 1583 3471 lucensi-

406 3514 477 3589 bus
501 3518 625 3589 esseut
647 3512 685 3587 in
710 3513 897 3590 obsidione
913 3514 1068 3610 Pistorii,
1086 3515 1186 3609 quod
1199 3507 1253 3607 (ὀ)
1274 3521 1362 3590 tunc
1385 3515 1581 3590 tenebatur

406 3655 474 3732 per
498 3641 643 3730 partem
666 3633 802 3728 affiatu,
823 3633 974 3728 quidam
995 3633 1162 3709 Carlinus
1185 3634 1232 3710 de
1251 3635 1377 3710 Pazzis
1403 3634 1582 3732 praedictis

406 3755 553 3832 tradidit
579 3773 696 3829 unum
721 3754 926 3849 castellum,
954 3754 1053 3848 quod
1082 3753 1215 3829 dicitur
1247 3754 1444 3830 Castellum
1478 3755 1580 3830 Plani

407 3875 504 3949 inter
528 3873 655 3949 vineas
670 3873 709 3945 in
725 3872 827 3946 Valle
842 3872 945 3966 Arni,
962 3873 1000 3944 in
1016 3872 1123 3946 cuius
1145 3874 1385 3967 occupatione
1406 3873 1514 3946 occisi
1526 3866 1580 3964 (⁴¹)

407 3994 559 4068 ludunt
583 4011 681 4064 unus
705 3989 819 4064 irater
844 3990 968 4084 patris,
985 3995 1023 4064 et
1046 4011 1145 4064 unus
1169 3991 1465 4086 consanguineus
1487 3991 1578 4065 eius.

407 4113 453 4186 lit
475 4111 514 4186 in
538 4109 635 4185 dicto
660 4113 781 4184 castro
805 4129 892 4184 cum
918 4107 1092 4204 praedicto
1121 4108 1267 4184 Carlino
1292 4108 1517 4184 incluserant
1540 4129 1581 4186 se

409 4231 523 4328 ntiqui
553 4250 601 4306 ex
631 4228 845 4304 melioribus
874 4226 1077 4342 ghibellinis
1112 4227 1294 4325 erulihus,
1324 4235 1362 4304 et
1390 4229 1504 4324 aliqui
1533 4250 1581 4305 ex

408 4351 501 4428 olbis
525 4348 759 4447 magnatibus
785 4353 822 4424 ot
846 4346 1096 4444 popularibus,
1113 4345 1177 4442 qui
1199 4346 1380 4423 iaciebant
1404 4364 1581 4446 magnam

408 4491 587 4570 guerram
612 4469 649 4544 in
676 4469 777 4544 Valle
801 4467 902 4542 Arni
919 4468 975 4542 Ob
992 4487 1107 4562 quam
1127 4485 1278 4542 causam
1299 4469 1480 4544 llorentini
1496 4475 1583 4544 sunt

470 4712 499 4774 (¹)
516 4717 572 4774 rto,
589 4713 650 4765 cislo
664 4711 827 4763 florentinus.
999 4709 1027 4771 (·)
1043 4710 1073 4761 li.
1091 4710 1149 4771 luit,
1165 4715 1193 4762 ct
1208 4711 1295 4762 odam.

470 4785 497 4850 (⁸)
513 4787 544 4838 li.
559 4789 723 4840 acumem.
999 4786 1027 4850 (·)
1043 4787 1073 4838 li.
1090 4787 1140 4837 llio
1157 4788 1296 4849 prodetur
1311 4789 1425 4852 splrltua.

471 4863 498 4922 l'l
514 4861 545 4912 B·
561 4865 714 4926 modim
730 4879 801 4916 nunc
818 4865 942 4915 nominat.
998 4861 1025 4923 (·)
1042 4862 1068 4912 S·
1084 4869 1110 4912 ct
1127 4863 1275 4926 quemdam.

469 4937 496 4998 (Ἴ
511 4937 537 4988 S.
553 4941 698 5001 maru,
714 4943 773 5006 quis
787 4947 831 4992 cst
846 4941 913 4992 ideo.
923 4965 954 4977 -
965 4942 1019 4994 lit.
1036 4938 1183 4998 nominasti,
1199 4939 1257 5002 quls
1273 4938 1360 4988 iuletn
1376 4939 1442 4989 idco.

470 5011 496 5074 l')
513 5016 568 5074 tlt,
585 5015 714 5076 prescire.
998 5013 1024 5070 ι’)
1041 5017 1095 5074 tlt,
1113 5011 1247 5062 Florentia
1263 5025 1324 5062 cunr
1341 5013 1488 5063 lucensibus
1503 5016 1579 5062 essct.

460 5088 499 5153 (¹⁶)
516 5089 547 5140 E.
563 5103 622 5154 quo
639 5095 711 5142 tnnc.
984 5089 1023 5150 (“)
1040 5089 1070 5138 11.
1086 5089 1164 5140 ocolrl
1180 5093 1249 5151 runt,
1265 5101 1312 5140 rou
1328 5089 1444 5141 morunt
