4606 6840
730 977 801 1041 224
1120 987 1325 1044 couuurunr
1349 991 1499 1043 mrennr

729 1135 923 1228 internum,
950 1131 1013 1206 ubi
1038 1141 1123 1206 sunt
1149 1134 1271 1208 omnia
1305 1135 1385 1209 loca
1416 1134 1637 1231 generaliter
1662 1135 1833 1228 obseura,
1861 1142 1897 1209 et

727 1255 929 1349 specialiter
954 1255 1021 1328 ista
1047 1253 1169 1350 bulgia
1197 1254 1334 1346 lurum,
1361 1261 1402 1327 ut
1422 1257 1500 1350 jam
1527 1255 1665 1328 dietum
1692 1260 1747 1329 est
1772 1274 1895 1350 supra.

726 1377 802 1449 Hoc
815 1375 900 1449 dicit
913 1375 998 1469 quia
1013 1374 1283 1468 imaginabatur
1296 1375 1449 1448 Dantem
1466 1395 1704 1450 reversurum
1723 1376 1769 1450 ad
1788 1396 1898 1448 mun-

726 1497 815 1570 dum
842 1497 1025 1589 vivorum,
1051 1495 1138 1589 quia
1163 1495 1307 1570 videbat
1337 1517 1424 1570 eum
1457 1496 1582 1570 virum
1616 1503 1652 1570 et
1685 1497 1763 1572 sine
1787 1519 1896 1592 poena

726 1617 971 1710 inquirentem
999 1637 1126 1712 poenas
1156 1623 1390 1690 mortuorum
1423 1617 1459 1689 in
1489 1617 1642 1692 interno.
1673 1617 1717 1695 Et
1746 1619 1898 1695 adverte

727 1737 825 1831 quod
851 1738 918 1810 iste
943 1737 1087 1812 Vannes
1112 1737 1158 1811 de
1182 1737 1327 1811 Lazaris
1345 1737 1390 1812 de
1407 1737 1561 1812 Pistorio
1580 1745 1679 1813 recte
1700 1739 1782 1813 lacit
1803 1739 1897 1814 sicut

726 1858 895 1932 Farinata
920 1858 966 1932 de
991 1858 1134 1932 Ubertis
1163 1858 1209 1932 de
1238 1858 1430 1951 Florentia,
1466 1859 1528 1952 qui
1558 1859 1682 1934 audita
1708 1881 1750 1935 re
1775 1861 1897 1955 displi-

726 1985 832 2052 cente
858 1979 923 2052 sibi
949 2000 970 2053 a
996 1979 1113 2053 Dante
1137 1978 1393 2073 praenuntiavit
1407 1972 1444 2069 (¹)
1462 1979 1528 2052 sibi
1547 1979 1796 2074 expulsionem
1816 1982 1896 2055 eius

726 2099 890 2174 luturam
916 2100 962 2174 de
978 2093 1014 2192 (ἵ)
1041 2100 1163 2193 brevi3
1182 2107 1218 2173 et
1244 2099 1302 2173 hie
1328 2106 1365 2173 et
1390 2099 1438 2172 ibi
1453 2091 1490 2191 (³)
1508 2109 1618 2175 autor
1636 2102 1780 2175 videtur
1805 2103 1897 2175 divi-

726 2241 816 2295 nare
842 2222 966 2295 lutura
992 2219 1077 2314 quia
1104 2221 1213 2294 habet
1238 2226 1445 2314 respectum
1472 2221 1517 2294 ad
1544 2221 1719 2296 visionem
1746 2243 1864 2297 suam.

787 2481 815 2542 (¹)
833 2483 862 2532 E.
880 2484 1044 2546 prenuntiat.
1232 2481 1260 2544 (¹)
1276 2485 1306 2534 E.
1324 2485 1350 2534 iu
1367 2485 1447 2534 brevi.
1634 2486 1661 2547 (¹)
1677 2486 1703 2536 S.
1720 2492 1746 2537 et
1762 2487 1831 2538 alibi.
1892 2521 1896 2529 .
