4534 6842
704 953 773 1020 118
1095 961 1299 1019 ῦθΜΕΝΤῦΜ
1324 961 1477 1017 tussam

699 1107 828 1184 sissent
852 1129 875 1183 a
900 1107 959 1182 via
986 1117 1098 1201 recta,
1118 1107 1224 1184 etsie
1247 1107 1515 1203 elongabuntur
1539 1125 1561 1180 a
1587 1105 1756 1179 termino.
1774 1105 1866 1180 Nota

699 1227 808 1303 etiam
834 1226 935 1320 quod
960 1226 1030 1300 sub
1054 1226 1125 1300 ista
1148 1226 1268 1300 subtili
1293 1225 1439 1302 lictione
1459 1231 1569 1299 autor
1586 1218 1697 1316 dat(')
1724 1225 1787 1299 tibi
1813 1225 1869 1299 in-

699 1347 810 1443 telligi
840 1353 960 1421 artem
998 1346 1122 1442 magni
1155 1345 1341 1439 baratarii,
1373 1345 1437 1440 qui
1471 1364 1558 1420 cum
1590 1344 1736 1420 videtur
1764 1346 1867 1439 quasi

698 1467 813 1542 libere
832 1463 1059 1559 expedivisse
1076 1465 1275 1560 bominem,
1292 1471 1380 1540 tuuc
1396 1475 1571 1560 procurat
1588 1464 1707 1560 ipsum
1725 1464 1864 1540 lortiori

698 1588 833 1680 laqueo
865 1583 1053 1679 implicare
1084 1585 1154 1659 sub
1184 1586 1308 1662 colore
1340 1585 1419 1659 sani
1450 1584 1598 1660 consilii.
1625 1585 1716 1659 Dicit
1745 1585 1867 1659 enimc

699 1706 763 1779 Fili
789 1705 853 1800 mi,
878 1711 918 1779 tu
946 1725 1154 1798 numquam
1180 1725 1304 1800 posses
1329 1705 1524 1800 pervenire
1552 1705 1599 1779 ad
1628 1705 1739 1780 linem
1764 1716 1869 1800 opta-

700 1831 779 1898 tum
806 1823 928 1899 eundo
953 1845 1020 1918 per
1045 1824 1144 1898 viam
1169 1831 1320 1919 rectam,
1342 1823 1425 1898 licet
1445 1824 1580 1899 habeas
1595 1824 1735 1919 justam
1761 1843 1869 1898 caus-

699 1965 802 2038 sam,
829 1944 893 2018 sed
916 1949 1061 2038 oportet
1084 1942 1184 2038 quod
1208 1944 1319 2019 vadas
1343 1965 1410 2038 per
1433 1943 1545 2018 aliam
1571 1943 1678 2017 viam.
1705 1943 1749 2016 lit
1773 1943 1867 2039 vide,

700 2063 780 2137 talis
805 2067 870 2156 est,
897 2063 960 2156 qui
987 2068 1107 2157 potest
1131 2069 1169 2136 et
1193 2062 1273 2137 vult
1296 2063 1469 2158 expedire
1489 2081 1680 2157 pauperes,
1701 2063 1788 2156 quia
1813 2071 1868 2139 est

698 2184 812 2258 irater
844 2202 958 2278 papae,
993 2189 1029 2257 et
1067 2187 1123 2256 cst
1155 2189 1260 2277 pater
1294 2183 1551 2258 misericordiae
1585 2189 1623 2258 et
1654 2183 1866 2260 clementiae.

699 2302 813 2377 Testis
838 2308 894 2378 est
919 2301 1007 2375 mibi
1030 2303 1140 2397 Deus,
1158 2301 1257 2396 quod
1274 2301 1385 2376 istum
1402 2321 1529 2376 casum
1547 2321 1617 2398 ego
1634 2322 1717 2375 sum
1735 2321 1869 2396 exper-

698 2428 758 2495 tus
782 2421 820 2494 in
845 2441 907 2496 me
931 2421 1008 2516 ipso
1033 2421 1071 2494 in
1093 2421 1197 2496 curia
1215 2439 1368 2496 romana
1385 2421 1422 2496 in
1447 2419 1644 2516 Arignone.
1672 2421 1764 2494 Nam
1788 2423 1870 2496 the-

699 2539 889 2614 saurarius
914 2539 1036 2613 maior
1052 2539 1186 2614 Urbani
1204 2540 1234 2613 V
1255 2559 1342 2614 cum
1359 2540 1421 2614 diu
1440 2539 1615 2615 tenuisset
1631 2559 1693 2614 me
1715 2561 1868 2636 suspen-

701 2679 784 2732 sum
803 2659 873 2732 sub
889 2664 991 2733 certa
1003 2679 1067 2753 spe
1080 2659 1251 2753 victoriae,
1265 2659 1459 2734 ostendens
1472 2678 1512 2733 se
1524 2657 1867 2734 affectuosissimum

700 2778 747 2852 ad
767 2777 1008 2873 justissimam
1033 2799 1184 2854 causam
1202 2800 1337 2874 meam,
1354 2784 1435 2874 post
1452 2785 1597 2874 tempus
1614 2767 1749 2872 uidens,
1768 2779 1867 2873 quod

700 2898 787 2972 nibil
804 2898 950 2993 dabam,
969 2905 1011 2973 ut
1028 2901 1208 2994 sperabat,
1221 2901 1330 2994 coepit
1347 2919 1409 2974 me
1426 2899 1608 2993 respicere
1623 2904 1730 2972 torvo
1747 2900 1867 2993 oculo,

699 3037 786 3092 cum
812 3024 937 3094 tumen
954 3025 1049 3094 esset
1066 3019 1237 3114 obliquus
1252 3020 1368 3094 oculis
1384 3017 1646 3112 corporalibus,
1666 3017 1729 3092 sed
1751 3018 1868 3092 multo

699 3137 817 3233 magis
851 3139 1080 3234 mentalibus,
1112 3147 1151 3214 et
1178 3138 1340 3216 breviter
1370 3137 1532 3212 deseruit
1562 3155 1624 3212 me
1652 3137 1689 3210 in
1719 3138 1867 3232 scopulo

699 3257 952 3352 desperatum3
979 3265 1017 3333 et
1041 3259 1092 3333 sic
1108 3258 1192 3334 lecit
1211 3277 1317 3332 more
1333 3257 1537 3350 Malacodae,
1556 3256 1642 3350 quia
1658 3256 1781 3330 docuit
1806 3277 1868 3332 me

698 3377 809 3452 aliam
836 3377 946 3472 viam,
964 3398 1048 3472 quae
1072 3399 1146 3452 non
1164 3385 1243 3453 erat
1259 3378 1297 3452 in
1315 3398 1443 3453 rerum
1468 3387 1611 3454 natura.
1625 3415 1676 3430 -
1688 3381 1784 3450 liert.
1803 3377 1868 3451 llic

699 3495 910 3598 Malacauda
935 3497 1105 3571 describit
1129 3503 1274 3592 tempus
1308 3517 1383 3591 quo
1416 3496 1510 3571 iacta
1542 3501 1598 3570 est
1629 3496 1736 3570 ruina
1766 3495 1870 3570 istius

699 3613 818 3710 pontis
836 3615 945 3706 sexti3
960 3623 998 3690 et
1014 3615 1100 3691 lacit
1115 3616 1370 3710 antipoloram,
1388 3615 1475 3708 quia
1491 3621 1634 3710 poterut
1648 3615 1771 3690 dicere
1788 3616 1869 3690 Vir-

699 3733 825 3831 gilius:
852 3753 970 3829 quare
995 3739 1033 3808 et
1057 3735 1204 3828 quando
1229 3735 1298 3808 luit
1323 3740 1430 3829 rupta
1455 3735 1522 3808 ista
1547 3733 1630 3809 viat
1655 3735 1715 3808 cui
1733 3735 1793 3810 ille
1809 3755 1871 3810 ro-

700 3853 863 3948 spondet,
888 3853 987 3946 quod
1013 3859 1179 3949 tempore
1203 3854 1332 3928 mortis
1356 3854 1499 3948 Christi,
1523 3864 1560 3930 ct
1584 3859 1733 3948 pmpter
1758 3855 1870 3949 ipsius

699 3971 917 4069 passionem,
937 3971 1083 4067 quando
1103 3974 1172 4048 luit
1188 3973 1247 4049 ille
1264 3973 1433 4048 terribilis
1454 3979 1696 4074 terremotus.
1718 3974 1780 4048 Est
1799 3995 1871 4049 au-

700 4099 775 4167 tem
803 4092 860 4167 hic
885 4092 1098 4187 notandum,
1124 4093 1221 4188 quod
1248 4100 1358 4169 autor
1374 4113 1441 4188 per
1457 4093 1564 4168 istam
1589 4091 1868 4189 descriptionem

700 4213 876 4308 temporis
909 4212 1023 4309 tangit
1051 4213 1194 4289 occulte
1226 4224 1382 4310 tempus,
1415 4213 1452 4287 in
1489 4234 1565 4308 quo
1596 4213 1744 4308 incoepit
1775 4214 1869 4288 istud

699 4331 859 4407 arduum
885 4353 988 4426 opus.
1007 4333 1157 4427 lnooepit
1180 4332 1292 4427 enim,
1319 4339 1361 4406 ut
1379 4333 1458 4428 jam
1484 4333 1615 4409 totiens
1639 4332 1776 4406 dictum
1802 4340 1870 4426 est,

700 4451 738 4525 in
770 4451 888 4526 MCCC
919 4451 1017 4526 circa
1046 4451 1209 4526 medium
1241 4453 1376 4528 mensis
1408 4452 1541 4546 martii,
1568 4452 1604 4526 in
1635 4451 1694 4526 die
1725 4453 1870 4528 veneris

699 4570 825 4663 sancti,
839 4570 926 4665 quia
943 4563 1122 4665 pascha(²)
1136 4572 1205 4647 luit
1219 4571 1485 4666 martiaticum3
1499 4579 1536 4647 et
1549 4574 1627 4646 vult
1640 4571 1762 4648 dicere
1778 4574 1870 4648 alle·

699 4689 836 4786 gorius,
854 4690 953 4784 quod
969 4690 1064 4766 sicut
1086 4711 1153 4788 per
1178 4699 1338 4768 mortem
1355 4699 1393 4768 et
1411 4693 1720 4769 resurrectionem
1736 4693 1869 4768 Christi

701 4810 906 4883 humanum
931 4829 1049 4906 genus
1067 4811 1199 4886 revixit
1214 4831 1237 4886 a
1256 4818 1377 4887 morte
1393 4813 1439 4887 ad
1456 4812 1581 4906 vitam,
1599 4812 1648 4886 ita
1666 4811 1742 4908 ipse
1758 4818 1868 4888 autor

764 5059 792 5126 (¹)
807 5061 839 5113 ll.
855 5061 900 5114 dat
915 5061 1032 5130 htcbtgi.
1311 5063 1339 5130 Γ)
1356 5067 1396 5128 lt,
1412 5065 1439 5118 S.
1454 5079 1471 5118 ο
1488 5069 1542 5126 tlt,
1558 5065 1653 5130 prm
1668 5069 1732 5116 tuno
1745 5064 1804 5116 tuit.
