4526 6836
720 943 857 999 CANTUS
882 941 1038 998 DECIMUS
1062 939 1233 996 OCTAVUS·
1513 931 1559 998 25

387 1089 521 1165 dinem.
549 1087 652 1164 Unde
676 1094 773 1182 nota,
799 1087 926 1182 tector,
952 1085 1051 1181 quod
1083 1085 1244 1160 adulatio
1275 1092 1329 1162 eat
1363 1105 1453 1162 vere
1477 1087 1562 1182 alta,

388 1211 472 1305 lata,
499 1215 537 1284 et
561 1208 752 1306 protunda,
771 1208 869 1283 unde
895 1212 931 1282 et
952 1205 1160 1304 paucissimi
1185 1205 1424 1280 inveniuntur
1449 1206 1561 1284 etiam

387 1329 605 1426 sapientum,
623 1329 688 1423 qui
708 1348 781 1403 non
806 1328 966 1403 habeant
985 1327 1148 1422 aliquam
1165 1331 1309 1423 partem
1326 1325 1562 1423 adulationis3

388 1449 470 1526 ideo
494 1451 590 1528 bene
615 1450 760 1526 videtur
776 1469 909 1524 verum
928 1447 1025 1544 quod
1043 1448 1186 1524 dicebat
1206 1468 1282 1522 nna
1303 1447 1399 1522 bona
1417 1449 1561 1524 vetula:

387 1569 529 1646 dicebat
564 1569 662 1648 enim
696 1569 795 1665 quod
829 1589 948 1643 unum
984 1574 1038 1644 est
1077 1588 1255 1664 magnum
1294 1573 1486 1664 peccatum
1523 1567 1562 1643 in

389 1689 538 1785 mundo,
559 1690 606 1767 de
631 1712 706 1786 quo
735 1690 856 1765 nullus
882 1688 1089 1783 confitetur,
1115 1687 1251 1763 scilicet
1276 1686 1561 1784 complacentia3

387 1833 406 1884 c
430 1812 564 1904 quud,
589 1810 725 1886 scilicet
748 1810 795 1886 de
821 1809 942 1886 medio
967 1808 1078 1884 huius
1091 1799 1128 1902 (¹)
1151 1807 1281 1904 pontis,
1297 1810 1369 1882 vidi
1386 1814 1486 1900 pente
1501 1805 1561 1900 pst

387 1935 446 2006 oet
464 1937 563 2028 [osso
587 1938 748 2027 utrffctc,
766 1931 858 2008 idest
875 1932 1077 2027 submersa,
1094 1934 1132 2004 io
1153 1949 1224 2004 uuo
1240 1935 1352 2002 sterco
1369 1931 1429 2001 ctae
1441 1950 1557 2026 porea

388 2056 578 2147 moseddo
601 2057 615 2127 i
633 2055 781 2148 prtocdi
804 2056 937 2145 amoni,
955 2051 1047 2128 idest
1062 2072 1084 2126 a
1102 2050 1240 2126 latrinis
1262 2049 1473 2126 hominum:
1491 2051 1562 2126 hoe

387 2173 472 2250 dicit
496 2173 583 2269 quia
609 2179 772 2248 stercora
797 2174 959 2248 humana
984 2179 1071 2247 sunt
1094 2170 1274 2246 ioetidiora
1299 2169 1389 2265 aliis,
1413 2176 1450 2244 et
1475 2169 1558 2268 plus

388 2293 536 2389 quando
553 2301 765 2390 moventur3
788 2293 846 2370 hic
864 2299 991 2368 antem
1008 2291 1182 2367 continuo
1200 2291 1456 2388 movebantur,
1474 2291 1560 2386 quia

387 2414 596 2491 adulatores
615 2414 788 2490 natabant
804 2413 842 2488 in
858 2433 904 2488 eo
921 2419 958 2489 et
974 2412 1227 2509 percutiebant
1246 2431 1286 2486 se
1302 2411 1441 2508 palmis.
1460 2411 1561 2486 Facit

388 2536 500 2612 etiam
527 2535 749 2611 mentionem
776 2535 896 2632 potius
920 2534 967 2610 de
991 2539 1155 2610 stercore
1177 2533 1353 2628 humano,
1374 2553 1487 2628 quam
1504 2534 1560 2608 al-

390 2655 504 2730 terius
527 2655 704 2752 animalis,
731 2655 817 2750 quia
841 2654 983 2731 adulari
1000 2661 1055 2730 est
1074 2653 1264 2752 proprium
1289 2655 1457 2749 hominis,
1484 2676 1557 2731 non

388 2775 541 2852 alterius
571 2775 746 2852 animatis.
767 2815 816 2830 -
832 2781 866 2850 Ε
896 2781 1027 2850 morde
1059 2777 1118 2850 ete
1148 2766 1186 2849 td
1213 2770 1274 2868 piri
1306 2795 1373 2850 coo
1406 2779 1428 2848 t
1441 2779 1558 2850 occtto
1639 2821 1641 2828 ·

388 2919 497 2974 cerco.
524 2898 589 2974 Hic
621 2903 731 2974 autor
756 2897 877 2996 incipit
910 2905 1070 2975 tractare
1093 2899 1130 2973 in
1165 2899 1309 2995 speciali
1334 2902 1381 2978 de
1406 2902 1559 2998 quibus·

387 3017 472 3094 dam
490 3017 609 3093 unctis
627 3026 702 3093 tam
720 3017 825 3094 suavi
842 3024 1049 3116 ungnento3
1067 3026 1105 3096 et
1121 3019 1240 3116 primo
1257 3021 1421 3098 nominat
1438 3043 1556 3097 unum

387 3139 508 3216 virum
536 3139 765 3214 modernum.
792 3139 863 3214 Iste
887 3139 955 3214 tuit
980 3139 1129 3235 quidam
1147 3139 1296 3216 dlenius
1317 3143 1421 3218 mites
1441 3127 1575 3239 digni-'¹

386 3267 471 3356 tate,
502 3257 630 3334 nobilis
660 3277 809 3356 genere,
840 3259 987 3335 natione
1015 3261 1181 3356 lucanus,
1208 3269 1341 3338 natura
1365 3262 1554 3338 blandissi-

388 3401 482 3456 mus
496 3379 580 3456 Fuit
596 3379 694 3456 enim
715 3379 762 3455 de
778 3380 1030 3457 Intermineltis
1046 3380 1093 3457 de
1109 3381 1224 3478 Luca3
1237 3383 1284 3458 de
1296 3403 1371 3478 qua
1384 3381 1495 3479 stirpe
1508 3403 1554 3459 en

387 3501 482 3577 linea
500 3506 667 3576 materna
685 3499 752 3574 suit
774 3500 834 3575 ille
850 3507 1023 3576 strenuus
1046 3502 1151 3579 miles
1173 3503 1403 3578 Castruccins
1428 3509 1554 3602 tyran·

386 3644 457 3697 nus
481 3621 653 3698 cordatus
679 3628 716 3696 et
740 3621 900 3696 multum
925 3621 1142 3698 formidatus
1167 3623 1204 3697 in
1228 3628 1305 3698 tota
1330 3624 1472 3720 Tuscia,
1493 3624 1557 3720 qui

387 3744 454 3819 tuit
480 3763 637 3841 magnus
663 3741 817 3818 madeus
841 3743 1045 3838 Florentiae,
1063 3743 1233 3820 dominus
1249 3744 1431 3840 Pisanum,
1448 3746 1557 3821 Lnoae

385 3870 423 3939 et
446 3863 609 3957 Pistorii3
634 3862 681 3938 de
705 3883 780 3958 quo
804 3868 914 3940 antor
940 3869 1063 3938 noster
1084 3885 1158 3938 non
1177 3863 1261 3940 iacit
1280 3865 1502 3941 mentionem
1517 3857 1555 3960 (¹)

385 3984 423 4059 in
447 4003 561 4080 opere
584 4005 664 4078 suo,
691 3983 777 4078 quia
803 3983 935 4059 claruit
959 3986 1172 4081 paulopost
1195 3991 1353 4062 mortem
1379 3985 1557 4061 eius.1ste

384 4125 475 4201 ergo
500 4103 649 4179 Alexins
674 4123 720 4178 ex
745 4124 859 4199 prava
885 4104 1151 4180 consuetudine
1179 4109 1323 4181 tantum
1349 4105 1556 4181 delectaba-

384 4231 446 4299 tur
469 4223 689 4318 adulatione,
716 4223 815 4318 quod
841 4224 983 4298 nullum
1010 4243 1220 4300 sermonem
1252 4225 1388 4301 sciebat
1421 4225 1556 4324 iacere,

381 4365 496 4440 quem
530 4365 603 4420 non
636 4343 800 4420 condiret
834 4345 916 4420 oleo
948 4344 1184 4421 adutationis:
1219 4365 1348 4422 omnes
1381 4346 1555 4444 ungebat,

382 4485 512 4542 omnes
536 4464 707 4562 lingebat,
733 4463 844 4540 etium
871 4464 1063 4541 vilissimos
1094 4473 1132 4542 et
1162 4466 1409 4543 mercenarios
1434 4467 1556 4542 samu

384 4587 454 4682 tos3
481 4592 519 4661 et
543 4590 587 4659 ut
610 4583 683 4662 cito
706 4583 839 4680 dicam,
857 4591 957 4660 totus
981 4586 1138 4678 colebat,
1165 4593 1261 4662 totus
1287 4587 1437 4662 ioetebat
1460 4587 1571 4700 adu3

383 4706 527 4783 tatione.
555 4705 640 4780 Ideo
668 4704 764 4781 bene
787 4711 897 4782 autor
925 4706 1096 4781 describit
1127 4728 1214 4783 eum
1250 4714 1368 4785 totum
1399 4715 1553 4784 unctum

383 4829 451 4904 ista
475 4827 577 4920 iace,
601 4827 652 4900 ita
682 4832 723 4899 ut
755 4845 829 4901 non
858 4826 1129 4902 discerneretur
1144 4819 1181 4922 (ἢ
1214 4827 1262 4904 ab
1294 4828 1440 4923 habitn3
1473 4835 1553 4905 erat

445 5023 473 5085 (¹)
488 5022 675 5075 saduc-tt
684 5021 762 5074 titius.
829 5021 858 5087 ι’)
876 5028 929 5086 tro,
939 5025 1098 5078 mentionem
1107 5025 1150 5078 roi
1161 5025 1359 5091 descriptionem
1370 5025 1485 5090 inopm
1493 5037 1551 5077 ooo.

447 5097 473 5164 Γ)
488 5098 515 5150 S·
530 5112 546 5150 ε
563 5102 616 5161 ¹¹⁸.
630 5099 835 5165 dammam.
