4566 6844
723 953 792 1020 540
1113 963 1317 1018 GOMENTUM
1342 963 1493 1016 urrunnu

721 1107 890 1184 bericus:
925 1109 1069 1182 Veniant
1095 1112 1254 1202 mom
1288 1112 1324 1182 et
1360 1105 1482 1180 subito
1514 1112 1720 1202 eruperunt
1762 1107 1891 1183 lamuli

720 1229 864 1322 armati,
891 1229 955 1323 qui
980 1226 1140 1303 latebant
1170 1227 1217 1301 ibi
1242 1234 1324 1324 post
1349 1248 1460 1302 unam
1492 1227 1684 1322 cortinam,
1712 1227 1775 1323 qni
1804 1250 1891 1304 cru-

722 1349 850 1425 deliter
888 1349 1167 1424 trucidaverunt
1202 1347 1248 1422 ad
1288 1367 1453 1423 mensam
1489 1355 1632 1443 patrem
1675 1355 1712 1424 et
1756 1348 1891 1444 fllium,

720 1469 888 1544 Alberico
913 1468 1059 1543 vidente
1083 1473 1121 1542 et
1146 1467 1331 1564 gaudente
1345 1461 1394 1560 (¹).
1421 1468 1465 1541 Et
1490 1467 1549 1542 hic
1575 1476 1671 1564 nota,
1694 1469 1792 1563 quod
1818 1469 1894 1545 lra-

724 1596 780 1664 ter
806 1589 994 1664 Albericus
1028 1594 1177 1663 secutus
1205 1595 1262 1662 est
1291 1587 1501 1683 exemplum
1528 1587 1727 1684 dbsalonis²
1753 1591 1816 1684 qui
1842 1591 1893 1665 si-

724 1711 798 1783 mili
825 1708 935 1783 modo
960 1707 1185 1784 dissimulata
1210 1707 1342 1782 iniuria
1363 1708 1410 1782 ad
1435 1715 1582 1802 tempus
1606 1707 1690 1783 lecit
1716 1709 1890 1785 trucidari

723 1829 875 1904 fratrem
910 1849 1019 1902 suum
1056 1827 1102 1902 ad
1139 1847 1330 1920 mensam;
1364 1826 1446 1903 ideo
1474 1826 1588 1902 irater
1613 1826 1804 1902 Albericus
1828 1828 1892 1904 de-

724 1949 833 2024 bebat
869 1948 927 2022 hic
961 1952 1059 2021 stare
1090 1947 1159 2021 sub
1194 1947 1326 2020 umbra
1361 1946 1451 2040 eius,
1482 1946 1567 2021 licet
1596 1945 1753 2021 Absalon
1787 1947 1893 2042 peius

723 2067 861 2160 lecerit,
887 2067 974 2160 qnia
999 2065 1253 2141 reconciliatus
1279 2065 1384 2160 patri,
1411 2066 1525 2140 voluit
1557 2065 1701 2160 eripere
1733 2066 1800 2139 sibi
1832 2086 1894 2141 re-

722 2208 852 2284 gnum,
875 2192 912 2262 et
937 2206 1023 2260 curn
1049 2185 1110 2259 illo
1136 2184 1288 2280 expulso
1314 2184 1451 2259 bellum
1476 2186 1599 2281 gessit,
1624 2191 1666 2259 ut
1691 2185 1776 2260 alibi
1801 2186 1926 2324 scri]

723 2314 828 2403 ptum
854 2313 918 2380 est.
946 2305 1038 2378 Dicit
1068 2325 1157 2400 ergo
1182 2303 1382 2397 Albericus
1409 2311 1560 2402 tangens
1585 2306 1729 2400 culpam
1757 2325 1889 2380 suarn:

723 2431 758 2500 io
783 2447 847 2499 son
873 2428 1062 2517 quottidie
1093 2429 1204 2518 sndta
1234 2425 1293 2498 det
1323 2427 1398 2497 mal
1423 2433 1513 2499 orto.
1538 2425 1712 2521 'Appellat
1747 2425 1891 2499 Faven-

726 2548 814 2622 tiam
834 2547 973 2621 malum
1001 2547 1162 2638 hortum,
1187 2565 1270 2638 quae
1295 2543 1467 2639 produxit
1485 2544 1682 2640 aliquando
1708 2551 1782 2620 tarn
1810 2566 1892 2619 ma-

724 2667 777 2741 los
804 2666 943 2740 tructus
975 2665 1011 2738 in
1049 2663 1227 2738 nobilibus
1264 2665 1349 2739 suis.
1378 2665 1481 2740 Unde
1506 2671 1615 2740 autor
1646 2665 1767 2761 posuit
1799 2666 1893 2740 duos

665 2835 669 2842 -
726 2785 864 2860 nobiles
895 2782 1097 2879 proditores
1134 2783 1181 2858 de
1214 2784 1388 2858 Faventia
1420 2785 1458 2858 in
1492 2785 1560 2858 ista
1594 2784 1721 2881 glacie,
1756 2785 1892 2860 scilicet

726 2904 998 2981 Thebaidellum
1025 2903 1071 2978 de
1096 2909 1199 2998 parte
1224 2903 1430 3000 glribellioa,
1461 2903 1524 2997 qui
1554 2903 1709 2999 prodidit
1734 2903 1891 2998 patriam

725 3031 762 3102 et
787 3031 942 3121 partem,
973 3030 1010 3098 et
1039 3021 1247 3098 Alhericnm
1277 3023 1324 3098 de
1354 3029 1459 3119 parte
1483 3022 1653 3120 guelpha,
1679 3023 1744 3117 qui
1768 3022 1892 3119 prodi·

724 3145 776 3220 dit
801 3143 1152 3240 consanguinitatem
1168 3133 1206 3234 (²)
1233 3142 1279 3217 ad
1305 3163 1482 3218 mensam.
1512 3143 1577 3218 Alii
1605 3150 1729 3219 tameo
1754 3143 1891 3240 dicunt,

725 3265 821 3360 quod
849 3265 915 3338 ista
940 3285 1047 3338 coena
1073 3261 1262 3337 maledicta
1280 3262 1374 3339 lacta
1392 3271 1447 3338 est
1467 3263 1505 3337 in
1531 3262 1692 3357 quodam
1709 3266 1837 3360 horto;
1856 3272 1894 3340 et

724 3390 805 3482 post
834 3385 980 3480 culpam
1016 3383 1131 3480 tangit
1160 3403 1326 3478 poenam,
1364 3383 1511 3459 dicens:
1544 3387 1604 3458 cte
1634 3388 1693 3478 pret
1720 3389 1892 3479 uuordo

723 3509 859 3579 dedero
889 3525 955 3596 per
978 3507 1060 3598 fiac,
1086 3503 1191 3598 quasi
1215 3502 1334 3578 dicat:
1370 3502 1452 3577 dedi
1466 3493 1504 3596 (³)
1530 3505 1670 3578 malurn
1709 3504 1891 3602 fructum,

724 3645 822 3699 nunc
857 3612 1043 3718 recipio(⁴)
1079 3623 1252 3717 peiorem.
1280 3622 1459 3716 Loquitur
1489 3622 1587 3698 enim
1619 3623 1767 3698 ironice.
1799 3625 1892 3700 Nam

724 3744 815 3819 licus
840 3743 956 3818 dulcis
971 3735 1007 3836 (⁵)
1034 3741 1176 3816 fruetus
1196 3743 1287 3816 solet
1310 3741 1389 3816 dari
1415 3742 1546 3837 amico,
1565 3749 1602 3818 et
1617 3742 1685 3818 iste
1700 3743 1799 3818 dedit
1815 3751 1891 3819 tam

723 3883 895 3938 amarum
910 3853 949 3956 (⁶)
979 3863 1142 3938 fructum
1171 3861 1298 3936 mortis
1328 3861 1474 3936 amicis:
1502 3882 1600 3937 nunc
1634 3883 1724 3960 ergo
1760 3865 1892 3940 merito

726 3983 852 4079 recipit
866 3973 903 4076 (⁷)
934 3983 1178 4078 amariorem
1205 3982 1262 4058 vel
1294 3982 1497 4057 secundum
1529 3981 1637 4057 aliam
1664 3983 1807 4060 literam
1839 3989 1893 4060 η’-

720 4107 852 4199 pende,
877 4103 981 4198 idest,
1007 4102 1120 4179 reddo
1149 4111 1186 4179 et
1211 4103 1396 4176 luo—0
1421 4104 1560 4176 dorio.
1587 4103 1652 4177 llic
1677 4111 1798 4202 autor,
1824 4127 1893 4181 au·

724 4224 799 4299 dito
825 4224 924 4318 quod
949 4225 1016 4298 iste
1031 4214 1067 4316 (Β)
1095 4229 1175 4300 erat
1200 4222 1313 4297 irater
1338 4221 1537 4317 Moericus,
1559 4223 1782 4320 stupefactus
1812 4247 1894 4301 rno-

724 4351 787 4421 vet
812 4342 878 4418 sibi
905 4364 1017 4418 unam
1045 4341 1306 4437 quaestionem3
1332 4341 1479 4436 quando
1501 4341 1597 4416 enirn
1625 4350 1733 4419 autor
1758 4343 1822 4419 ivit
1847 4346 1893 4421 ad

724 4465 909 4542 internum
935 4465 1050 4539 irater
1083 4463 1274 4539 ,llbericus
1310 4462 1455 4538 vivebat
1490 4463 1624 4558 adhuc,
1659 4470 1697 4540 et
1726 4473 1835 4541 autor
1856 4459 1893 4558 (⁹)

726 4585 927 4680 reliquerat
952 4605 1040 4660 eum
1067 4585 1191 4658 vivum
1220 4583 1256 4657 in
1280 4581 1538 4678 Romandiola3
1565 4581 1647 4658 ideo
1666 4603 1752 4658 cunr
1773 4584 1893 4660 admi·

784 4777 812 4841 (¹)
828 4778 859 4828 li.
875 4779 1061 4844 congaudente.
1283 4779 1311 4841 (¹2
1327 4779 1359 4831 B.
1375 4779 1604 4844 commgulnenm.

786 4853 813 4918 (¹)
830 4859 885 4914 rra,
901 4853 923 4904 n
938 4853 1005 4906 eeu.
1283 4856 1311 4920 (¹)
1328 4856 1359 4907 n.
1376 4855 1488 4918 reperio

786 4931 814 4994 (’)
830 4929 856 4982 S.
873 4931 956 4982 went
970 4937 997 4982 el
1012 4931 1103 4982 dulcis.
1283 4931 1311 4994 (⁸)
1328 4932 1359 4983 li.
1375 4932 1483 4983 melum.

787 5010 814 5070 (¹)
832 5012 886 5070 lle,
902 5008 1008 5072 recepit.
1216 5066 1219 5074 ¹
1284 5009 1312 5074 (·)
1328 5009 1358 5060 B.
1373 5009 1423 5062 lete
1437 5014 1505 5062 enen
1519 5009 1602 5060 irater
1617 5008 1765 5072 sutertona,
1781 5015 1877 5064 notu.

788 5083 817 5148 (¹)
833 5083 863 5135 ll.
879 5089 955 5136 autor
969 5099 1031 5136 enm
1047 5089 1073 5138 ln
1089 5088 1186 5140 mundo
1202 5089 1290 5140 rtrum
1306 5087 1448 5152 reliquerat
1464 5087 1490 5137 in
1507 5085 1685 5138 Romendlole.
