4566 6844
713 927 851 988 usurus
876 931 1090 1008 narpnsntus
1114 931 1276 987 rsnrrus.
1507 917 1577 986 539

411 1094 507 1168 uren,
534 1073 564 1148 si
589 1072 726 1150 diceret
752 1073 834 1170 quis
866 1085 979 1169 essct3
1011 1075 1109 1150 unde
1138 1075 1246 1152 dicit:
1270 1077 1436 1169 percd’io
1465 1095 1489 1150 u
1518 1078 1580 1167 tui,

408 1193 537 1289 supple
561 1192 658 1268 dixi:
685 1196 806 1268 dimam
828 1197 883 1267 cisi
906 1197 980 1286 ste',
997 1217 1034 1269 se
1051 1199 1132 1268 vuol
1155 1195 1252 1269 ct’io
1276 1198 1303 1270 ti
1324 1216 1517 1286 suouepuu,
1544 1204 1582 1271 et

407 1314 545 1410 obligat
568 1333 609 1388 se
634 1313 683 1387 illi
708 1313 755 1388 ad
780 1313 936 1388 similem
962 1335 1123 1410 poenam,
1141 1315 1171 1390 si
1192 1316 1260 1390 huc
1278 1336 1351 1390 uon
1367 1315 1508 1410 lecerit,
1524 1314 1581 1390 di·

407 1453 515 1509 cens:
541 1455 561 1506 e
583 1436 661 1506 s’s'o
677 1454 749 1506 rsou
768 1435 1237 1530 ammanuensium
1261 1435 1376 1510 libero
1403 1441 1440 1509 te
1464 1456 1487 1511 a
1513 1455 1580 1510 re·

409 1553 543 1631 lamine
566 1554 774 1648 oculorum,
801 1557 839 1627 al
859 1557 971 1649 fondo
996 1557 1040 1628 de
1064 1558 1100 1628 tu
1123 1556 1282 1646 pdiuccta
1310 1557 1345 1628 ir
1373 1557 1423 1628 mi
1451 1574 1579 1628 conoe-

407 1693 498 1763 pca:
533 1679 570 1746 et
601 1678 657 1747 est
689 1673 861 1770 vulgatus
886 1666 923 1765 (¹)
955 1673 1087 1748 modus
1120 1673 1311 1768 loquendi3
1348 1692 1445 1768 saepe
1477 1672 1576 1747 enim

408 1791 531 1866 dicere
555 1792 715 1866 solemus
730 1783 788 1884 (²):
820 1792 850 1866 si
876 1813 949 1869 non
975 1793 1097 1869 lecero
1121 1795 1203 1886 hoc,
1229 1794 1313 1868 vulo
1341 1793 1464 1868 vocari
1490 1813 1578 1888 pro-

407 1909 502 1984 ditor
517 1899 565 2002 (³).
592 1910 636 1984 Et
665 1911 822 1986 ostendit
852 1911 1039 2006 quomodo
1065 1911 1125 1986 ille
1138 1901 1176 2004 (⁸)
1202 1911 1350 2006 spiritns
1379 1931 1577 2007 persuasus

406 2028 645 2125 promissione
661 2030 728 2104 sibi
749 2030 844 2105 iacta
864 2031 1152 2108 manifestaverit
1168 2051 1219 2128 se,
1237 2031 1396 2127 primun
1417 2031 1578 2126 nornine,

406 2150 607 2226 secundun
624 2151 744 2245 culpa,
763 2150 870 2225 tertio
887 2172 910 2225 a
927 2171 1048 2246 poena.
1066 2151 1158 2226 Dicit
1175 2171 1287 2250 ergo:
1305 2154 1441 2244 rispuse
1463 2153 1577 2224 aduc·

407 2290 489 2362 pue:
516 2273 551 2343 iu
574 2291 640 2344 sou
662 2274 757 2364 frate
778 2272 947 2346 diberico.
966 2270 1019 2345 Ad
1037 2270 1224 2346 sciendum
1246 2290 1336 2366 ergo
1359 2269 1442 2364 quis
1467 2241 1614 2344 ruenni

406 2389 474 2464 iste
498 2389 658 2484 spiritus,
684 2395 829 2484 oportet
853 2390 958 2483 scire,
979 2389 1078 2483 quod
1103 2389 1171 2464 iste
1196 2396 1348 2464 vocatus
1378 2393 1432 2464 est
1461 2387 1577 2463 irater

406 2509 595 2584 Albericns
632 2509 679 2584 de
716 2509 890 2587 Faventia
920 2509 1066 2586 civitate
1090 2509 1137 2584 de
1171 2507 1362 2584 llanlredis
1396 2507 1577 2582 nobilibus

407 2636 444 2706 et
468 2629 687 2724 potentibus,
714 2629 778 2723 qni
803 2649 900 2725 saepe
925 2629 1137 2704 habuerunt
1164 2628 1367 2702 dominium
1398 2627 1494 2702 illius
1525 2627 1578 2704 ci·

406 2747 546 2842 vitatis3
583 2753 620 2822 et
657 2747 725 2822 luit
762 2748 809 2823 de
845 2747 1019 2822 iratribus
1057 2747 1326 2842 Gaudentium,
1359 2747 1406 2824 dc
1443 2747 1578 2842 quibus
1638 2845 1642 2852 ι

407 2868 493 2944 alibi
516 2867 654 2944 dictum
683 2873 737 2944 est
766 2888 888 2964 supra.
919 2869 1087 2945 Fuerunt
1118 2878 1242 2943 autem
1278 2866 1315 2941 in
1344 2867 1439 2942 dicta
1464 2867 1576 2943 domo

408 2996 484 3064 tres
503 2987 763 3083 consanguinei
781 2988 911 3064 eodem
930 2994 1108 3084 tempore,
1121 2987 1257 3063 scilicet
1276 2986 1464 3061 dibericns
1480 3007 1577 3080 pras·

408 3108 537 3201 dictus,
555 3090 812 3205 diberghettus
841 3113 879 3182 et
907 3106 1125 3182 Maniredus.
1155 3105 1291 3180 Accidit
1320 3110 1459 3198 autem,
1477 3104 1577 3199 quod

408 3228 446 3302 in
470 3226 735 3302 MCCLXXXVI
760 3225 978 3320 Memmius,
999 3226 1147 3322 juvenis
1163 3225 1362 3318 animosus,
1381 3224 1577 3320 cupiditate

410 3345 598 3442 regnandi,
621 3345 755 3420 struxit
779 3344 924 3420 insidias
952 3344 1055 3419 tratri
1072 3343 1260 3438 diheric03
1291 3350 1328 3417 et
1343 3333 1381 3435 (⁶)
1398 3362 1485 3417 cum
1512 3343 1578 3418 de-

408 3464 591 3540 venissent
619 3463 664 3538 ad
694 3484 826 3562 graves
851 3463 1102 3538 contentiones
1126 3461 1341 3556 verborum,
1367 3459 1578 3536 Manlredus

406 3584 539 3659 ductus
563 3582 702 3677 impetu
729 3581 805 3676 ire,
822 3582 920 3658 dedit
942 3582 1044 3657 fratri
1069 3582 1215 3679 alapam
1237 3601 1424 3678 magnam,
1441 3581 1578 3657 scilicet

405 3703 506 3778 fratri
532 3701 709 3778 Atherico.
742 3701 812 3778 Sed
843 3703 920 3798 ipse
949 3701 1063 3778 irater
1092 3702 1282 3778 dibericus
1311 3701 1480 3800 sagacior
1509 3702 1578 3777 ali-

405 3823 566 3918 quandiu
593 3841 673 3896 rem
698 3822 969 3898 dissimulanter
995 3823 1096 3916 tulit3
1129 3829 1166 3897 et
1198 3821 1344 3897 tandem
1379 3842 1464 3897 cum
1496 3843 1578 3898 cre·

403 3941 490 4016 didit
503 3930 540 4034 (⁶)
567 3939 739 4015 iniuriam
765 3941 941 4017 excidisse
965 3961 989 4014 a
1015 3940 1193 4015 memoria
1219 3939 1326 4034 illius,
1351 3939 1454 4014 finxit
1480 3941 1574 4016 velle

404 4059 640 4136 reconciliare
669 4060 734 4134 sibi
764 4061 902 4136 dictum
935 4058 1161 4133 Manlredum
1193 4059 1327 4151 dicens,
1360 4058 1459 4153 quod
1489 4081 1575 4156 par·

403 4180 561 4256 cendum
586 4186 667 4256 erat
687 4179 800 4255 calori
815 4179 980 4276 juvenili.
1004 4177 1112 4253 Facta
1133 4178 1244 4274 igitur
1265 4198 1367 4274 pace,
1385 4179 1575 4256 dibericus

403 4301 486 4376 lecit
501 4290 537 4394 (⁷)
565 4300 787 4395 convivium,
813 4300 873 4375 cni
898 4299 1145 4374 interfuerunt
1171 4298 1378 4374 Manlredus
1408 4307 1445 4374 et
1476 4321 1574 4374 unus

405 4421 498 4496 lilius
525 4421 614 4498 eius.
641 4419 756 4495 Finita
782 4440 887 4494 coena
912 4440 999 4494 cum
1026 4439 1158 4515 magna
1184 4407 1383 4513 alacritate,
1402 4419 1492 4494 dixit
1511 4421 1574 4494 ΑΙ-

463 4583 492 4646 (¹)
507 4583 533 4636 S.
552 4583 666 4648 sulpuris
681 4584 784 4635 modus.

464 4659 492 4722 ζ’)
509 4659 539 4710 13.
556 4660 670 4711 solemus
686 4661 713 4710 in
729 4659 824 4711 nostris
840 4660 1065 4723 promissionibus:
1082 4661 1102 4710 si
1118 4674 1180 4711 non.

464 4733 491 4800 (¹)
507 4735 537 4788 B.
554 4749 570 4788 s
587 4740 641 4796 trs,
659 4736 785 4801 proditor,
802 4737 843 4788 rel
860 4737 944 4801 puniri
961 4743 1092 4802 umquam
1110 4735 1237 4801 proditor.

465 4811 493 4874 (⁸)
509 4811 539 4861 lt.
555 4811 601 4862 lile
617 4823 763 4875 persuasus.

464 4886 491 4948 (¹)
508 4890 562 4940 tls.
583 4890 610 4937 et
632 4900 692 4936 curn
713 4887 892 4950 increparetur
912 4899 945 4937 ex
960 4887 1011 4938 troc
1030 4899 1046 4936 a
1068 4887 1150 4937 tratre
1171 4885 1305 4946 utherico,
1321 4891 1347 4938 et
1363 4887 1525 4938 devenissent
1542 4885 1574 4938 ud

402 4973 507 5025 pravum
523 4961 716 5012 contentionem
732 4962 881 5012 verborum.

464 5035 537 5101 m.
553 5037 601 5088 lule
612 5033 725 5088 'credidit
741 5035 864 5088 iniuriam
880 5039 946 5088 hunc
960 5036 1093 5088 sxctdlsss.
1229 5035 1257 5100 θ)
1272 5037 1303 5087 Ε.
1319 5037 1372 5100 ipss
1389 5035 1459 5088 rods
