4526 6836
695 971 743 1039 86
1090 982 1292 1041 commin
1308 981 1469 1040 mmm

693 1129 829 1204 scilicet
852 1127 1040 1202 ratiocinia
1064 1128 1235 1222 aliorum,
1261 1132 1310 1202 mi
1330 1131 1450 1205 amun
1469 1127 1616 1200 corderii
1629 1129 1753 1218 sperati,
1771 1126 1863 1202 idest

693 1247 788 1322 dicta
813 1253 961 1322 mortua
986 1254 1023 1320 et
1050 1267 1142 1322 vana
1161 1255 1329 1342 respectu
1348 1255 1512 1322 tuorum.
1531 1246 1602 1321 Sed
1618 1245 1705 1320 satis
1722 1246 1860 1322 dictum

695 1375 749 1445 est
773 1369 820 1443 de
843 1368 1009 1462 Mantua3
1026 1387 1126 1442 nunc
1150 1375 1385 1446 revertamur
1401 1368 1448 1442 ad
1465 1365 1658 1442 materiam
1676 1366 1863 1462 propriam

695 1496 731 1565 et
755 1487 992 1584 principalem
1016 1487 1275 1562 divinatorum.

768 1612 832 1681 Ma
846 1609 981 1680 dimum.
1000 1607 1069 1681 Ista
1090 1617 1146 1684 est
1160 1613 1292 1701 quarta
1309 1627 1394 1702 pars
1410 1603 1601 1702 generalis,
1616 1604 1652 1678 in
1670 1625 1743 1699 qna
1762 1626 1862 1684 nunc

694 1733 802 1802 autor
828 1726 1036 1822 regreditur
1059 1725 1105 1800 ad
1130 1727 1323 1802 materiam
1349 1725 1505 1820 primam
1530 1723 1799 1818 divinatorum;
1824 1733 1863 1800 et

695 1845 858 1921 nominat
880 1845 1023 1938 aliquos
1051 1845 1271 1920 divinatores
1296 1863 1438 1941 graecos
1463 1853 1501 1920 et
1524 1842 1665 1937 latinos,
1690 1845 1862 1938 antiquos

695 1971 732 2040 et
756 1964 962 2058 modernos,
979 1970 1016 2038 et
1038 1965 1157 2059 primo
1176 1963 1333 2040 ostendit
1349 1985 1389 2038 se
1405 1963 1554 2040 avidum
1573 1963 1620 2038 ad
1636 1963 1861 2039 audiendum

693 2083 828 2177 aliquid
863 2084 909 2157 de
938 2082 1026 2156 aiiis.
1059 2082 1151 2161 Dicit
1180 2103 1287 2179 ergo:
1314 2104 1374 2156 mc
1397 2085 1526 2156 dtmme
1551 2086 1595 2156 de
1619 2086 1656 2156 lu
1678 2091 1778 2174 pente
1802 2086 1864 2157 cde

689 2205 854 2296 precede,
879 2201 970 2276 idest
994 2221 1079 2295 quae
1104 2203 1272 2296 sequitur
1296 2202 1386 2276 aiios
1410 2201 1642 2294 divinatores,
1660 2201 1707 2276 de
1727 2201 1861 2296 qudrns

693 2323 830 2398 dictum
857 2327 913 2396 est
937 2342 1061 2416 supra,
1085 2343 1122 2395 se
1146 2329 1182 2395 tu
1196 2343 1240 2395 rw
1257 2325 1329 2398 vidi
1344 2325 1447 2396 mum
1462 2325 1570 2413 digno
1587 2324 1625 2396 di
1640 2329 1735 2417 noto,
1753 2324 1858 2417 quasi

693 2443 810 2518 dicat:
843 2441 938 2516 veile
971 2441 1094 2517 dicere
1123 2441 1168 2516 de
1199 2441 1371 2516 omnibus
1402 2442 1460 2516 vel
1495 2441 1541 2516 de
1572 2441 1739 2536 pluribus
1764 2449 1860 2518 esset

694 2561 821 2635 inutile
853 2569 890 2636 et
922 2561 1153 2656 impossibile,
1186 2567 1239 2634 tot
1272 2568 1378 2655 sunt;
1403 2561 1485 2636 ideo
1516 2561 1613 2636 dicas
1647 2566 1791 2638 tantum
1815 2561 1863 2637 de

694 2679 913 2774 quibusdam
937 2681 1062 2776 paucis
1087 2680 1372 2775 notabilioribus,
1398 2683 1458 2754 cite
1483 2684 1521 2754 lo
1545 2689 1653 2756 mente
1677 2685 1750 2754 mio
1764 2686 1862 2755 solo·

694 2808 803 2874 menie
826 2801 949 2894 msede,
975 2799 1066 2875 idest
1093 2799 1205 2875 reiert
1228 2819 1280 2893 se,
1304 2801 1363 2874 vel
1384 2799 1523 2894 referit,
1536 2803 1613 2873 soto
1628 2820 1654 2872 a
1668 2793 1736 2892 rid,
1753 2801 1859 2894 quasi

693 2921 811 2996 dicat:
837 2920 1035 3015 speculatio
1061 2939 1143 2993 mea
1168 2939 1236 3014 pro
1260 2939 1359 2993 nnnc
1384 2919 1503 2993 solum
1521 2919 1673 2994 intendit
1688 2919 1735 2994 ad
1753 2919 1860 2994 istam

694 3040 885 3117 materiam
920 3040 1177 3115 divinatorum.
1190 3079 1240 3094 -
1253 3043 1350 3113 ntor.
1384 3040 1448 3113 Hic
1479 3046 1588 3114 autor
1613 3045 1739 3114 namot
1763 3061 1859 3134 quo·

693 3159 801 3234 modo
827 3159 997 3255 Virgilius
1023 3157 1218 3252 requisitus
1234 3157 1282 3232 ab
1299 3179 1345 3234 eo
1362 3158 1558 3233 ostenderit
1574 3159 1642 3233 sibi
1657 3157 1858 3252 quemdam

691 3297 876 3373 augurem
901 3277 1097 3371 antiquum
1122 3295 1299 3372 graecum.
1326 3276 1379 3350 Ad
1403 3277 1509 3352 cuius
1534 3276 1780 3372 cognitionem
1804 3283 1860 3352 est

659 3489 662 3498 Ι
691 3396 891 3490 sciendum,
909 3397 1008 3492 quod
1028 3397 1096 3472 iste
1120 3404 1175 3470 est
1200 3395 1382 3492 Euripiins
1401 3416 1557 3492 magnus
1573 3403 1612 3470 et
1628 3396 1860 3472 authenticus

691 3537 814 3612 augur
838 3535 1047 3611 graecorum
1065 3527 1232 3611 tompore
1248 3536 1324 3609 quo
1342 3517 1488 3591 iverunt
1501 3510 1537 3608 (¹)
1556 3523 1684 3591 contra
1702 3517 1860 3610 Troiam,

691 3642 730 3710 et
746 3643 802 3710 est
817 3642 1080 3730 argumentum
1098 3635 1199 3729 quod
1215 3634 1326 3709 inerit
1337 3635 1601 3711 celeberrimus
1616 3655 1739 3731 augur
1753 3636 1860 3710 cuius

692 3755 840 3830 scientia
858 3755 1031 3829 utebatur
1043 3755 1185 3850 sapiens
1197 3753 1348 3849 Graecia,
1362 3753 1509 3848 quando
1522 3760 1597 3828 tota
1610 3745 1857 3846 notabilitasffl

692 3881 730 3950 et
752 3874 913 3969 potentia
942 3894 1153 3971 graecorum
1178 3872 1374 3948 coniurans
1399 3879 1526 3948 contra
1553 3873 1699 3948 Troiam
1723 3893 1859 3950 conve-

693 4000 797 4070 uerat
807 3993 855 4067 ad
867 3993 1084 4068 altissimum
1097 3993 1287 4089 negotium
1300 3992 1559 4086 exequendum
1568 3983 1617 4084 (³).
1631 3981 1855 4087 Euripilust‘)

691 4135 782 4211 ergo
806 4121 888 4189 erat
912 4115 976 4208 qui
1000 4133 1146 4208 semper
1170 4113 1340 4207 captabat
1363 4112 1521 4206 auguria
1546 4117 1584 4186 ct
1607 4111 1717 4188 dabat
1749 4113 1859 4188 horas

691 4242 899 4330 temporum
929 4241 966 4309 et
991 4233 1137 4329 petebat
1162 4251 1335 4325 responsa
1360 4231 1514 4306 deorum
1532 4223 1581 4326 (Β),
1607 4231 1701 4308 sicut
1733 4231 1859 4309 scribit

690 4354 860 4450 Virgilius
891 4353 983 4427 libro
1020 4359 1153 4445 quarto
1186 4351 1352 4444 lineidos,
1379 4351 1477 4424 unde
1510 4351 1620 4446 graeci
1654 4352 1779 4428 omnia
1803 4353 1858 4427 ia-

690 4473 834 4547 ciebant
857 4473 936 4548 eius
961 4471 1129 4563 consiii03
1154 4477 1192 4544 et
1216 4491 1303 4544 cum
1323 4491 1453 4545 omnes
1470 4491 1577 4568 reges
1593 4491 1805 4567 grecorum
1819 4465 1855 4567 (θ)

751 4689 777 4748 (¹)
793 4688 824 4738 Ε.
839 4689 943 4740 inerunt
958 4689 989 4738 ad
1006 4689 1112 4740 motam
1127 4703 1188 4740 cun
1204 4691 1328 4750 axardtu.
1345 4695 1372 4740 ct
1387 4696 1426 4746 ast
1442 4699 1627 4756 ammentum
1639 4694 1709 4758 qnod
1719 4695 1767 4748 itta
1777 4694 1858 4748 mam

689 4761 874 4814 celeberrimus
889 4777 980 4827 augur,
997 4765 1120 4827 sapientia
1137 4765 1211 4814 cuius
1227 4765 1355 4815 utebatur.

750 4839 777 4901 (¹)
792 4839 819 4890 S.
833 4851 849 4890 e
866 4843 920 4899 tro,
936 4839 1065 4892 nobilitas.
1074 4865 1105 4878 -
1115 4840 1145 4890 R.
1161 4840 1288 4901 murtro,
1305 4841 1427 4904 rapienda
1443 4847 1470 4892 et
1484 4843 1607 4906 potentia.

752 4915 778 4978 r)
795 4919 849 4975 no,
866 4917 1083 4980 mummium.
1352 4918 1379 4980 υ)
1394 4918 1426 4969 Ε.
1443 4919 1575 4984 Εωίρϋω
1591 4921 1690 4976 adorat

751 4991 779 5054 ι’)
795 4991 826 5044 Β.
842 4991 952 5044 mum
967 4993 1038 5046 titius
1053 4993 1186 5058 temporit,
1203 4993 1278 5046 sicut.
1511 5061 1515 5068 .

752 5067 779 5129 (⁸)
794 5067 825 5120 lt.
840 5081 987 5132 morum
1002 5071 1072 5134 apud
1087 5071 1212 5128 numu
1227 5071 1339 5123 iamlam
1354 5073 1541 5134 consument,
1557 5075 1607 5128 itt·
1622 5075 1679 5131 tuit.
