4620 6826
762 1005 902 1062 caurus
927 981 1125 1063 mansurus
1144 1008 1306 1064 manus.
1545 997 1614 1064 165

441 1172 519 1226 esso
552 1155 624 1246 noi,
658 1150 761 1246 idest,
793 1172 905 1246 supra
942 1171 1033 1245 oos3
1069 1157 1107 1228 et
1139 1152 1248 1227 dicit:
1283 1173 1344 1226 mo
1377 1173 1449 1226 oon
1486 1155 1521 1226 oi
1552 1172 1617 1226 ero

440 1279 605 1366 cospetto,
625 1272 728 1367 idest,
755 1272 875 1366 timor,
902 1272 1007 1367 quasi
1032 1271 1128 1347 dicat
1141 1267 1204 1366 (¹):
1232 1273 1296 1348 sed
1321 1291 1395 1347 non
1426 1272 1618 1368 oportebat

440 1391 621 1485 dubitare,
648 1399 685 1466 et
709 1411 797 1468 ecce
822 1412 940 1486 quare
965 1413 1050 1488 non,
1072 1396 1132 1467 che
1155 1396 1264 1468 tollo
1283 1396 1529 1487 providentio,
1546 1392 1617 1468 soi·

440 1512 524 1588 licet
543 1512 675 1606 divina,
693 1515 753 1584 ohe
771 1515 860 1586 oolla
879 1533 990 1604 porro
1008 1517 1065 1587 lor
1081 1517 1232 1588 ministri
1247 1517 1291 1587 dc
1306 1517 1342 1587 lo
1359 1518 1460 1608 [osso
1481 1515 1615 1604 omniu,

440 1639 482 1706 ut
498 1633 633 1708 scilicet
654 1634 755 1728 justo
776 1633 914 1728 judicio
940 1633 1005 1708 llei
1031 1634 1080 1710 ita
1105 1635 1278 1729 punirent
1296 1634 1512 1729 baratarios,
1535 1637 1615 1708 tollo

438 1755 564 1846 poder,
584 1753 686 1848 idest,
704 1754 795 1829 tollit
819 1754 1032 1849 potentiam,
1048 1775 1074 1827 a
1090 1759 1164 1828 hatti
1187 1757 1225 1827 di
1244 1757 1401 1847 portirse
1421 1757 1508 1846 indi,
1526 1753 1613 1848 quia

442 1875 578 1949 scilicet
602 1875 819 1970 praescripsit
836 1875 888 1950 eis
910 1875 1086 1950 terminos
1108 1896 1201 1969 quos
1225 1897 1299 1950 non
1324 1881 1477 1971 possunt
1492 1882 1613 1949 trans-

441 1995 556 2092 gredi.
582 1996 626 2069 lit
650 1995 708 2070 hic
733 2004 818 2071 nota
845 1998 943 2090 quod
968 2017 1034 2092 per
1059 1999 1129 2071 hoc
1152 2003 1262 2071 autor
1286 1997 1421 2093 figurat
1437 1997 1535 2090 quod
1555 1995 1612 2069 isti

442 2116 615 2191 baratarii
640 2137 714 2191 non
739 2117 874 2192 hahent
899 2122 1115 2213 potestatem
1134 2124 1239 2192 extra
1256 2117 1397 2192 curiam
1416 2137 1535 2210 suam,
1554 2117 1612 2190 vel

441 2243 546 2312 extra
572 2259 682 2312 suum
708 2239 883 2332 officium,
907 2240 963 2313 vel
990 2244 1117 2313 oontra
1144 2239 1242 2313 viros
1266 2240 1382 2313 honos
1407 2245 1445 2313 et
1469 2239 1613 2333 sapien-

442 2364 495 2430 tes
521 2357 584 2451 qui
610 2359 738 2433 nolunt
761 2358 823 2433 diu
850 2379 931 2434 esse
956 2379 1041 2433 cum
1069 2359 1140 2453 eis;
1166 2379 1233 2433 neo
1260 2359 1387 2433 volunt
1416 2379 1457 2433 se
1487 2359 1612 2432 immi-

439 2497 544 2552 scere
569 2479 761 2573 baratarijs
786 2499 936 2553 eorum:
955 2479 1110 2554 ostendit
1136 2479 1246 2553 etiam
1274 2499 1359 2554 cum
1386 2485 1524 2573 quanta
1540 2478 1614 2553 dii-

441 2599 603 2674 licultate
629 2599 812 2674 receditur
836 2599 884 2674 ah
908 2600 994 2674 istis.

512 2710 565 2792 ιὰ
587 2715 648 2812 pil
673 2727 879 2794 trooommo.
906 2721 976 2798 lsta
1002 2727 1057 2795 est
1082 2720 1241 2796 secunda
1258 2741 1343 2816 pars
1363 2721 1557 2818 generalis,
1574 2719 1612 2795 in

439 2861 512 2934 qua
538 2849 647 2916 autor
675 2839 846 2915 describit
877 2860 1023 2935 poenam
1058 2841 1332 2937 hypocritarum
1366 2841 1403 2913 in
1435 2841 1609 2937 generali.

438 2958 492 3033 Ad
510 2959 615 3033 cuius
636 2960 689 3034 rei
711 2959 983 3056 intelligentiam
1002 2967 1057 3035 est
1074 2961 1287 3054 notandum,
1306 2960 1404 3054 quod
1421 2967 1531 3036 autor
1548 2961 1610 3036 dat

439 3081 634 3177 hypocritis
659 3101 805 3176 posnam
826 3081 1109 3176 meritissimum,
1126 3102 1238 3175 quarn
1265 3081 1439 3156 continuo
1464 3101 1611 3176 semper

438 3217 566 3274 secum
583 3207 738 3295 portant
754 3200 872 3298 Fingit
884 3201 981 3276 enim
996 3200 1094 3294 quod
1117 3201 1316 3297 hypocrite
1334 3201 1457 3276 ierunt
1472 3192 1509 3293 (¹)
1523 3221 1610 3296 cap-

438 3341 503 3418 pas
528 3323 660 3418 largas,
685 3323 824 3417 longas,
850 3322 1001 3417 ineptas,
1027 3342 1111 3415 quae
1136 3323 1184 3397 ah
1208 3321 1303 3398 intra
1328 3331 1414 3398 sunt
1438 3319 1611 3397 lederatae

390 3434 395 3443 “
438 3441 589 3538 plumbo
614 3441 840 3538 gravissimo,
866 3442 913 3516 ah
939 3447 1045 3516 extra
1071 3461 1161 3516 vero
1193 3452 1279 3518 sunt
1303 3442 1490 3518 deauratae
1515 3461 1610 3516 auro

438 3561 741 3660 splendidissim03
755 3571 792 3638 et
808 3567 999 3657 premente
1013 3563 1125 3637 nimio
1138 3563 1300 3658 pondere
1317 3563 1489 3639 incedunt
1505 3561 1611 3636 tarde

438 3681 685 3780 lacrymando,
704 3681 753 3758 ita
774 3682 872 3775 quod
889 3701 1035 3777 semper
1052 3681 1222 3758 videntur
1237 3674 1272 3776 (³)
1293 3683 1375 3758 lessi
1393 3689 1430 3758 et
1447 3683 1508 3758 vir
1525 3701 1610 3778 pos-

438 3811 524 3879 sunt
549 3803 715 3879 membra
743 3823 904 3880 movere.
932 3805 976 3878 lit
1001 3824 1090 3880 vere
1114 3825 1228 3901 eappa
1254 3805 1528 3902 hypocritarum
1554 3816 1610 3882 est

438 3925 653 4023 gravissima
671 3931 708 4000 et
721 3925 976 4020 poenalissima,
990 3925 1053 4019 qui
1066 3913 1116 4018 (⁴),
1133 3925 1351 4000 conscientia
1368 3932 1608 4021 repugnante,

438 4053 618 4122 conantur
639 4045 788 4140 palliare
805 4045 935 4120 vitium
960 4044 1058 4139 quod
1077 4053 1132 4118 est
1149 4045 1258 4138 intus,
1276 4053 1313 4119 et
1329 4051 1515 4120 ostentare
1533 4045 1609 4121 vir·

440 4174 556 4242 tutem
587 4171 805 4262 apparenter
834 4165 881 4238 ah
914 4170 1029 4258 extra,
1066 4163 1164 4258 quod
1198 4171 1254 4239 est
1286 4163 1540 4238 difficillimum
1571 4171 1609 4238 et

439 4286 709 4382 quodammodo
734 4291 861 4360 contra
885 4292 1068 4358 naturam.
1096 4285 1126 4358 Ο
1152 4303 1264 4378 quam
1289 4282 1527 4358 durissimum
1553 4289 1609 4358 est

438 4429 519 4485 esse
543 4427 689 4504 semper
714 4407 905 4500 solicitum,
932 4415 968 4481 et
992 4425 1127 4480 cavere
1156 4425 1204 4479 ne
1232 4404 1268 4480 in
1294 4406 1408 4480 verbo
1434 4404 1493 4479 vel
1508 4395 1545 4497 (ὃ)
1571 4404 1609 4480 in

438 4550 561 4626 opere,
587 4549 692 4604 more
717 4529 775 4604 vel
801 4527 916 4624 signo,
943 4528 1054 4602 homo
1078 4526 1225 4623 detegat
1251 4525 1348 4622 quod
1374 4526 1472 4600 male
1497 4527 1606 4624 tegit!

438 4649 636 4747 hypocrisis
661 4669 752 4745 ergo
781 4654 835 4723 est
870 4667 944 4722 nna
974 4647 1089 4722 salma
1120 4647 1337 4743 gravissima
1368 4667 1482 4742 quam
1513 4667 1609 4722 nun-

438 4791 549 4866 quam
575 4776 692 4865 potest
718 4769 799 4863 quis
823 4768 1019 4864 deponere,
1045 4769 1074 4842 si
1105 4770 1183 4843 vult
1213 4767 1307 4844 bene
1338 4769 1459 4844 iacere
1488 4776 1606 4844 artem

1268 4917 1429 4926 ψ.-
1445 4919 1604 4926 ...uum—nn·—

499 4920 663 5041 (Ἶῖιὶῑὲιιε
679 4991 731 5029 non
747 4977 891 5042 oportotrt.
1108 4974 1136 5038 ι’)
1153 4980 1207 5037 tle,
1225 4980 1337 5040 portarit.

500 5057 526 5120 (Ἴ
544 5059 596 5117 tlt,
612 5060 673 5107 runt
689 5055 748 5106 tuot
763 5060 790 5106 et
806 5055 875 5118 quod
891 5055 943 5106 rin.
1107 5054 1135 5119 (l)
1151 5054 1182 5106 ll.
1199 5054 1270 5119 qula.

499 5131 997 5197 (llssmlopemlaorerelrlyno.
