4526 6836
762 961 901 1016 marus
925 959 1127 1016 nominos
1216 904 1221 914 ⁴
1482 947 1527 1012 or

354 1103 557 1184 lormado*
576 1096 613 1196 (⁴)
652 1123 852 1198 corporum
886 1103 1127 1180 accidentalis
1162 1103 1255 1177 Nota
1288 1101 1400 1178 etiam
1430 1101 1528 1197 qnod

354 1224 580 1319 comparatio
606 1222 794 1320 paralytici
815 1229 870 1299 ost
895 1222 1160 1318 propriissime:
1184 1221 1396 1297 sicutenim
1417 1241 1527 1318 para-

356 1345 486 1440 tyticus
511 1349 610 1420 totus
642 1342 777 1437 tremit
794 1349 832 1418 at
856 1363 1063 1436 numquam
1088 1349 1190 1418 tenet
1214 1343 1384 1418 membra
1408 1341 1528 1435 firma,

355 1465 404 1540 ite
430 1471 532 1540 rocta
555 1463 735 1538 divinator
760 1483 907 1558 semper
932 1470 1039 1538 nutat
1053 1455 1089 1556 (²)
1117 1471 1154 1539 et
1178 1463 1334 1557 vacillat,
1351 1463 1438 1556 quia
1458 1468 1530 1540 stat

355 1604 502 1678 semper
530 1603 617 1658 cum
650 1582 783 1660 timore
813 1589 851 1657 et
884 1581 1090 1678 suspicione
1122 1581 1356 1658 considerans
1380 1589 1527 1678 puncta

357 1711 556 1795 momente,
584 1703 745 1796 minuta;
771 1701 856 1797 imo,
883 1703 982 1796 quod
1007 1709 1062 1776 est
1085 1703 1201 1798 peius,
1226 1723 1365 1798 pennas
1383 1704 1527 1798 ,avium

357 1824 433 1898 imo
457 1829 592 1917 puncta
618 1821 711 1896 lacta
738 1821 774 1896 in
799 1829 899 1898 terra
912 1812 970 1915 (³);
997 1821 1083 1916 imo,
1101 1823 1200 1916 quod
1218 1830 1273 1898 est
1289 1822 1528 1916 ridiculosius,

358 1941 552 2036 adunando
577 1946 753 2034 sternata,
780 1940 856 2015 imo
880 1941 981 2034 quod
1006 1947 1061 2016 ast
1085 1941 1190 2037 peius
1213 1948 1284 2016 stat
1305 1942 1341 2016 in
1367 1949 1530 2018 tremore

358 2062 457 2156 quod
482 2081 555 2170 non
579 2060 789 2136 inveniatur
812 2061 946 2136 dixisse
971 2062 1217 2156 mandacium,
1242 2081 1289 2138 cx
1315 2083 1390 2156 quo
1407 2051 1445 2154 (⁸)
1471 2083 1531 2138 re-

357 2181 464 2276 cipiat
487 2181 667 2256 damnum
697 2181 755 2257 vel
784 2182 962 2276 dedecus;
993 2202 1084 2278 crgo
1114 2183 1210 2257 hanc
1235 2182 1425 2258 maledicta
1450 2182 1530 2258 talis

358 2301 441 2378 rita.
454 2307 563 2376 -Sc
585 2305 666 2376 Dio.
692 2302 757 2376 lsvc
781 2308 893 2377 autor
909 2303 1144 2397 apostropliat
1159 2302 1206 2376 ad
1224 2303 1398 2378 lectorem
1424 2303 1531 2378 adiu·

360 2443 446 2498 rans
470 2443 557 2498 eorn
577 2433 620 2498 ut
635 2421 842 2496 consideret
860 2421 1074 2516 qualitatem
1094 2421 1196 2494 istius
1215 2439 1345 2516 poenae,
1365 2441 1433 2516 pro
1453 2443 1526 2516 qua

360 2543 437 2637 ipse
452 2563 526 2618 non
542 2548 688 2636 potarat
706 2541 888 2636 lacrymas
903 2539 1101 2616 continere.
1123 2541 1168 2613 Et
1184 2539 1230 2615 ad
1247 2540 1471 2615 intellectum
1490 2533 1527 2633 (ὅ)

359 2661 478 2736 huius
495 2659 636 2734 subtilis
654 2645 817 2754 fictionis,
836 2679 922 2753 qum
945 2679 969 2733 a
992 2660 1117 2733 multis
1141 2663 1197 2734 est
1222 2661 1319 2736 male
1336 2659 1529 2752 intellecta,

360 2782 444 2856 volo
458 2771 496 2874 (⁶)
517 2785 632 2874 natea
648 2780 746 2873 qnod
770 2786 882 2854 autor
897 2779 1097 2874 prudenter
1118 2789 1155 2856 ct
1174 2787 1284 2854 caute
1296 2779 1416 2854 innuit
1431 2780 1529 2874 quod

267 2931 272 2940 ·
360 2919 457 2995 sepo
479 2899 547 2974 viri
574 2898 864 2974 axcdlmtissimi
888 2899 940 2973 sic
965 2897 1120 2972 delirant
1139 2898 1177 2973 in
1193 2906 1274 2974 arte
1290 2897 1530 2994 divinationis,

359 3030 397 3100 ot
420 3041 579 3116 presens
604 3019 792 3117 negotium
819 3020 991 3116 tangebat
1015 3021 1185 3095 autorem
1217 3019 1350 3115 ipsum,
1376 3021 1437 3114 qui
1463 3019 1531 3093 ali·

359 3143 578 3237 qnmtulum
603 3141 805 3217 delectatus
827 3146 886 3215 est
909 3140 946 3213 in
970 3139 1178 3236 astrologia,
1201 3145 1241 3214 et
1260 3141 1377 3214 voluit
1400 3140 1532 3236 praedi·

358 3283 444 3337 cere
467 3261 590 3356 aliqua
616 3261 753 3354 lotura,
778 3261 872 3334 daut
902 3263 1003 3354 patet
1025 3259 1063 3332 in
1088 3258 1181 3333 libro
1213 3259 1293 3334 isto.
1329 3257 1413 3336 ldeo
1437 3260 1531 3344 bene

359 3381 464 3476 lingit
485 3401 525 3456 se
550 3400 649 3455 nunc
673 3379 723 3456 ita
748 3379 894 3474 plorare
919 3377 1145 3472 compatiens
1168 3377 1246 3454 aliis
1263 3385 1301 3453 et
1317 3379 1383 3455 sibi
1409 3361 1532 3456 daer-

360 3520 444 3575 rore
470 3519 549 3574 suo.
575 3499 669 3574 llicit
696 3519 810 3595 ergo:
846 3502 877 3570 0
905 3501 1018 3589 letter,
1048 3517 1093 3570 cr
1116 3519 1229 3590 perrea
1252 3519 1321 3591 per
1350 3505 1382 3572 tc
1407 3507 1530 3591 almeo,

359 3624 492 3694 com'io
514 3627 621 3714 poteo
643 3627 738 3693 tener
763 3623 798 3692 lo
822 3621 897 3692 otro
921 3622 1079 3708 manco,
1104 3617 1239 3695 scilicet
1264 3637 1312 3692 ne
1336 3618 1528 3716 irrigarem

360 3739 478 3834 ipsum
504 3739 687 3834 lacrymis,
705 3740 847 3830 qnando
871 3739 942 3811 aidi
963 3729 994 3810 vi
1013 3744 1119 3829 torta,
1140 3737 1232 3812 idest
1252 3741 1529 3833 transvolutum,

360 3861 396 3930 tu
420 3866 544 3932 omaro
567 3861 731 3949 impiae,
757 3857 847 3932 idest
873 3856 1032 3952 liguram
1066 3857 1280 3951 arimenum,
1312 3861 1361 3931 dn
1391 3879 1527 3951 presso,
1661 3957 1664 3964 ‚

361 3977 509 4070 quando
532 3984 639 4053 erant
662 3978 733 4051 suh
757 3975 873 4052 oculis
898 3977 1002 4070 meis,
1026 3979 1087 4048 cle
1102 3977 1128 4049 'l
1150 3981 1275 4069 picoto
1307 3981 1399 4069 depli
1422 3981 1530 4068 occdi,

361 4095 454 4171 idest
477 4098 660 4193 lamymae,
678 4117 764 4191 que
779 4097 946 4170 solebant
961 4094 1136 4170 balneare
1158 4106 1296 4189 pectus,
1318 4097 1483 4188 manco
1500 4101 1531 4171 te

361 4219 495 4290 oman
514 4238 580 4308 per
604 4220 639 4290 lo
660 4221 767 4310 sesso,
784 4215 871 4309 qnia
889 4215 1061 4310 lacrymae
1081 4213 1330 4290 discurrentes
1353 4235 1419 4310 per
1444 4235 1533 4290 oon·

360 4337 554 4412 munem
581 4357 714 4411 renum
740 4335 942 4409 transibant
965 4354 1032 4430 per
1055 4334 1182 4408 canale
1200 4333 1359 4429 natium3
1380 4341 1417 4410 et
1438 4336 1534 4412 hene

362 4455 483 4532 vilent
506 4455 564 4530 isti
585 4463 665 4550 post
684 4455 825 4544 culum,
842 4453 928 4549 quia
945 4455 1110 4528 volentes
1127 4453 1331 4549 providere
1349 4445 1386 4548 (⁷)
1409 4455 1532 4534 lutura

361 4595 457 4672 sepe
474 4596 549 4652 non
565 4575 690 4651 vident
708 4593 793 4669 queo
809 4573 947 4649 habant
959 4577 1046 4648 ante
1062 4575 1199 4648 oculos.
1214 4573 1316 4649 Unde
1332 4584 1417 4651 nota
1435 4577 1533 4671 quod

423 4840 450 4904 (¹)
467 4842 503 4892 le
523 4842 612 4932 parole
636 4841 677 4894 lra
697 4843 707 4894 l
726 4843 777 4894 dua
789 4796 930 4946 'affl‘
949 4853 1076 4892 mauman
1096 4839 1139 4889 nel
1155 4845 1246 4890 nocuo
1261 4843 1342 4891 tuo:
1357 4854 1405 4890 ran
1419 4839 1531 4903 suppllta

360 4916 617 5058 mzffiiffiuf:
629 4998 699 5058 patet
714 4922 788 5056 quoti(
799 4917 1069 5054 {gammam
1085 4996 1112 5041 at
1128 4913 1420 5055 adegit:hortamentat
1430 4917 1509 5041 god·

422 5068 450 5132 Γ)
467 5068 496 5120 ll.
513 5068 719 5134 intelligendam.
780 5066 807 5130 (⁸)
826 5071 882 5127 tta.
898 5065 958 5118 valo
973 5065 1044 5130 qaod
1059 5071 1142 5120 noas
1205 5066 1232 5129 (¹)
1249 5071 1304 5128 lta,
1321 5066 1416 5118 videre.
