4550 6844
477 1383 645 1454 GANTUS
667 1385 938 1466 TRIGESIMUS,
952 1385 1010 1454 ubi
1030 1386 1089 1453 sub
1112 1385 1222 1470 aliquo
1236 1384 1445 1452 simdidrdine
1457 1385 1656 1454 trainam

551 1497 647 1580 ponii
675 1497 799 1564 eosdem
822 1496 997 1579 [clamores
1005 1519 1016 1578 ,·
1050 1502 1081 1564 el
1112 1498 1195 1562 moeri
1222 1497 1375 1580 mopimer
1398 1495 1506 1562 Adam
1527 1497 1656 1562 neom

556 1613 604 1674 esi
624 1629 694 1675 cum
715 1607 833 1676 Sinone
853 1629 973 1692 preco,
996 1614 1027 1674 ei
1042 1610 1138 1692 ponit
1159 1607 1286 1674 nudum
1302 1608 1402 1688 riom·
1424 1612 1456 1674 el
1477 1609 1559 1676 mord
1580 1606 1653 1674 Vir·

555 1717 653 1802 pilius
672 1720 807 1803 corripit
829 1717 969 1786 Dantem
990 1720 1047 1804 psi
1067 1721 1154 1804 r'psoe
1177 1717 1364 1786 meetabet.

557 2015 698 2184 Nur
727 2115 838 2201 tempo
863 2109 924 2181 elle
946 2113 1084 2182 lunone
1098 2129 1165 2181 ero
1180 2112 1368 2182 cmuciatu
1390 2107 1591 2201 Postquam
1616 2105 1654 2180 in

481 2227 662 2324 superiori
686 2227 846 2324 capitulo
870 2234 981 2303 autor
1006 2235 1130 2304 noster
1150 2229 1320 2304 tractavit
1340 2234 1378 2304 et
1399 2225 1659 2303 determinavit

482 2347 621 2422 deuna
640 2347 760 2443 specie
784 2353 822 2423 et
845 2367 956 2443 poeua
980 2348 1209 2444 falsatorum,
1236 2349 1301 2444 qui
1317 2347 1522 2445 puniuntur
1538 2346 1575 2420 in
1591 2343 1660 2420 de·

484 2468 580 2542 eima
611 2465 735 2563 bulgia
760 2485 849 2540 cum
879 2468 1037 2562 pruritu,
1068 2489 1167 2544 nunc
1191 2473 1462 2563 cousequenter
1494 2467 1531 2540 in
1560 2484 1657 2562 prm·

482 2586 575 2662 senli
606 2585 766 2682 capitulo
797 2587 899 2660 XXX
929 2587 1166 2683 prosequitur
1199 2587 1245 2663 de
1275 2587 1354 2662 aliis
1388 2585 1590 2682 speciebus,
1622 2589 1660 2659 et

483 2704 699 2800 specialibus
718 2705 836 2802 poenis
852 2705 1081 2803 lalsalorum,
1107 2708 1171 2802 qui
1190 2707 1396 2802 puniuntur
1415 2705 1495 2781 aliis
1520 2703 1659 2802 passio·

483 2823 591 2899 nibus
616 2823 653 2898 in
678 2824 808 2900 eadem
834 2825 969 2922 bulgia.
997 2828 1040 2902 Et
1065 2827 1162 2902 istud
1187 2828 1389 2923 capitulum
1416 2830 1535 2922 potest
1550 2823 1660 2900 diridi

483 2946 646 3022 breviter
669 2945 706 3019 in
733 2951 808 3020 tres
832 2954 955 3043 partes
978 2948 1172 3045 generales
1196 2946 1401 3022 secundum
1419 2951 1495 3021 tres
1520 2944 1659 3039 species

484 3067 698 3140 falsatorum
724 3066 788 3160 qui
817 3066 1022 3161 puniuntur
1054 3068 1090 3141 in
1122 3067 1192 3141 islo
1224 3066 1394 3162 capitulo.
1427 3067 1467 3139 ln
1499 3083 1660 3158 quarum

484 3185 603 3280 prima
627 3192 737 3260 aulor
761 3185 837 3282 agit
862 3192 899 3260 el
925 3191 1056 3262 tractat
1080 3187 1127 3262 de
1152 3207 1262 3282 poena
1288 3206 1432 3282 eurum,
1458 3184 1522 3278 qui
1555 3183 1662 3258 blsa-

484 3310 619 3378 verunt
643 3324 839 3400 personam
864 3307 1051 3403 propriam
1078 3307 1115 3380 in
1139 3305 1286 3381 duobus
1317 3305 1513 3403 spiritibus,
1543 3302 1662 3379 altero

484 3424 647 3521 antiquo,
672 3425 790 3501 altero
815 3425 1005 3521 moderno,
1032 3428 1096 3521 qui
1121 3426 1327 3524 puniuntur
1352 3445 1438 3500 cum
1461 3424 1600 3499 lurore.
1621 3421 1662 3494 ln

484 3544 646 3620 secunda
676 3550 810 3620 tractat
839 3545 886 3620 de
915 3545 987 3622 alia
1017 3546 1139 3642 specie
1173 3565 1319 3640 eorum,
1345 3545 1408 3639 qui
1434 3543 1661 3618 falsaverunt

486 3671 676 3741 monetam
702 3664 737 3738 in
757 3685 832 3740 uno
854 3665 982 3761 spiritu
1001 3666 1194 3762 moderno,
1212 3665 1276 3760 qui
1295 3666 1501 3762 puniuntur
1518 3682 1603 3738 cum
1619 3654 1659 3753 (¹)

485 3784 681 3881 hydropisi,
708 3785 777 3859 ibi:
804 3790 845 3858 lo
870 3789 943 3860 vidi
973 3807 1021 3859 uo
1051 3792 1152 3882 sallo.
1178 3787 1219 3859 ln
1253 3785 1361 3861 tertia
1393 3784 1440 3859 de
1464 3783 1520 3858 his
1533 3773 1570 3875 (²)
1598 3779 1663 3874 qui

484 3902 770 3981 falsificaverunt
781 3904 967 3999 loquelam
981 3906 1018 3978 in
1031 3906 1177 3980 duobus
1193 3905 1379 4001 spiritibus
1391 3901 1663 3998 antiquissimis,

486 4023 551 4116 qui
575 4023 780 4117 puuiuulur
805 4043 892 4098 curn
919 4024 1034 4118 lebre,
1060 4023 1132 4097 lbi:
1159 4027 1256 4098 Elio
1281 4045 1307 4096 a
1327 4027 1386 4097 bri.
1412 4022 1466 4097 ld
1500 4021 1662 4116 primum

487 4141 648 4236 veniens,
674 4140 766 4236 dico,
792 4143 892 4237 quod
916 4149 1026 4217 autor
1052 4143 1179 4218 volens
1195 4143 1405 4218 describere
1425 4161 1575 4237 poenam
1594 4138 1665 4212 lal-

487 4259 705 4336 sillcanlium
731 4281 926 4358 personam
940 4253 979 4355 (³)
1004 4283 1125 4357 suam,
1152 4263 1216 4357 qui
1240 4261 1445 4359 puniuntur
1475 4260 1512 4334 in
1537 4259 1667 4334 lurore

488 4381 665 4476 marimo,
689 4381 810 4479 primo
835 4382 1019 4478 percurrit
1043 4382 1207 4458 breviter
1228 4388 1266 4458 el
1282 4381 1467 4457 succincto
1483 4377 1665 4476 quosdam

488 4500 635 4576 furores
659 4501 851 4577 horribiles
876 4502 984 4576 nimis
1010 4502 1177 4577 virorum
1203 4509 1241 4577 el
1264 4502 1468 4576 mulierum
1492 4499 1666 4594 antiquo-

489 4641 573 4694 rum
591 4622 823 4718 applicabiles
838 4623 885 4698 ad
902 4643 1014 4698 suurn
1033 4623 1273 4718 propositum,
1305 4632 1347 4699 ut
1376 4619 1538 4697 inveniat
1561 4639 1667 4694 com·

488 4741 716 4834 parationem
742 4744 891 4842 dignam
916 4765 995 4819 suae
1021 4745 1197 4840 materiae,
1214 4744 1351 4820 scilicet
1367 4743 1473 4817 iuriae
1493 4739 1666 4816 inaudite

488 4881 601 4954 quarn
636 4862 694 4936 hic
729 4863 877 4940 invenit.
914 4865 957 4938 El
986 4865 1106 4960 primo
1141 4865 1256 4960 tangit
1291 4885 1407 4938 unum
1436 4863 1664 4958 singularem

550 5047 577 5108 (⁸)
594 5045 624 5098 ll.
641 5047 749 5110 punitur
765 5061 826 5100 cum
842 5049 1001 5114 hydropltls.
1189 5049 1216 5112 (Ἴ
1233 5049 1264 5101 Β.
1282 5049 1315 5101 de
1330 5047 1363 5099 llo
1379 5049 1435 5113 qual.

549 5119 577 5184 (⁸)
593 5121 624 5174 ll.
641 5135 764 5188 personas
780 5137 839 5176 suns
855 5125 900 5190 qul
917 5125 1062 5189 puniuntur
1078 5137 1140 5174 eum
1156 5123 1257 5175 lurore.
