4566 6844
704 959 844 1015 caurus
868 960 1082 1016 mammos
1105 961 1281 1028 noturus.
1505 949 1574 1015 tot

407 1105 502 1178 deret·
523 1125 572 1178 an
590 1111 769 1198 pomam,
796 1105 898 1201 idest,
925 1126 1114 1182 summum
1145 1106 1381 1204 proditorem,
1410 1109 1461 1180 do
1490 1111 1577 1199 opui

408 1225 523 1298 docco.
550 1227 594 1298 Et
619 1225 734 1322 tangit
758 1226 911 1301 modum
943 1247 1010 1323 per
1025 1221 1061 1320 (¹)
1093 1227 1405 1323 comparationem
1437 1228 1575 1302 claram

408 1351 446 1420 et
478 1345 683 1440 propriam3
710 1352 747 1421 et
775 1347 855 1421 vult
880 1345 1042 1422 breviter
1071 1347 1194 1422 dicere
1224 1347 1322 1442 quod
1352 1348 1497 1423 Lucifer
1522 1347 1577 1422 di-

409 1465 605 1560 rumpebat
619 1457 656 1558 (²)
684 1472 721 1542 et
748 1451 944 1562 dissipabat
976 1467 1176 1562 quemlibet
1205 1467 1359 1542 istorum
1392 1487 1438 1542 eo
1467 1467 1577 1543 modo

410 1607 485 1678 quo
512 1587 628 1662 linum
650 1594 862 1664 maceratur
888 1594 925 1664 et
950 1589 1153 1681 laceratur;
1180 1587 1277 1662 uude
1301 1587 1405 1662 dicit:
1427 1609 1452 1660 o
1474 1592 1577 1679 quoa

410 1707 449 1778 di
472 1709 634 1782 mantua
646 1733 662 1801 ;
686 1715 743 1784 est
774 1708 872 1783 enim
904 1708 1073 1782 maciulla
1099 1707 1386 1782 instrumentum
1411 1707 1575 1805 ligneum

410 1846 486 1920 quo
520 1827 705 1903 excutitur
738 1827 872 1923 tunm,
908 1827 1007 1922 quod
1038 1827 1123 1902 alibi
1156 1827 1360 1922 appellatur
1394 1848 1576 1923 gramma,

409 1945 492 2021 ideo
516 1946 624 2022 dicit:
649 1941 679 2021 ci
703 1951 764 2022 olto
788 1955 841 2022 tro
864 1971 908 2022 ne
928 1953 1033 2042 socco
1056 1941 1128 2022 cosi
1159 1950 1295 2021 dotcmi.
1321 1948 1366 2020 Et
1397 1947 1577 2044 specificat

411 2087 559 2161 poeuam
586 2069 765 2144 maiorem
790 2069 881 2163 aius,
899 2068 962 2164 qui
988 2075 1068 2144 erat
1091 2069 1128 2143 iu
1146 2067 1277 2162 medio,
1297 2067 1439 2144 diceus:
1461 2072 1583 2159 oque!

410 2189 557 2262 dinanzi
580 2191 608 2262 il
630 2191 792 2263 mordere
809 2208 873 2262 ero
889 2191 1000 2280 nullo
1021 2209 1122 2263 verso
1138 2191 1166 2262 tl
1179 2191 1343 2280 proptor,
1360 2190 1440 2264 rult
1456 2187 1578 2263 dicere

410 2307 510 2403 quod
535 2307 672 2383 mersio
698 2329 810 2403 quam
836 2308 991 2384 iaciebat
1015 2307 1118 2382 ludae
1134 2298 1171 2401 (³)
1197 2307 1284 2381 nihil
1301 2313 1382 2382 erat
1407 2315 1577 2402 respectu

410 2427 640 2503 lacerationis
665 2448 777 2522 quam
804 2428 958 2505 iaciebat
987 2449 1074 2504 cum
1106 2428 1313 2524 unguibus3
1344 2427 1442 2503 unde
1470 2427 1577 2503 dicit:

410 2547 471 2618 clte
500 2549 643 2620 talvolta
674 2549 711 2620 to
739 2549 878 2622 scliemr
901 2550 1131 2622 admonendo
1160 2550 1197 2620 lo
1216 2549 1306 2639 pelle
1335 2554 1420 2621 totto
1448 2549 1577 2638 broilo,

413 2665 515 2760 idest,
533 2673 733 2762 pauperata
758 2674 797 2741 et
821 2667 968 2742 nudata.
986 2669 1030 2742 Et
1047 2658 1211 2742 nominat
1228 2667 1352 2762 istum,
1370 2666 1475 2743 cuius
1493 2689 1579 2763 pro-

360 2787 365 2798 '
413 2785 500 2860 ditio
526 2787 668 2862 excedit
692 2807 820 2863 omues
834 2776 871 2880 (⁴)
900 2788 1121 2883 proditiones
1151 2789 1290 2882 muudi,
1316 2787 1458 2864 diceus:
1490 2792 1580 2862 disse

411 2910 439 2980 il
468 2915 634 2999 monstro,
665 2909 800 2984 scilicet
823 2908 1013 3005 Virgilius;
1040 2912 1154 3008 patella
1184 2912 1304 2982 animo
1329 2904 1424 2982 inosti
1448 2911 1509 2982 olte
1532 2912 1580 2982 to

412 3031 577 3120 maggior
597 3049 704 3122 pono,
730 3029 863 3104 seilicet
888 3029 926 3102 iu
949 3050 1015 3104 ore
1043 3029 1164 3104 medio
1193 3028 1361 3124 Luciferi,
1391 3025 1428 3104 e‘c
1464 3033 1578 3104 crudo
1730 3131 1733 3142 Ι

414 3153 586 3224 Scortotto
594 3177 610 3243 ;
635 3150 686 3225 sic
711 3149 967 3225 denominatus
992 3171 1015 3225 a
1032 3151 1124 3245 loco,
1141 3153 1200 3224 olo
1218 3154 1244 3224 ’l
1267 3172 1356 3244 copo
1372 3152 1419 3222 lto
1438 3153 1575 3242 muno,

412 3271 557 3365 scilicet
584 3271 678 3344 iutra
704 3290 757 3365 os,
783 3293 802 3343 e
822 3275 907 3364 βων
924 3272 1095 3363 teporata
1110 3291 1226 3363 meua,
1244 3271 1378 3346 scilicet
1399 3277 1504 3347 extra
1524 3292 1576 3346 os.

412 3391 456 3468 Et
481 3390 540 3464 hic
563 3397 649 3466 uota
678 3390 776 3485 quod
796 3391 997 3486 justissime
1026 3397 1137 3466 autor
1169 3389 1271 3487 tingit
1301 3391 1399 3485 quod
1423 3391 1580 3485 Lucifer,

413 3510 476 3604 qui
502 3510 642 3606 primus
667 3509 822 3605 prodidit
846 3511 1045 3585 Dominum
1070 3511 1189 3586 Deum
1219 3532 1343 3607 suum,
1367 3533 1391 3586 a
1421 3533 1496 3606 quo
1522 3531 1582 3586 re-

412 3635 561 3726 ceperat
581 3637 720 3704 tautam
737 3631 1020 3727 prerogativam
1038 3631 1272 3726 excellentie,
1291 3633 1421 3727 puniat
1437 3631 1581 3725 ludam,

413 3751 478 3845 qui
502 3751 657 3848 prodidit
672 3743 709 3844 (⁶)
735 3751 918 3826 Christum
948 3753 1068 3826 Deum
1102 3760 1140 3827 et
1167 3752 1354 3828 homiuem
1385 3752 1582 3827 Dominum

414 3892 539 3967 suum,
555 3893 578 3948 a
603 3893 678 3966 quo
704 3877 895 3967 receperat
913 3877 964 3944 tot
981 3872 1180 3968 singularia
1200 3873 1386 3947 beneficia.
1400 3911 1450 3926 -
1462 3877 1515 3945 De
1533 3875 1584 3964 pti

414 3996 507 4068 altn'.
533 3993 598 4068 llic
622 3992 793 4091 Virgilius
818 3991 982 4066 nominat
1010 3992 1099 4067 alios
1131 3991 1222 4067 duos
1240 3993 1316 4086 ·qui
1345 3991 1584 4088 prodiderunt

414 4115 612 4210 principem
649 4132 857 4206 romanum,
889 4111 1022 4187 scilicet
1056 4113 1212 4186 Brutum
1248 4120 1285 4186 et
1310 4111 1488 4205 Cassium,
1518 4111 1582 4204 qui

414 4234 652 4332 prodiderunt
677 4234 815 4308 lulium
839 4233 1033 4310 Caesarem.
1060 4233 1104 4306 Et
1133 4232 1178 4307 ad
1208 4231 1481 4330 intelligentiam
1507 4232 1583 4305 cla-

415 4377 495 4432 ram
520 4355 624 4431 istius
648 4355 778 4431 litterae
795 4363 851 4430 est
870 4353 1070 4448 sciendum,
1088 4354 1187 4448 quod
1203 4355 1247 4426 M.
1267 4354 1404 4426 Brutus
1421 4358 1459 4426 et
1474 4351 1585 4426 Caius

414 4477 558 4554 Cassius
582 4481 662 4572 post
687 4482 846 4550 mortem
872 4474 955 4550 tutti
975 4474 1325 4570 ousartstugtentes
1343 4495 1367 4548 a
1383 4471 1499 4548 Roma
1520 4491 1584 4546 oc-

413 4602 644 4693 cupaverunt
668 4594 872 4690 provincias
897 4594 964 4669 sihi
982 4594 1084 4669 datas
1108 4595 1155 4669 ab
1181 4594 1258 4689 ipso
1276 4593 1431 4687 Caesare
1449 4591 1584 4668 scilicet

1479 4731 1584 4744 μ

476 4788 503 4850 (“)
519 4787 550 4837 E.
567 4799 614 4848 per
629 4796 708 4835 unam
725 4784 953 4847 comparationem.
1087 4783 1114 4846 (¹)
1132 4782 1163 4834 tt.
1179 4783 1343 4849 dirumpebat
1357 4782 1507 4848 quamlibet.

477 4863 504 4924 ι’)
521 4867 567 4913 tta
582 4874 598 4912 a
614 4861 645 4911 E.
661 4859 767 4911 anitor
781 4859 864 4911 luda.

477 4938 505 5000 ι’)
521 4939 552 4989 ll.
569 4950 660 4990 omncs
675 4937 738 4988 ullas
754 4938 911 5000 proditiones
927 4937 1004 4988 untur
1019 4937 1120 4988 mundi.

478 5016 506 5076 ι’)
521 5017 551 5066 tt
567 5016 681 5080 prodidit
701 5015 842 5066 mutuum
858 5020 976 5084 nortuum
992 5014 1083 5066 tasum
1098 5007 1229 5065 christum
1245 5011 1404 5064 salvatorem
1425 5010 1584 5074 predonum,

416 5089 502 5146 neum
517 5097 544 5144 at
560 5091 700 5152 hominem,
718 5091 858 5142 Dominum
874 5104 951 5142 suum
968 5104 983 5142 ι
999 5105 1051 5156 quo
1068 5096 1202 5155 receperat
1218 5093 1288 5141 tanta
1304 5087 1434 5153 beneficia.
