4550 6844
700 967 839 1024 murus
864 965 1082 1023 chrammus
1105 963 1248 1020 ramus.
1486 933 1558 1020 lot

387 1114 508 1210 primo
532 1112 720 1188 continuat
744 1109 839 1186 dicta
856 1109 1029 1204 dicendis,
1046 1107 1187 1186 diceus:
1207 1127 1280 1181 unc
1300 1109 1475 1182 medccmc
1491 1110 1561 1182 tic·

387 1254 473 1326 pun,
498 1232 634 1308 scilicet
659 1231 808 1327 Virgilii,
821 1233 907 1325 pria
923 1232 972 1302 mi
989 1249 1119 1318 morse,
1140 1227 1244 1322 idest,
1261 1227 1482 1303 mordaciter
1498 1247 1561 1302 me

389 1351 632 1448 reprehendit,
650 1350 738 1445 quia
755 1357 831 1426 tam
847 1353 987 1424 attente
1008 1347 1264 1424 auscultabam
1286 1348 1559 1423 contentionem

388 1475 549 1550 duorum
574 1472 801 1564 falcatorum,
826 1471 920 1545 sicut
944 1469 1062 1566 patuit
1086 1469 1124 1542 in
1149 1468 1222 1544 tine
1242 1467 1481 1563 praecedentis
1497 1487 1562 1542 ca-

387 1593 502 1690 pituli,
527 1585 558 1667 si
581 1593 641 1666 cte
665 1613 719 1666 occ
744 1595 829 1665 tuce
853 1589 1471 1684 comarumcomarum,
1497 1609 1562 1665 co·

388 1713 519 1792 loravit
543 1713 632 1788 mihi
657 1717 772 1788 totam
804 1711 934 1788 faciem
966 1710 1105 1786 rubore
1134 1709 1387 1805 verecundiae3
1413 1711 1562 1806 quando

389 1835 488 1909 euim
514 1835 625 1908 homo
649 1832 935 1925 verecundatur,
961 1830 1170 1906 necessario
1201 1836 1276 1905 tota
1311 1829 1422 1906 iacies
1452 1829 1563 1906 simul

389 1952 562 2046 rubescit,
587 1971 672 2026 cum
700 1958 824 2028 tamen
848 1949 1046 2046 aliquando
1064 1950 1137 2025 alio
1154 1969 1243 2024 casu
1264 1950 1423 2026 rubebat
1441 1953 1562 2026 solum

389 2092 465 2146 una
489 2091 598 2168 gena,
623 2071 718 2146 sicut
742 2091 788 2146 ex
815 2069 1050 2165 percussione
1074 2068 1134 2144 vel
1154 2068 1385 2165 dormitione,
1403 2077 1441 2146 et
1457 2070 1561 2146 dicit:

390 2193 493 2284 epoi
516 2193 565 2262 mi
586 2192 725 2283 riporsc
755 2193 790 2262 lu
822 2191 1005 2281 medeam,
1030 2188 1167 2263 scilicet
1196 2208 1283 2263 cum
1308 2189 1400 2264 dixit
1424 2210 1562 2286 supra:

390 2313 556 2402 meppior
570 2313 690 2403 discito
707 2329 786 2382 men
803 2329 983 2401 ocrpopca
1000 2312 1097 2400 luva,
1111 2309 1160 2384 ita
1178 2310 1278 2403 quod
1295 2331 1393 2385 uuus
1410 2310 1561 2386 elidem

389 2431 458 2505 luit
482 2449 677 2525 percussor
702 2436 740 2504 et
765 2429 939 2504 medicus.
954 2469 1004 2484 -
1019 2421 1107 2504 dost
1132 2430 1199 2505 llic
1228 2437 1340 2506 autor
1369 2431 1564 2508 confirmat

390 2549 641 2624 contusionem
667 2553 705 2624 et
729 2548 1015 2624 consolationem
1049 2568 1162 2644 quam
1189 2548 1256 2625 sibi
1281 2549 1367 2625 lecit
1390 2551 1563 2648 Virgilius

389 2689 457 2765 per
482 2689 596 2742 unam
621 2669 934 2764 comparationem
955 2668 1127 2744 nobilem.
1145 2667 1199 2743 hd
1219 2669 1325 2745 cuius
1341 2670 1562 2747 evidentiam

391 2793 448 2862 est
463 2787 728 2882 prendendum
744 2787 854 2883 qrrod,
868 2788 1072 2863 secuudum
1090 2787 1274 2864 fictionem
1290 2789 1407 2865 Ovidii
1424 2797 1460 2864 et
1472 2792 1565 2866 alio-

392 2929 478 2984 rum
503 2915 710 3004 poetarum,
732 2908 860 2984 lancea
884 2909 1029 2984 Achillis
1046 2927 1181 3005 magua
1197 2909 1305 2984 ualde
1325 2910 1453 2984 habuit
1470 2911 1564 2986 banc

391 3028 591 3103 maximam
618 3027 824 3103 mirabilem
850 3027 1124 3123 proprietatem,
1142 3027 1241 3121 quod
1262 3048 1347 3103 cum
1372 3049 1566 3124 percusse·

391 3155 450 3226 rat
475 3168 605 3242 uuum,
624 3148 684 3222 ille
710 3167 784 3223 non
809 3153 953 3242 poterat
977 3168 1001 3223 a
1025 3149 1182 3223 vulnere
1201 3149 1323 3223 sanari
1343 3149 1411 3224 nisi
1428 3148 1565 3225 iterum

392 3274 692 3363 repercuteretur
718 3267 846 3342 eadem
873 3267 1011 3342 lancea.
1038 3267 1175 3342 Accidit
1199 3273 1326 3342 autem
1353 3269 1451 3364 quod
1478 3289 1564 3344 cum

391 3387 503 3484 greci
528 3386 625 3461 irent
649 3392 778 3462 contra
803 3386 962 3479 Troiam,
989 3385 1143 3460 Achilles
1168 3385 1302 3462 missus
1333 3387 1402 3462 luit
1431 3387 1479 3462 ad
1505 3407 1567 3464 re-

390 3525 507 3602 gnum
520 3498 557 3597 (¹)
585 3505 733 3599 Telephi
758 3525 827 3600 pro
852 3505 1071 3580 victualibus
1093 3506 1344 3600 procurandis.
1363 3508 1450 3582 Erat
1466 3507 1564 3582 euim

390 3624 571 3719 Telephus
609 3643 675 3699 rex
714 3625 842 3699 lleriae
867 3615 906 3716 (¹)
938 3624 1098 3721 regionis
1135 3644 1221 3719 quae
1254 3632 1310 3700 est
1346 3625 1566 3703 fertilissima

391 3744 555 3842 lrugum,
581 3752 625 3818 ut
649 3744 735 3820 dicit
758 3745 897 3820 Seneca
921 3744 959 3818 in
976 3745 1156 3841 tragoedia
1181 3764 1267 3839 quae
1291 3745 1425 3822 dicitur
1441 3749 1565 3824 Troas.

391 3865 573 3954 Telephus
597 3883 798 3938 occurrens
822 3863 889 3937 sibi
915 3865 1133 3938 vulneratus
1162 3870 1219 3939 eet
1242 3864 1290 3938 ab
1314 3885 1360 3940 eo
1384 3867 1548 3962 graviter
1555 3892 1566 3962 3

393 3988 542 4056 etcum
569 3982 703 4056 vulnus
729 3981 917 4056 videretur
942 3980 1154 4075 insanabile,
1180 3982 1360 4078 Telephus
1378 3984 1508 4059 habuit
1529 3985 1567 4060 in

394 4099 575 4194 responsis
601 4099 700 4194 quod
726 4105 978 4175 reverteretur
1002 4099 1049 4174 ad
1074 4100 1249 4175 Achillem
1276 4109 1318 4176 ut
1349 4105 1568 4182 vulnerare·

394 4209 507 4311 turri)
531 4218 627 4295 dicta
653 4219 800 4313 lancea3
827 4239 902 4312 quo
919 4218 1026 4312 iacto,
1045 4220 1278 4313 recuperavit
1296 4221 1446 4297 dubiam
1469 4227 1569 4299 salu·

394 4345 481 4414 tem.
514 4338 592 4414 Sub
625 4339 693 4415 ista
727 4339 951 4434 pulcerrima
981 4337 1127 4414 lictioue
1157 4339 1368 4416 continetur
1390 4343 1569 4440 allegoria

394 4460 628 4556 pulcerrima.
656 4459 758 4536 Unde
791 4466 878 4535 uota
908 4459 1009 4553 quod
1041 4461 1170 4535 lancea
1192 4457 1338 4536 Achillis
1363 4461 1570 4559 figuraliter

394 4587 450 4678 cst
476 4600 611 4678 magna
636 4581 691 4656 vis
716 4579 872 4676 potentis
887 4567 926 4672 (⁸)
952 4580 1130 4676 regentis3
1156 4601 1241 4675 quae
1272 4583 1433 4676 potentia
1458 4583 1570 4660 habet

395 4699 500 4774 istam
519 4701 793 4797 proprietatem,
812 4699 911 4795 quod
932 4699 1080 4794 quando
1099 4701 1212 4776 homo
1238 4701 1366 4798 recipit
1389 4703 1568 4780 oliensam

395 4838 569 4914 maguam
596 4821 725 4914 abeo,
751 4825 896 4916 oportet
921 4819 1020 4913 quod
1045 4819 1155 4895 vadat
1178 4820 1225 4896 ad
1254 4823 1454 4917 petendum
1480 4846 1568 4922 sup-

457 4975 694 5068 (sunanegam.
1084 5003 1269 5067 renum.

455 5077 483 5142 (¹)
500 5079 531 5130 ll.
547 5092 563 5132 e
581 5084 635 5142 llo,
653 5081 868 5134 mruluerrretur
883 5095 897 5132 ι
913 5083 988 5134 dictu.
1084 5080 1158 5142 (¹213.
1174 5084 1289 5146 potentie
1307 5087 1446 5150 mamus.
