<?xml version="1.0" encoding="UTF-8"?>
<!DOCTYPE html PUBLIC "-//W3C//DTD XHTML 1.0 Transitional//EN"
    "http://www.w3.org/TR/xhtml1/DTD/xhtml1-transitional.dtd">
<html xmlns="http://www.w3.org/1999/xhtml" xml:lang="en" lang="en">
 <head>
  <title>
</title>
<meta http-equiv="Content-Type" content="text/html;charset=utf-8" />
  <meta name='ocr-system' content='tesseract 3.04.00' />
  <meta name='ocr-capabilities' content='ocr_page ocr_carea ocr_par ocr_line ocrx_word'/>
</head>
<body>
  <div class='ocr_page' id='page_1' title='image "./comentumsuperda01benvgoog_0088.png"; bbox 0 0 4526 6836; ppageno 0'>
   <div class='ocr_carea' id='block_1_1' title="bbox 782 891 1546 958">
    <p class='ocr_par' dir='ltr' id='par_1_1' title="bbox 782 891 1546 958">
     <span class='ocr_line' id='line_1_1' title="bbox 782 891 1546 958; baseline 0.003 -2"><span class='ocrx_word' id='word_1_1' title='bbox 782 901 920 956; x_wconf 72' lang='lat' dir='ltr'>cnutus</span> <span class='ocrx_word' id='word_1_2' title='bbox 944 901 1146 958; x_wconf 73' lang='lat' dir='ltr'>vlumus.</span> <span class='ocrx_word' id='word_1_3' title='bbox 1501 891 1546 958; x_wconf 78' lang='lat'>&#39;19</span> 
     </span>
    </p>
   </div>
   <div class='ocr_carea' id='block_1_2' title="bbox 375 1038 1648 4854">
    <p class='ocr_par' dir='ltr' id='par_1_2' title="bbox 375 1038 1648 4854">
     <span class='ocr_line' id='line_1_2' title="bbox 380 1038 1548 1142; baseline 0.003 -24"><span class='ocrx_word' id='word_1_4' title='bbox 380 1063 442 1118; x_wconf 90' lang='lat' dir='ltr'>me</span> <span class='ocrx_word' id='word_1_5' title='bbox 479 1042 618 1120; x_wconf 86' lang='lat' dir='ltr'>habere</span> <span class='ocrx_word' id='word_1_6' title='bbox 658 1063 792 1118; x_wconf 90' lang='lat' dir='ltr'>manus</span> <span class='ocrx_word' id='word_1_7' title='bbox 829 1044 989 1142; x_wconf 85' lang='lat' dir='ltr'>virginis.</span> <span class='ocrx_word' id='word_1_8' title='bbox 1023 1047 1185 1121; x_wconf 75' lang='lat' dir='ltr'><strong>Theseus</strong></span> <span class='ocrx_word' id='word_1_9' title='bbox 1215 1051 1340 1120; x_wconf 82' lang='lat' dir='ltr'>autam</span> <span class='ocrx_word' id='word_1_10' title='bbox 1374 1046 1497 1121; x_wconf 89' lang='lat' dir='ltr'>ridens</span> <span class='ocrx_word' id='word_1_11' title='bbox 1511 1038 1548 1138; x_wconf 84' lang='lat'>(¹)</span> 
     </span>
     <span class='ocr_line' id='line_1_3' title="bbox 377 1163 1548 1262; baseline 0.003 -26"><span class='ocrx_word' id='word_1_12' title='bbox 377 1164 489 1238; x_wconf 91' lang='lat' dir='ltr'>istum</span> <span class='ocrx_word' id='word_1_13' title='bbox 516 1163 687 1238; x_wconf 87' lang='lat' dir='ltr'>insanum</span> <span class='ocrx_word' id='word_1_14' title='bbox 712 1181 808 1239; x_wconf 83' lang='lat' dir='ltr'>vanc</span> <span class='ocrx_word' id='word_1_15' title='bbox 832 1163 1029 1259; x_wconf 81' lang='lat' dir='ltr'>furentem,</span> <span class='ocrx_word' id='word_1_16' title='bbox 1046 1165 1150 1240; x_wconf 86' lang='lat' dir='ltr'>illurn</span> <span class='ocrx_word' id='word_1_17' title='bbox 1169 1185 1254 1240; x_wconf 91' lang='lat' dir='ltr'>cum</span> <span class='ocrx_word' id='word_1_18' title='bbox 1274 1167 1376 1241; x_wconf 86' lang='lat' dir='ltr'>hasta</span> <span class='ocrx_word' id='word_1_19' title='bbox 1396 1185 1548 1262; x_wconf 86' lang='lat' dir='ltr'>percus-</span> 
     </span>
     <span class='ocr_line' id='line_1_4' title="bbox 375 1284 1549 1379; baseline -0.001 -19"><span class='ocrx_word' id='word_1_20' title='bbox 375 1285 422 1363; x_wconf 91' lang='lat' dir='ltr'>sit</span> <span class='ocrx_word' id='word_1_21' title='bbox 446 1285 483 1359; x_wconf 92' lang='lat' dir='ltr'>in</span> <span class='ocrx_word' id='word_1_22' title='bbox 507 1291 669 1379; x_wconf 70' lang='lat' dir='ltr'>pectore,</span> <span class='ocrx_word' id='word_1_23' title='bbox 685 1294 724 1360; x_wconf 88' lang='lat' dir='ltr'>ct</span> <span class='ocrx_word' id='word_1_24' title='bbox 745 1284 918 1360; x_wconf 87' lang='lat' dir='ltr'>continuo</span> <span class='ocrx_word' id='word_1_25' title='bbox 939 1291 1087 1362; x_wconf 85' lang='lat' dir='ltr'>mortue</span> <span class='ocrx_word' id='word_1_26' title='bbox 1104 1285 1260 1362; x_wconf 81' lang='lat' dir='ltr'>Creonte</span> <span class='ocrx_word' id='word_1_27' title='bbox 1279 1287 1436 1361; x_wconf 90' lang='lat' dir='ltr'>chtiuuit</span> <span class='ocrx_word' id='word_1_28' title='bbox 1459 1285 1549 1360; x_wconf 87' lang='lat' dir='ltr'>civi-</span> 
     </span>
     <span class='ocr_line' id='line_1_5' title="bbox 376 1405 1548 1503; baseline 0 -23"><span class='ocrx_word' id='word_1_29' title='bbox 376 1411 491 1480; x_wconf 83' lang='lat' dir='ltr'>tatem</span> <span class='ocrx_word' id='word_1_30' title='bbox 523 1405 744 1490; x_wconf 77' lang='lat' dir='ltr'><strong>Thebarum.</strong></span> <span class='ocrx_word' id='word_1_31' title='bbox 779 1406 833 1481; x_wconf 81' lang='lat' dir='ltr'>hd</span> <span class='ocrx_word' id='word_1_32' title='bbox 867 1405 1094 1500; x_wconf 88' lang='lat' dir='ltr'>propositum</span> <span class='ocrx_word' id='word_1_33' title='bbox 1120 1426 1230 1502; x_wconf 86' lang='lat' dir='ltr'>ergo:</span> <span class='ocrx_word' id='word_1_34' title='bbox 1256 1407 1340 1482; x_wconf 89' lang='lat' dir='ltr'>dicit</span> <span class='ocrx_word' id='word_1_35' title='bbox 1366 1407 1548 1503; x_wconf 80' lang='lat' dir='ltr'>Virgilius,</span> 
     </span>
     <span class='ocr_line' id='line_1_6' title="bbox 378 1525 1549 1622; baseline 0 -24"><span class='ocrx_word' id='word_1_36' title='bbox 378 1525 477 1620; x_wconf 85' lang='lat' dir='ltr'>quud</span> <span class='ocrx_word' id='word_1_37' title='bbox 501 1525 659 1619; x_wconf 79' lang='lat' dir='ltr'>Mentha,</span> <span class='ocrx_word' id='word_1_38' title='bbox 683 1531 766 1620; x_wconf 84' lang='lat' dir='ltr'>post</span> <span class='ocrx_word' id='word_1_39' title='bbox 790 1525 1004 1601; x_wconf 83' lang='lat' dir='ltr'>servitutem</span> <span class='ocrx_word' id='word_1_40' title='bbox 1031 1525 1158 1620; x_wconf 81' lang='lat' dir='ltr'>patriae</span> <span class='ocrx_word' id='word_1_41' title='bbox 1182 1547 1271 1620; x_wconf 87' lang='lat' dir='ltr'>suae,</span> <span class='ocrx_word' id='word_1_42' title='bbox 1294 1525 1440 1602; x_wconf 88' lang='lat' dir='ltr'>tandem</span> <span class='ocrx_word' id='word_1_43' title='bbox 1463 1547 1549 1622; x_wconf 90' lang='lat' dir='ltr'>per-</span> 
     </span>
     <span class='ocr_line' id='line_1_7' title="bbox 379 1641 1548 1739; baseline -0.001 -19"><span class='ocrx_word' id='word_1_44' title='bbox 379 1643 539 1720; x_wconf 83' lang='lat' dir='ltr'>venitin</span> <span class='ocrx_word' id='word_1_45' title='bbox 564 1641 705 1726; x_wconf 85' lang='lat' dir='ltr'>ltaliam</span> <span class='ocrx_word' id='word_1_46' title='bbox 730 1644 828 1739; x_wconf 92' lang='lat' dir='ltr'>apud</span> <span class='ocrx_word' id='word_1_47' title='bbox 853 1645 974 1721; x_wconf 87' lang='lat' dir='ltr'>lacum</span> <span class='ocrx_word' id='word_1_48' title='bbox 1002 1651 1298 1738; x_wconf 85' lang='lat' dir='ltr'>mantuanum,a</span> <span class='ocrx_word' id='word_1_49' title='bbox 1322 1664 1398 1738; x_wconf 89' lang='lat' dir='ltr'>quc</span> <span class='ocrx_word' id='word_1_50' title='bbox 1423 1651 1548 1739; x_wconf 88' lang='lat' dir='ltr'>postea</span> 
     </span>
     <span class='ocr_line' id='line_1_8' title="bbox 379 1764 1549 1862; baseline -0.001 -23"><span class='ocrx_word' id='word_1_51' title='bbox 379 1764 614 1841; x_wconf 85' lang='lat' dir='ltr'>denominata</span> <span class='ocrx_word' id='word_1_52' title='bbox 638 1772 695 1840; x_wconf 87' lang='lat' dir='ltr'>est</span> <span class='ocrx_word' id='word_1_53' title='bbox 717 1767 864 1839; x_wconf 80' lang='lat' dir='ltr'><strong>Mantua</strong></span> <span class='ocrx_word' id='word_1_54' title='bbox 889 1764 1006 1860; x_wconf 89' lang='lat' dir='ltr'>patria</span> <span class='ocrx_word' id='word_1_55' title='bbox 1031 1764 1179 1862; x_wconf 86' lang='lat' dir='ltr'>Virgilii,</span> <span class='ocrx_word' id='word_1_56' title='bbox 1206 1772 1248 1839; x_wconf 91' lang='lat' dir='ltr'>ut</span> <span class='ocrx_word' id='word_1_57' title='bbox 1277 1764 1404 1860; x_wconf 87' lang='lat' dir='ltr'>pulcre</span> <span class='ocrx_word' id='word_1_58' title='bbox 1429 1766 1549 1860; x_wconf 87' lang='lat' dir='ltr'>tangi-</span> 
     </span>
     <span class='ocr_line' id='line_1_9' title="bbox 379 1883 1548 1981; baseline -0.002 -23"><span class='ocrx_word' id='word_1_59' title='bbox 379 1885 496 1959; x_wconf 89' lang='lat' dir='ltr'>turin</span> <span class='ocrx_word' id='word_1_60' title='bbox 519 1885 635 1960; x_wconf 87' lang='lat' dir='ltr'>litera.</span> <span class='ocrx_word' id='word_1_61' title='bbox 653 1886 758 1960; x_wconf 92' lang='lat' dir='ltr'>Nunc</span> <span class='ocrx_word' id='word_1_62' title='bbox 778 1903 869 1981; x_wconf 84' lang='lat' dir='ltr'>crgo</span> <span class='ocrx_word' id='word_1_63' title='bbox 887 1884 934 1959; x_wconf 89' lang='lat' dir='ltr'>ad</span> <span class='ocrx_word' id='word_1_64' title='bbox 955 1885 1116 1978; x_wconf 82' lang='lat' dir='ltr'>literam3</span> <span class='ocrx_word' id='word_1_65' title='bbox 1134 1883 1218 1960; x_wconf 89' lang='lat' dir='ltr'>dicit</span> <span class='ocrx_word' id='word_1_66' title='bbox 1236 1883 1405 1981; x_wconf 78' lang='lat' dir='ltr'>Virgilius</span> <span class='ocrx_word' id='word_1_67' title='bbox 1422 1885 1548 1960; x_wconf 86' lang='lat' dir='ltr'>llauti:</span> 
     </span>
     <span class='ocr_line' id='line_1_10' title="bbox 385 1997 1549 2099; baseline -0.002 -21"><span class='ocrx_word' id='word_1_68' title='bbox 385 2009 524 2098; x_wconf 69' lang='lat' dir='ltr'>(luerim</span> <span class='ocrx_word' id='word_1_69' title='bbox 548 2006 685 2080; x_wconf 90' lang='lat' dir='ltr'>scilicet</span> <span class='ocrx_word' id='word_1_70' title='bbox 707 2006 839 2097; x_wconf 85' lang='lat' dir='ltr'>Manto,</span> <span class='ocrx_word' id='word_1_71' title='bbox 864 1997 936 2096; x_wconf 79' lang='lat' dir='ltr'>gio,</span> <span class='ocrx_word' id='word_1_72' title='bbox 962 2004 1065 2099; x_wconf 79' lang='lat' dir='ltr'>idest,</span> <span class='ocrx_word' id='word_1_73' title='bbox 1091 2004 1155 2078; x_wconf 88' lang='lat' dir='ltr'>ivit</span> <span class='ocrx_word' id='word_1_74' title='bbox 1178 2005 1427 2099; x_wconf 86' lang='lat' dir='ltr'>discurrendo,</span> <span class='ocrx_word' id='word_1_75' title='bbox 1454 2023 1549 2096; x_wconf 79' lang='lat' dir='ltr'>prun</span> 
     </span>
     <span class='ocr_line' id='line_1_11' title="bbox 382 2123 1549 2220; baseline -0.001 -23"><span class='ocrx_word' id='word_1_76' title='bbox 382 2134 494 2217; x_wconf 77' lang='lat' dir='ltr'>tempo</span> <span class='ocrx_word' id='word_1_77' title='bbox 504 2147 573 2217; x_wconf 86' lang='lat' dir='ltr'>per</span> <span class='ocrx_word' id='word_1_78' title='bbox 597 2127 632 2197; x_wconf 89' lang='lat' dir='ltr'>lc</span> <span class='ocrx_word' id='word_1_79' title='bbox 657 2127 799 2215; x_wconf 82' lang='lat' dir='ltr'>mendo,</span> <span class='ocrx_word' id='word_1_80' title='bbox 819 2131 861 2198; x_wconf 90' lang='lat' dir='ltr'>ut</span> <span class='ocrx_word' id='word_1_81' title='bbox 880 2124 1032 2200; x_wconf 88' lang='lat' dir='ltr'>haberet</span> <span class='ocrx_word' id='word_1_82' title='bbox 1051 2123 1314 2220; x_wconf 76' lang='lat' dir='ltr'>experientiam</span> <span class='ocrx_word' id='word_1_83' title='bbox 1333 2124 1549 2216; x_wconf 86' lang='lat' dir='ltr'>multorum,</span> 
     </span>
     <span class='ocr_line' id='line_1_12' title="bbox 382 2242 1550 2339; baseline -0.002 -23"><span class='ocrx_word' id='word_1_84' title='bbox 382 2242 440 2318; x_wconf 88' lang='lat' dir='ltr'>vel</span> <span class='ocrx_word' id='word_1_85' title='bbox 466 2249 507 2317; x_wconf 92' lang='lat' dir='ltr'>ut</span> <span class='ocrx_word' id='word_1_86' title='bbox 533 2249 719 2337; x_wconf 72' lang='lat' dir='ltr'>quaereret</span> <span class='ocrx_word' id='word_1_87' title='bbox 743 2243 869 2320; x_wconf 86' lang='lat' dir='ltr'>sedem</span> <span class='ocrx_word' id='word_1_88' title='bbox 894 2245 1097 2339; x_wconf 79' lang='lat' dir='ltr'>placentem</span> <span class='ocrx_word' id='word_1_89' title='bbox 1121 2243 1200 2338; x_wconf 88' lang='lat' dir='ltr'>sihi,</span> <span class='ocrx_word' id='word_1_90' title='bbox 1222 2247 1345 2336; x_wconf 79' lang='lat' dir='ltr'>porcia</span> <span class='ocrx_word' id='word_1_91' title='bbox 1368 2243 1428 2316; x_wconf 82' lang='lat' dir='ltr'>cle</span> <span class='ocrx_word' id='word_1_92' title='bbox 1441 2245 1466 2316; x_wconf 91' lang='lat' dir='ltr'>’l</span> <span class='ocrx_word' id='word_1_93' title='bbox 1479 2263 1550 2336; x_wconf 88' lang='lat' dir='ltr'>pn-</span> 
     </span>
     <span class='ocr_line' id='line_1_13' title="bbox 381 2356 1552 2459; baseline 0 -24"><span class='ocrx_word' id='word_1_94' title='bbox 381 2365 446 2436; x_wconf 81' lang='lat' dir='ltr'>drc</span> <span class='ocrx_word' id='word_1_95' title='bbox 469 2383 546 2454; x_wconf 83' lang='lat' dir='ltr'>suc,</span> <span class='ocrx_word' id='word_1_96' title='bbox 572 2361 707 2438; x_wconf 88' lang='lat' dir='ltr'>scilicet</span> <span class='ocrx_word' id='word_1_97' title='bbox 732 2362 912 2438; x_wconf 84' lang='lat' dir='ltr'>Thiresias</span> <span class='ocrx_word' id='word_1_98' title='bbox 938 2362 1009 2437; x_wconf 88' lang='lat' dir='ltr'>iilia</span> <span class='ocrx_word' id='word_1_99' title='bbox 1034 2363 1143 2459; x_wconf 87' lang='lat' dir='ltr'>digna</span> <span class='ocrx_word' id='word_1_100' title='bbox 1168 2364 1231 2438; x_wconf 86' lang='lat' dir='ltr'>lali</span> <span class='ocrx_word' id='word_1_101' title='bbox 1255 2369 1372 2458; x_wconf 80' lang='lat' dir='ltr'>patre,</span> <span class='ocrx_word' id='word_1_102' title='bbox 1395 2356 1489 2436; x_wconf 83' lang='lat' dir='ltr'>rucio</span> <span class='ocrx_word' id='word_1_103' title='bbox 1514 2365 1552 2435; x_wconf 79' lang='lat' dir='ltr'>dt</span> 
     </span>
     <span class='ocr_line' id='line_1_14' title="bbox 382 2473 1550 2576; baseline 0 -21"><span class='ocrx_word' id='word_1_104' title='bbox 382 2484 467 2573; x_wconf 82' lang='lat' dir='ltr'>cita,</span> <span class='ocrx_word' id='word_1_105' title='bbox 492 2481 594 2576; x_wconf 71' lang='lat' dir='ltr'>idest,</span> <span class='ocrx_word' id='word_1_106' title='bbox 619 2489 790 2558; x_wconf 88' lang='lat' dir='ltr'>mortuus</span> <span class='ocrx_word' id='word_1_107' title='bbox 814 2489 880 2576; x_wconf 69' lang='lat' dir='ltr'>est7</span> <span class='ocrx_word' id='word_1_108' title='bbox 902 2504 920 2556; x_wconf 86' lang='lat' dir='ltr'>c</span> <span class='ocrx_word' id='word_1_109' title='bbox 939 2485 1062 2576; x_wconf 82' lang='lat' dir='ltr'>pescia</span> <span class='ocrx_word' id='word_1_110' title='bbox 1090 2485 1150 2556; x_wconf 82' lang='lat' dir='ltr'>circ</span> <span class='ocrx_word' id='word_1_111' title='bbox 1177 2487 1214 2556; x_wconf 84' lang='lat' dir='ltr'>lc</span> <span class='ocrx_word' id='word_1_112' title='bbox 1244 2473 1325 2558; x_wconf 71' lang='lat' dir='ltr'>aad</span> <span class='ocrx_word' id='word_1_113' title='bbox 1355 2486 1392 2556; x_wconf 82' lang='lat' dir='ltr'>di</span> <span class='ocrx_word' id='word_1_114' title='bbox 1421 2488 1550 2574; x_wconf 84' lang='lat' dir='ltr'>Bucco,</span> 
     </span>
     <span class='ocr_line' id='line_1_15' title="bbox 382 2594 1550 2697; baseline 0.003 -22"><span class='ocrx_word' id='word_1_115' title='bbox 382 2602 474 2678; x_wconf 88' lang='lat' dir='ltr'>idest</span> <span class='ocrx_word' id='word_1_116' title='bbox 504 2601 631 2678; x_wconf 79' lang='lat' dir='ltr'>civitas</span> <span class='ocrx_word' id='word_1_117' title='bbox 660 2603 869 2678; x_wconf 81' lang='lat' dir='ltr'>Thebarum</span> <span class='ocrx_word' id='word_1_118' title='bbox 884 2594 921 2696; x_wconf 77' lang='lat'>(¹)</span> <span class='ocrx_word' id='word_1_119' title='bbox 955 2623 1068 2697; x_wconf 87' lang='lat' dir='ltr'>quam</span> <span class='ocrx_word' id='word_1_120' title='bbox 1098 2603 1310 2678; x_wconf 85' lang='lat' dir='ltr'>denominat</span> <span class='ocrx_word' id='word_1_121' title='bbox 1342 2625 1364 2678; x_wconf 90' lang='lat' dir='ltr'>a</span> <span class='ocrx_word' id='word_1_122' title='bbox 1396 2604 1550 2696; x_wconf 84' lang='lat' dir='ltr'>Baccho,</span> 
     </span>
     <span class='ocr_line' id='line_1_16' title="bbox 383 2723 1551 2820; baseline 0 -22"><span class='ocrx_word' id='word_1_123' title='bbox 383 2724 469 2816; x_wconf 86' lang='lat' dir='ltr'>quia</span> <span class='ocrx_word' id='word_1_124' title='bbox 486 2723 651 2798; x_wconf 88' lang='lat' dir='ltr'>Bacchus</span> <span class='ocrx_word' id='word_1_125' title='bbox 669 2723 737 2796; x_wconf 89' lang='lat' dir='ltr'>luit</span> <span class='ocrx_word' id='word_1_126' title='bbox 756 2724 937 2798; x_wconf 82' lang='lat' dir='ltr'>thebanus</span> <span class='ocrx_word' id='word_1_127' title='bbox 953 2733 1062 2800; x_wconf 91' lang='lat' dir='ltr'>natus</span> <span class='ocrx_word' id='word_1_128' title='bbox 1079 2744 1125 2798; x_wconf 85' lang='lat' dir='ltr'>cx</span> <span class='ocrx_word' id='word_1_129' title='bbox 1144 2724 1287 2799; x_wconf 87' lang='lat' dir='ltr'>Semele</span> <span class='ocrx_word' id='word_1_130' title='bbox 1303 2723 1349 2798; x_wconf 90' lang='lat' dir='ltr'>de</span> <span class='ocrx_word' id='word_1_131' title='bbox 1373 2723 1551 2820; x_wconf 86' lang='lat' dir='ltr'>sauguine</span> 
     </span>
     <span class='ocr_line' id='line_1_17' title="bbox 384 2833 1553 2940; baseline -0.002 -22"><span class='ocrx_word' id='word_1_132' title='bbox 384 2843 521 2936; x_wconf 81' lang='lat' dir='ltr'>crunt,</span> <span class='ocrx_word' id='word_1_133' title='bbox 547 2843 610 2936; x_wconf 87' lang='lat' dir='ltr'>qui</span> <span class='ocrx_word' id='word_1_134' title='bbox 636 2843 777 2937; x_wconf 92' lang='lat' dir='ltr'>primus</span> <span class='ocrx_word' id='word_1_135' title='bbox 802 2843 937 2938; x_wconf 87' lang='lat' dir='ltr'>reperit</span> <span class='ocrx_word' id='word_1_136' title='bbox 962 2863 1071 2918; x_wconf 90' lang='lat' dir='ltr'>usum</span> <span class='ocrx_word' id='word_1_137' title='bbox 1088 2833 1125 2935; x_wconf 73' lang='lat'>(³)</span> <span class='ocrx_word' id='word_1_138' title='bbox 1142 2843 1224 2917; x_wconf 85' lang='lat' dir='ltr'>vitis</span> <span class='ocrx_word' id='word_1_139' title='bbox 1240 2843 1278 2918; x_wconf 90' lang='lat' dir='ltr'>in</span> <span class='ocrx_word' id='word_1_140' title='bbox 1294 2843 1446 2940; x_wconf 86' lang='lat' dir='ltr'>regione</span> <span class='ocrx_word' id='word_1_141' title='bbox 1465 2863 1553 2936; x_wconf 83' lang='lat' dir='ltr'>sua3</span> 
     </span>
     <span class='ocr_line' id='line_1_18' title="bbox 385 2961 1550 3057; baseline -0.002 -21"><span class='ocrx_word' id='word_1_142' title='bbox 385 2963 465 3038; x_wconf 88' lang='lat' dir='ltr'>idco</span> <span class='ocrx_word' id='word_1_143' title='bbox 490 2968 638 3057; x_wconf 86' lang='lat' dir='ltr'>propter</span> <span class='ocrx_word' id='word_1_144' title='bbox 664 2962 752 3036; x_wconf 95' lang='lat' dir='ltr'>illud</span> <span class='ocrx_word' id='word_1_145' title='bbox 777 2961 997 3038; x_wconf 85' lang='lat' dir='ltr'>heneficium</span> <span class='ocrx_word' id='word_1_146' title='bbox 1023 2962 1168 3038; x_wconf 89' lang='lat' dir='ltr'>habitus</span> <span class='ocrx_word' id='word_1_147' title='bbox 1192 2967 1248 3036; x_wconf 87' lang='lat' dir='ltr'>est</span> <span class='ocrx_word' id='word_1_148' title='bbox 1276 2981 1344 3056; x_wconf 90' lang='lat' dir='ltr'>pro</span> <span class='ocrx_word' id='word_1_149' title='bbox 1375 2963 1445 3037; x_wconf 87' lang='lat' dir='ltr'>dcc</span> <span class='ocrx_word' id='word_1_150' title='bbox 1471 2967 1550 3057; x_wconf 89' lang='lat' dir='ltr'>post</span> 
     </span>
     <span class='ocr_line' id='line_1_19' title="bbox 386 3080 1554 3174; baseline 0 -20"><span class='ocrx_word' id='word_1_151' title='bbox 386 3088 557 3174; x_wconf 86' lang='lat' dir='ltr'>mortem,</span> <span class='ocrx_word' id='word_1_152' title='bbox 582 3088 620 3156; x_wconf 92' lang='lat' dir='ltr'>et</span> <span class='ocrx_word' id='word_1_153' title='bbox 643 3080 763 3154; x_wconf 89' lang='lat' dir='ltr'>dictus</span> <span class='ocrx_word' id='word_1_154' title='bbox 787 3091 843 3157; x_wconf 91' lang='lat' dir='ltr'>est</span> <span class='ocrx_word' id='word_1_155' title='bbox 872 3081 964 3156; x_wconf 86' lang='lat' dir='ltr'>deus</span> <span class='ocrx_word' id='word_1_156' title='bbox 988 3080 1072 3154; x_wconf 88' lang='lat' dir='ltr'>viui.</span> <span class='ocrx_word' id='word_1_157' title='bbox 1100 3080 1164 3155; x_wconf 90' lang='lat' dir='ltr'>llic</span> <span class='ocrx_word' id='word_1_158' title='bbox 1189 3081 1300 3155; x_wconf 90' lang='lat' dir='ltr'>etiam</span> <span class='ocrx_word' id='word_1_159' title='bbox 1326 3081 1492 3156; x_wconf 87' lang='lat' dir='ltr'>Bacchus</span> <span class='ocrx_word' id='word_1_160' title='bbox 1517 3081 1554 3154; x_wconf 94' lang='lat' dir='ltr'>in</span> 
     </span>
     <span class='ocr_line' id='line_1_20' title="bbox 386 3200 1648 3296; baseline 0.002 -22"><span class='ocrx_word' id='word_1_161' title='bbox 386 3203 461 3276; x_wconf 85' lang='lat' dir='ltr'>rita</span> <span class='ocrx_word' id='word_1_162' title='bbox 486 3207 601 3276; x_wconf 86' lang='lat' dir='ltr'>tutam</span> <span class='ocrx_word' id='word_1_163' title='bbox 625 3201 763 3274; x_wconf 90' lang='lat' dir='ltr'>Indiam</span> <span class='ocrx_word' id='word_1_164' title='bbox 789 3200 993 3294; x_wconf 80' lang='lat' dir='ltr'>deballavit,</span> <span class='ocrx_word' id='word_1_165' title='bbox 1012 3219 1120 3274; x_wconf 80' lang='lat' dir='ltr'>venue</span> <span class='ocrx_word' id='word_1_166' title='bbox 1142 3219 1260 3292; x_wconf 76' lang='lat' dir='ltr'>sucu,</span> <span class='ocrx_word' id='word_1_167' title='bbox 1277 3201 1396 3296; x_wconf 88' lang='lat' dir='ltr'>primo</span> <span class='ocrx_word' id='word_1_168' title='bbox 1416 3203 1555 3276; x_wconf 86' lang='lat' dir='ltr'>creon·</span> <span class='ocrx_word' id='word_1_169' title='bbox 1641 3261 1648 3277; x_wconf 93' lang='lat'>.</span> 
     </span>
     <span class='ocr_line' id='line_1_21' title="bbox 388 3309 1552 3414; baseline -0.002 -20"><span class='ocrx_word' id='word_1_170' title='bbox 388 3309 445 3414; x_wconf 79' lang='lat' dir='ltr'>irs,</span> <span class='ocrx_word' id='word_1_171' title='bbox 470 3320 599 3394; x_wconf 86' lang='lat' dir='ltr'>deinde</span> <span class='ocrx_word' id='word_1_172' title='bbox 624 3320 694 3394; x_wconf 91' lang='lat' dir='ltr'>sub</span> <span class='ocrx_word' id='word_1_173' title='bbox 718 3321 858 3394; x_wconf 84' lang='lat' dir='ltr'>Theseo</span> <span class='ocrx_word' id='word_1_174' title='bbox 883 3319 978 3395; x_wconf 86' lang='lat' dir='ltr'>iacta</span> <span class='ocrx_word' id='word_1_175' title='bbox 1008 3325 1063 3394; x_wconf 81' lang='lat' dir='ltr'>est</span> <span class='ocrx_word' id='word_1_176' title='bbox 1092 3319 1284 3395; x_wconf 88' lang='lat' dir='ltr'>tributaria</span> <span class='ocrx_word' id='word_1_177' title='bbox 1315 3319 1552 3395; x_wconf 77' lang='lat' dir='ltr'>Athenarum.</span> 
     </span>
     <span class='ocr_line' id='line_1_22' title="bbox 386 3437 1555 3536; baseline 0.001 -22"><span class='ocrx_word' id='word_1_178' title='bbox 386 3479 437 3496; x_wconf 90' lang='lat'><em>-</em></span> <span class='ocrx_word' id='word_1_179' title='bbox 448 3445 548 3514; x_wconf 81' lang='lat' dir='ltr'>Saso.</span> <span class='ocrx_word' id='word_1_180' title='bbox 574 3440 639 3515; x_wconf 86' lang='lat' dir='ltr'>llic</span> <span class='ocrx_word' id='word_1_181' title='bbox 656 3437 826 3536; x_wconf 85' lang='lat' dir='ltr'>Virgilius</span> <span class='ocrx_word' id='word_1_182' title='bbox 843 3439 969 3514; x_wconf 85' lang='lat' dir='ltr'>volens</span> <span class='ocrx_word' id='word_1_183' title='bbox 984 3438 1190 3533; x_wconf 87' lang='lat' dir='ltr'>ostendere,</span> <span class='ocrx_word' id='word_1_184' title='bbox 1207 3439 1393 3534; x_wconf 86' lang='lat' dir='ltr'>quomodo</span> <span class='ocrx_word' id='word_1_185' title='bbox 1409 3441 1555 3515; x_wconf 87' lang='lat' dir='ltr'>Mantho</span> 
     </span>
     <span class='ocr_line' id='line_1_23' title="bbox 386 3557 1555 3656; baseline -0.001 -23"><span class='ocrx_word' id='word_1_186' title='bbox 386 3567 465 3656; x_wconf 85' lang='lat' dir='ltr'>pust</span> <span class='ocrx_word' id='word_1_187' title='bbox 491 3561 641 3656; x_wconf 86' lang='lat' dir='ltr'>longum</span> <span class='ocrx_word' id='word_1_188' title='bbox 667 3561 873 3635; x_wconf 85' lang='lat' dir='ltr'>discursum</span> <span class='ocrx_word' id='word_1_189' title='bbox 900 3560 1000 3634; x_wconf 85' lang='lat' dir='ltr'>venit</span> <span class='ocrx_word' id='word_1_190' title='bbox 1024 3557 1061 3632; x_wconf 91' lang='lat' dir='ltr'>in</span> <span class='ocrx_word' id='word_1_191' title='bbox 1085 3559 1224 3634; x_wconf 86' lang='lat' dir='ltr'>ltaliam</span> <span class='ocrx_word' id='word_1_192' title='bbox 1245 3559 1292 3634; x_wconf 89' lang='lat' dir='ltr'>ad</span> <span class='ocrx_word' id='word_1_193' title='bbox 1313 3565 1434 3654; x_wconf 85' lang='lat' dir='ltr'>partes</span> <span class='ocrx_word' id='word_1_194' title='bbox 1458 3575 1555 3652; x_wconf 88' lang='lat' dir='ltr'>suas,</span> 
     </span>
     <span class='ocr_line' id='line_1_24' title="bbox 386 3677 1555 3778; baseline -0.003 -24"><span class='ocrx_word' id='word_1_195' title='bbox 386 3680 556 3776; x_wconf 81' lang='lat' dir='ltr'>incipite</span> <span class='ocrx_word' id='word_1_196' title='bbox 585 3680 705 3778; x_wconf 72' lang='lat' dir='ltr'>iunge,</span> <span class='ocrx_word' id='word_1_197' title='bbox 731 3687 769 3755; x_wconf 89' lang='lat' dir='ltr'>ct</span> <span class='ocrx_word' id='word_1_198' title='bbox 792 3679 912 3775; x_wconf 88' lang='lat' dir='ltr'>primo</span> <span class='ocrx_word' id='word_1_199' title='bbox 936 3677 1107 3755; x_wconf 82' lang='lat' dir='ltr'>describit</span> <span class='ocrx_word' id='word_1_200' title='bbox 1134 3679 1256 3754; x_wconf 89' lang='lat' dir='ltr'>lacurn</span> <span class='ocrx_word' id='word_1_201' title='bbox 1285 3680 1483 3773; x_wconf 80' lang='lat' dir='ltr'>Benacum,</span> <span class='ocrx_word' id='word_1_202' title='bbox 1509 3697 1555 3754; x_wconf 85' lang='lat' dir='ltr'>ex</span> 
     </span>
     <span class='ocr_line' id='line_1_25' title="bbox 386 3799 1557 3894; baseline 0 -21"><span class='ocrx_word' id='word_1_203' title='bbox 386 3820 463 3894; x_wconf 84' lang='lat' dir='ltr'>quc</span> <span class='ocrx_word' id='word_1_204' title='bbox 488 3801 825 3876; x_wconf 77' lang='lat' dir='ltr'>nascitur-Mincius</span> <span class='ocrx_word' id='word_1_205' title='bbox 850 3800 994 3894; x_wconf 85' lang='lat' dir='ltr'>fluvius,</span> <span class='ocrx_word' id='word_1_206' title='bbox 1015 3804 1053 3875; x_wconf 90' lang='lat' dir='ltr'>et</span> <span class='ocrx_word' id='word_1_207' title='bbox 1075 3801 1177 3874; x_wconf 90' lang='lat' dir='ltr'>lacus</span> <span class='ocrx_word' id='word_1_208' title='bbox 1194 3807 1429 3894; x_wconf 79' lang='lat' dir='ltr'>mantheum,</span> <span class='ocrx_word' id='word_1_209' title='bbox 1447 3811 1490 3877; x_wconf 92' lang='lat' dir='ltr'>ut</span> <span class='ocrx_word' id='word_1_210' title='bbox 1506 3799 1557 3874; x_wconf 90' lang='lat' dir='ltr'>sic</span> 
     </span>
     <span class='ocr_line' id='line_1_26' title="bbox 388 3917 1557 4016; baseline -0.002 -20"><span class='ocrx_word' id='word_1_211' title='bbox 388 3920 557 3996; x_wconf 81' lang='lat' dir='ltr'>dcrcniat</span> <span class='ocrx_word' id='word_1_212' title='bbox 587 3921 633 3996; x_wconf 89' lang='lat' dir='ltr'>ad</span> <span class='ocrx_word' id='word_1_213' title='bbox 664 3921 785 3995; x_wconf 90' lang='lat' dir='ltr'>lucum</span> <span class='ocrx_word' id='word_1_214' title='bbox 819 3919 1008 4016; x_wconf 90' lang='lat' dir='ltr'>proprium</span> <span class='ocrx_word' id='word_1_215' title='bbox 1035 3917 1185 4015; x_wconf 87' lang='lat' dir='ltr'>originis</span> <span class='ocrx_word' id='word_1_216' title='bbox 1209 3939 1298 3994; x_wconf 84' lang='lat' dir='ltr'>suae.</span> <span class='ocrx_word' id='word_1_217' title='bbox 1325 3919 1427 3994; x_wconf 90' lang='lat' dir='ltr'>Unde</span> <span class='ocrx_word' id='word_1_218' title='bbox 1458 3925 1557 4014; x_wconf 82' lang='lat' dir='ltr'>ncta,</span> 
     </span>
     <span class='ocr_line' id='line_1_27' title="bbox 388 4035 1557 4136; baseline 0 -22"><span class='ocrx_word' id='word_1_219' title='bbox 388 4042 488 4135; x_wconf 86' lang='lat' dir='ltr'>quud</span> <span class='ocrx_word' id='word_1_220' title='bbox 512 4047 621 4116; x_wconf 87' lang='lat' dir='ltr'>autur</span> <span class='ocrx_word' id='word_1_221' title='bbox 647 4039 881 4136; x_wconf 79' lang='lat' dir='ltr'>berathgit,</span> <span class='ocrx_word' id='word_1_222' title='bbox 908 4038 1005 4132; x_wconf 89' lang='lat' dir='ltr'>quud</span> <span class='ocrx_word' id='word_1_223' title='bbox 1031 4035 1202 4132; x_wconf 79' lang='lat' dir='ltr'>Virgilius</span> <span class='ocrx_word' id='word_1_224' title='bbox 1226 4038 1335 4113; x_wconf 87' lang='lat' dir='ltr'>iaciat</span> <span class='ocrx_word' id='word_1_225' title='bbox 1361 4038 1465 4112; x_wconf 89' lang='lat' dir='ltr'>istam</span> <span class='ocrx_word' id='word_1_226' title='bbox 1491 4039 1557 4114; x_wconf 87' lang='lat' dir='ltr'>dc·</span> 
     </span>
     <span class='ocr_line' id='line_1_28' title="bbox 389 4157 1559 4256; baseline -0.001 -21"><span class='ocrx_word' id='word_1_227' title='bbox 389 4160 634 4256; x_wconf 77' lang='lat' dir='ltr'>scriptionem,</span> <span class='ocrx_word' id='word_1_228' title='bbox 660 4167 740 4234; x_wconf 91' lang='lat' dir='ltr'>tum</span> <span class='ocrx_word' id='word_1_229' title='bbox 767 4159 853 4254; x_wconf 90' lang='lat' dir='ltr'>quia</span> <span class='ocrx_word' id='word_1_230' title='bbox 887 4157 954 4230; x_wconf 86' lang='lat' dir='ltr'>luit</span> <span class='ocrx_word' id='word_1_231' title='bbox 984 4161 1218 4250; x_wconf 89' lang='lat' dir='ltr'>mantuanus,</span> <span class='ocrx_word' id='word_1_232' title='bbox 1244 4163 1324 4230; x_wconf 94' lang='lat' dir='ltr'>lum</span> <span class='ocrx_word' id='word_1_233' title='bbox 1357 4159 1442 4250; x_wconf 89' lang='lat' dir='ltr'>quia</span> <span class='ocrx_word' id='word_1_234' title='bbox 1475 4157 1559 4234; x_wconf 89' lang='lat' dir='ltr'>iacit</span> 
     </span>
     <span class='ocr_line' id='line_1_29' title="bbox 391 4275 1559 4370; baseline -0.002 -18"><span class='ocrx_word' id='word_1_235' title='bbox 391 4280 615 4356; x_wconf 88' lang='lat' dir='ltr'>mentionem</span> <span class='ocrx_word' id='word_1_236' title='bbox 649 4280 695 4355; x_wconf 88' lang='lat' dir='ltr'>dc</span> <span class='ocrx_word' id='word_1_237' title='bbox 727 4280 794 4353; x_wconf 91' lang='lat' dir='ltr'>ista</span> <span class='ocrx_word' id='word_1_238' title='bbox 827 4278 984 4370; x_wconf 78' lang='lat' dir='ltr'>Manilio,</span> <span class='ocrx_word' id='word_1_239' title='bbox 1016 4283 1054 4350; x_wconf 87' lang='lat' dir='ltr'>et</span> <span class='ocrx_word' id='word_1_240' title='bbox 1085 4275 1166 4350; x_wconf 89' lang='lat' dir='ltr'>lacu</span> <span class='ocrx_word' id='word_1_241' title='bbox 1200 4277 1345 4352; x_wconf 90' lang='lat' dir='ltr'>Bcuacn</span> <span class='ocrx_word' id='word_1_242' title='bbox 1370 4276 1419 4350; x_wconf 90' lang='lat' dir='ltr'>lll</span> <span class='ocrx_word' id='word_1_243' title='bbox 1452 4275 1559 4352; x_wconf 79' lang='lat' dir='ltr'>linei-</span> 
     </span>
     <span class='ocr_line' id='line_1_30' title="bbox 390 4397 1557 4496; baseline -0.003 -22"><span class='ocrx_word' id='word_1_244' title='bbox 390 4399 466 4474; x_wconf 88' lang='lat' dir='ltr'>dus.</span> <span class='ocrx_word' id='word_1_245' title='bbox 491 4397 585 4474; x_wconf 88' lang='lat' dir='ltr'>llicit</span> <span class='ocrx_word' id='word_1_246' title='bbox 609 4419 724 4496; x_wconf 78' lang='lat' dir='ltr'>crgo:</span> <span class='ocrx_word' id='word_1_247' title='bbox 750 4417 799 4472; x_wconf 81' lang='lat' dir='ltr'>un</span> <span class='ocrx_word' id='word_1_248' title='bbox 830 4401 907 4471; x_wconf 87' lang='lat' dir='ltr'>lucc</span> <span class='ocrx_word' id='word_1_249' title='bbox 938 4397 1028 4468; x_wconf 84' lang='lat' dir='ltr'>c’hu</span> <span class='ocrx_word' id='word_1_250' title='bbox 1058 4415 1159 4469; x_wconf 78' lang='lat' dir='ltr'>acme</span> <span class='ocrx_word' id='word_1_251' title='bbox 1191 4401 1344 4488; x_wconf 78' lang='lat' dir='ltr'>umaro,</span> <span class='ocrx_word' id='word_1_252' title='bbox 1369 4397 1557 4493; x_wconf 85' lang='lat' dir='ltr'>intelligas,</span> 
     </span>
     <span class='ocr_line' id='line_1_31' title="bbox 391 4517 1560 4614; baseline -0.002 -22"><span class='ocrx_word' id='word_1_253' title='bbox 391 4517 504 4614; x_wconf 89' lang='lat' dir='ltr'>ulim;</span> <span class='ocrx_word' id='word_1_254' title='bbox 529 4537 628 4594; x_wconf 92' lang='lat' dir='ltr'>nunc</span> <span class='ocrx_word' id='word_1_255' title='bbox 653 4519 751 4594; x_wconf 92' lang='lat' dir='ltr'>euim</span> <span class='ocrx_word' id='word_1_256' title='bbox 773 4523 927 4594; x_wconf 83' lang='lat' dir='ltr'>vocatur</span> <span class='ocrx_word' id='word_1_257' title='bbox 953 4518 1055 4590; x_wconf 90' lang='lat' dir='ltr'>lacus</span> <span class='ocrx_word' id='word_1_258' title='bbox 1079 4517 1221 4611; x_wconf 86' lang='lat' dir='ltr'>Gardae,</span> <span class='ocrx_word' id='word_1_259' title='bbox 1248 4524 1286 4592; x_wconf 90' lang='lat' dir='ltr'>et</span> <span class='ocrx_word' id='word_1_260' title='bbox 1311 4522 1365 4592; x_wconf 90' lang='lat' dir='ltr'>est</span> <span class='ocrx_word' id='word_1_261' title='bbox 1388 4518 1560 4613; x_wconf 88' lang='lat' dir='ltr'>pulcher·</span> 
     </span>
     <span class='ocr_line' id='line_1_32' title="bbox 394 4636 1560 4733; baseline -0.002 -21"><span class='ocrx_word' id='word_1_262' title='bbox 394 4639 509 4714; x_wconf 90' lang='lat' dir='ltr'>rimus</span> <span class='ocrx_word' id='word_1_263' title='bbox 538 4637 652 4733; x_wconf 89' lang='lat' dir='ltr'>lacus,</span> <span class='ocrx_word' id='word_1_264' title='bbox 681 4642 793 4731; x_wconf 81' lang='lat' dir='ltr'>piace,</span> <span class='ocrx_word' id='word_1_265' title='bbox 829 4637 916 4732; x_wconf 87' lang='lat' dir='ltr'>quia</span> <span class='ocrx_word' id='word_1_266' title='bbox 949 4636 1084 4730; x_wconf 89' lang='lat' dir='ltr'>planus</span> <span class='ocrx_word' id='word_1_267' title='bbox 1122 4645 1190 4732; x_wconf 87' lang='lat' dir='ltr'>est,</span> <span class='ocrx_word' id='word_1_268' title='bbox 1222 4657 1318 4730; x_wconf 83' lang='lat' dir='ltr'>susc,</span> <span class='ocrx_word' id='word_1_269' title='bbox 1351 4637 1487 4712; x_wconf 86' lang='lat' dir='ltr'>scilicet</span> <span class='ocrx_word' id='word_1_270' title='bbox 1524 4638 1560 4710; x_wconf 91' lang='lat' dir='ltr'>in</span> 
     </span>
     <span class='ocr_line' id='line_1_33' title="bbox 394 4757 1560 4854; baseline -0.001 -22"><span class='ocrx_word' id='word_1_271' title='bbox 394 4759 532 4833; x_wconf 91' lang='lat' dir='ltr'>mundo</span> <span class='ocrx_word' id='word_1_272' title='bbox 557 4759 769 4852; x_wconf 83' lang='lat' dir='ltr'>viventium,</span> <span class='ocrx_word' id='word_1_273' title='bbox 796 4759 881 4853; x_wconf 88' lang='lat' dir='ltr'>quia</span> <span class='ocrx_word' id='word_1_274' title='bbox 900 4757 1073 4854; x_wconf 89' lang='lat' dir='ltr'>Virgilius</span> <span class='ocrx_word' id='word_1_275' title='bbox 1098 4758 1135 4830; x_wconf 92' lang='lat' dir='ltr'>iu</span> <span class='ocrx_word' id='word_1_276' title='bbox 1161 4757 1303 4833; x_wconf 82' lang='lat' dir='ltr'>interno</span> <span class='ocrx_word' id='word_1_277' title='bbox 1328 4757 1465 4852; x_wconf 87' lang='lat' dir='ltr'>positus</span> <span class='ocrx_word' id='word_1_278' title='bbox 1490 4757 1560 4831; x_wconf 94' lang='lat' dir='ltr'>suh</span> 
     </span>
    </p>
   </div>
   <div class='ocr_carea' id='block_1_3' title="bbox 455 5006 1560 5071">
    <p class='ocr_par' dir='ltr' id='par_1_3' title="bbox 455 5006 1560 5071">
     <span class='ocr_line' id='line_1_34' title="bbox 455 5006 1560 5071; baseline -0.006 -10"><span class='ocrx_word' id='word_1_279' title='bbox 455 5007 483 5067; x_wconf 84' lang='lat' dir='ltr'>l&#39;l</span> <span class='ocrx_word' id='word_1_280' title='bbox 501 5013 555 5071; x_wconf 81' lang='lat' dir='ltr'>trs,</span> <span class='ocrx_word' id='word_1_281' title='bbox 572 5011 712 5062; x_wconf 85' lang='lat' dir='ltr'>irridens.-</span> <span class='ocrx_word' id='word_1_282' title='bbox 730 5011 871 5062; x_wconf 71' lang='lat' dir='ltr'>Eridanus.</span> <span class='ocrx_word' id='word_1_283' title='bbox 966 5006 992 5071; x_wconf 65' lang='grc' dir='ltr'>ζ’)</span> <span class='ocrx_word' id='word_1_284' title='bbox 1009 5008 1035 5060; x_wconf 89' lang='lat' dir='ltr'>S.</span> <span class='ocrx_word' id='word_1_285' title='bbox 1053 5007 1224 5058; x_wconf 73' lang='lat' dir='ltr'>Athenarum.</span> <span class='ocrx_word' id='word_1_286' title='bbox 1319 5007 1345 5069; x_wconf 77' lang='lat'>(⁸)</span> <span class='ocrx_word' id='word_1_287' title='bbox 1361 5007 1392 5058; x_wconf 80' lang='lat' dir='ltr'>lt.</span> <span class='ocrx_word' id='word_1_288' title='bbox 1408 5019 1484 5058; x_wconf 80' lang='lat' dir='ltr'>utum</span> <span class='ocrx_word' id='word_1_289' title='bbox 1502 5007 1560 5056; x_wconf 85' lang='lat' dir='ltr'>riui.</span> 
     </span>
    </p>
   </div>
   <div class='ocr_carea' id='block_1_4' title="bbox 0 0 2293 6836">
    <p class='ocr_par' dir='ltr' id='par_1_4' title="bbox 0 0 2293 6836">
     <span class='ocr_line' id='line_1_35' title="bbox 0 0 2293 6836; baseline 0 0"><span class='ocrx_word' id='word_1_290' title='bbox 0 0 2293 6836; x_wconf 95' lang='lat' dir='ltr'> </span> 
     </span>
    </p>
   </div>
  </div>
 </body>
</html>
