<?xml version="1.0" encoding="UTF-8"?>
<!DOCTYPE html PUBLIC "-//W3C//DTD XHTML 1.0 Transitional//EN"
    "http://www.w3.org/TR/xhtml1/DTD/xhtml1-transitional.dtd">
<html xmlns="http://www.w3.org/1999/xhtml" xml:lang="en" lang="en">
 <head>
  <title>
</title>
<meta http-equiv="Content-Type" content="text/html;charset=utf-8" />
  <meta name='ocr-system' content='tesseract 3.04.00' />
  <meta name='ocr-capabilities' content='ocr_page ocr_carea ocr_par ocr_line ocrx_word'/>
</head>
<body>
  <div class='ocr_page' id='page_1' title='image "./comentumsuperda01benvgoog_0273.png"; bbox 0 0 4606 6840; ppageno 0'>
   <div class='ocr_carea' id='block_1_1' title="bbox 686 922 1461 990">
    <p class='ocr_par' dir='ltr' id='par_1_1' title="bbox 686 922 1461 990">
     <span class='ocr_line' id='line_1_1' title="bbox 686 922 1461 990; baseline -0.012 -2"><span class='ocrx_word' id='word_1_1' title='bbox 686 922 759 990; x_wconf 71' lang='grc'><strong>264</strong></span> <span class='ocrx_word' id='word_1_2' title='bbox 1080 927 1284 983; x_wconf 75' lang='lat' dir='ltr'><strong>neumarum</strong></span> <span class='ocrx_word' id='word_1_3' title='bbox 1309 927 1461 982; x_wconf 83' lang='lat' dir='ltr'><strong>rurnrrru</strong></span> 
     </span>
    </p>
   </div>
   <div class='ocr_carea' id='block_1_2' title="bbox 685 1073 1856 1529">
    <p class='ocr_par' dir='ltr' id='par_1_2' title="bbox 685 1073 1856 1529">
     <span class='ocr_line' id='line_1_2' title="bbox 685 1073 1853 1171; baseline -0.004 -17"><span class='ocrx_word' id='word_1_4' title='bbox 685 1080 795 1154; x_wconf 91' lang='lat' dir='ltr'><strong>batur</strong></span> <span class='ocrx_word' id='word_1_5' title='bbox 819 1078 857 1151; x_wconf 94' lang='lat' dir='ltr'><strong>in</strong></span> <span class='ocrx_word' id='word_1_6' title='bbox 888 1075 1012 1151; x_wconf 88' lang='lat' dir='ltr'><strong>multis</strong></span> <span class='ocrx_word' id='word_1_7' title='bbox 1036 1074 1200 1171; x_wconf 90' lang='lat' dir='ltr'><strong>partibus</strong></span> <span class='ocrx_word' id='word_1_8' title='bbox 1225 1073 1387 1150; x_wconf 87' lang='lat' dir='ltr'><strong>civitatis.</strong></span> <span class='ocrx_word' id='word_1_9' title='bbox 1414 1073 1479 1146; x_wconf 82' lang='lat' dir='ltr'><strong>Ex&#39;</strong></span> <span class='ocrx_word' id='word_1_10' title='bbox 1493 1092 1569 1166; x_wconf 88' lang='lat' dir='ltr'><strong>quo</strong></span> <span class='ocrx_word' id='word_1_11' title='bbox 1594 1073 1722 1148; x_wconf 72' lang='lat' dir='ltr'><strong>multae</strong></span> <span class='ocrx_word' id='word_1_12' title='bbox 1747 1073 1853 1149; x_wconf 88' lang='lat' dir='ltr'><strong>iami-</strong></span> 
     </span>
     <span class='ocr_line' id='line_1_3' title="bbox 686 1192 1855 1294; baseline -0.005 -21"><span class='ocrx_word' id='word_1_13' title='bbox 686 1199 755 1294; x_wconf 82' lang='lat' dir='ltr'><strong>liae,</strong></span> <span class='ocrx_word' id='word_1_14' title='bbox 768 1197 971 1294; x_wconf 85' lang='lat' dir='ltr'><strong>progenies,</strong></span> <span class='ocrx_word' id='word_1_15' title='bbox 989 1201 1026 1271; x_wconf 93' lang='lat' dir='ltr'><strong>et</strong></span> <span class='ocrx_word' id='word_1_16' title='bbox 1043 1194 1234 1271; x_wconf 73' lang='lat' dir='ltr'><strong>societates</strong></span> <span class='ocrx_word' id='word_1_17' title='bbox 1250 1193 1400 1268; x_wconf 85' lang='lat' dir='ltr'><strong>luerunt</strong></span> <span class='ocrx_word' id='word_1_18' title='bbox 1416 1192 1598 1286; x_wconf 77' lang='lat' dir='ltr'><strong>dmobtae,</strong></span> <span class='ocrx_word' id='word_1_19' title='bbox 1616 1197 1652 1267; x_wconf 89' lang='lat' dir='ltr'><strong>et</strong></span> <span class='ocrx_word' id='word_1_20' title='bbox 1672 1201 1855 1268; x_wconf 84' lang='lat' dir='ltr'><strong>venerunt</strong></span> 
     </span>
     <span class='ocr_line' id='line_1_4' title="bbox 685 1312 1856 1412; baseline -0.005 -18"><span class='ocrx_word' id='word_1_21' title='bbox 685 1319 733 1394; x_wconf 90' lang='lat' dir='ltr'><strong>ad</strong></span> <span class='ocrx_word' id='word_1_22' title='bbox 745 1317 904 1412; x_wconf 90' lang='lat' dir='ltr'><strong>inopiam</strong></span> <span class='ocrx_word' id='word_1_23' title='bbox 917 1336 965 1390; x_wconf 81' lang='lat' dir='ltr'><strong>ex</strong></span> <span class='ocrx_word' id='word_1_24' title='bbox 977 1315 1072 1389; x_wconf 86' lang='lat' dir='ltr'><strong>dicto</strong></span> <span class='ocrx_word' id='word_1_25' title='bbox 1085 1313 1251 1389; x_wconf 92' lang='lat' dir='ltr'><strong>incendio</strong></span> <span class='ocrx_word' id='word_1_26' title='bbox 1263 1319 1301 1388; x_wconf 91' lang='lat' dir='ltr'><strong>et</strong></span> <span class='ocrx_word' id='word_1_27' title='bbox 1314 1312 1454 1408; x_wconf 82' lang='lat' dir='ltr'><strong>praeda3</strong></span> <span class='ocrx_word' id='word_1_28' title='bbox 1468 1319 1506 1388; x_wconf 91' lang='lat' dir='ltr'><strong>et</strong></span> <span class='ocrx_word' id='word_1_29' title='bbox 1516 1314 1595 1388; x_wconf 83' lang='lat' dir='ltr'><strong>baec</strong></span> <span class='ocrx_word' id='word_1_30' title='bbox 1603 1312 1712 1408; x_wconf 88' lang='lat' dir='ltr'><strong>pestis</strong></span> <span class='ocrx_word' id='word_1_31' title='bbox 1725 1313 1856 1388; x_wconf 88' lang='lat' dir='ltr'><strong>accidit</strong></span> 
     </span>
     <span class='ocr_line' id='line_1_5' title="bbox 686 1425 1856 1529; baseline -0.006 -16"><span class='ocrx_word' id='word_1_32' title='bbox 686 1437 879 1513; x_wconf 82' lang='lat' dir='ltr'><strong>Florentiae</strong></span> <span class='ocrx_word' id='word_1_33' title='bbox 902 1435 960 1510; x_wconf 92' lang='lat' dir='ltr'><strong>die</strong></span> <span class='ocrx_word' id='word_1_34' title='bbox 979 1434 1120 1510; x_wconf 90' lang='lat' dir='ltr'><strong>decima</strong></span> <span class='ocrx_word' id='word_1_35' title='bbox 1132 1433 1238 1529; x_wconf 87' lang='lat' dir='ltr'><strong>junii.</strong></span> <span class='ocrx_word' id='word_1_36' title='bbox 1256 1434 1301 1506; x_wconf 89' lang='lat' dir='ltr'><strong>Et</strong></span> <span class='ocrx_word' id='word_1_37' title='bbox 1322 1452 1369 1506; x_wconf 83' lang='lat' dir='ltr'><strong>ex</strong></span> <span class='ocrx_word' id='word_1_38' title='bbox 1386 1434 1455 1506; x_wconf 95' lang='lat' dir='ltr'><strong>boc</strong></span> <span class='ocrx_word' id='word_1_39' title='bbox 1473 1431 1708 1508; x_wconf 85' lang='lat' dir='ltr'><strong>Cavalcantes</strong></span> <span class='ocrx_word' id='word_1_40' title='bbox 1723 1425 1774 1525; x_wconf 82' lang='lat'><strong>(¹),</strong></span> <span class='ocrx_word' id='word_1_41' title='bbox 1791 1433 1856 1526; x_wconf 87' lang='lat' dir='ltr'><strong>qui</strong></span> 
     </span>
    </p>
   </div>
   <div class='ocr_carea' id='block_1_3' title="bbox 686 1552 1939 4529">
    <p class='ocr_par' dir='ltr' id='par_1_3' title="bbox 686 1552 1939 4529">
     <span class='ocr_line' id='line_1_6' title="bbox 687 1552 1856 1651; baseline -0.008 -16"><span class='ocrx_word' id='word_1_42' title='bbox 687 1565 793 1636; x_wconf 90' lang='lat' dir='ltr'><strong>erant</strong></span> <span class='ocrx_word' id='word_1_43' title='bbox 805 1565 893 1631; x_wconf 89' lang='lat' dir='ltr'><strong>tunc</strong></span> <span class='ocrx_word' id='word_1_44' title='bbox 906 1554 1155 1651; x_wconf 89' lang='lat' dir='ltr'><strong>potentissimi,</strong></span> <span class='ocrx_word' id='word_1_45' title='bbox 1175 1552 1411 1649; x_wconf 91' lang='lat' dir='ltr'><strong>perdiderunt</strong></span> <span class='ocrx_word' id='word_1_46' title='bbox 1427 1558 1576 1645; x_wconf 90' lang='lat' dir='ltr'><strong>statum,</strong></span> <span class='ocrx_word' id='word_1_47' title='bbox 1597 1559 1635 1626; x_wconf 90' lang='lat' dir='ltr'><strong>et</strong></span> <span class='ocrx_word' id='word_1_48' title='bbox 1653 1552 1856 1647; x_wconf 87' lang='lat' dir='ltr'><strong>Gerardini‚</strong></span> 
     </span>
     <span class='ocr_line' id='line_1_7' title="bbox 687 1671 1856 1773; baseline -0.005 -21"><span class='ocrx_word' id='word_1_49' title='bbox 687 1679 751 1773; x_wconf 88' lang='lat' dir='ltr'><strong>qui</strong></span> <span class='ocrx_word' id='word_1_50' title='bbox 764 1684 870 1751; x_wconf 88' lang='lat' dir='ltr'><strong>erant</strong></span> <span class='ocrx_word' id='word_1_51' title='bbox 888 1674 1075 1770; x_wconf 89' lang='lat' dir='ltr'><strong>caporales</strong></span> <span class='ocrx_word' id='word_1_52' title='bbox 1091 1673 1187 1747; x_wconf 84' lang='lat' dir='ltr'><strong>illius</strong></span> <span class='ocrx_word' id='word_1_53' title='bbox 1204 1679 1323 1765; x_wconf 89' lang='lat' dir='ltr'><strong>sectae,</strong></span> <span class='ocrx_word' id='word_1_54' title='bbox 1345 1671 1494 1746; x_wconf 88' lang='lat' dir='ltr'><strong>luerunt</strong></span> <span class='ocrx_word' id='word_1_55' title='bbox 1510 1671 1647 1745; x_wconf 90' lang='lat' dir='ltr'><strong>banniti</strong></span> <span class='ocrx_word' id='word_1_56' title='bbox 1665 1677 1856 1766; x_wconf 82' lang='lat' dir='ltr'><strong>tamquam</strong></span> 
     </span>
     <span class='ocr_line' id='line_1_8' title="bbox 688 1783 1858 1890; baseline -0.005 -17"><span class='ocrx_word' id='word_1_57' title='bbox 688 1798 853 1873; x_wconf 81' lang='lat' dir='ltr'><strong>rebelles.</strong></span> <span class='ocrx_word' id='word_1_58' title='bbox 880 1797 932 1868; x_wconf 84' lang='lat' dir='ltr'><strong>Ex</strong></span> <span class='ocrx_word' id='word_1_59' title='bbox 957 1793 1136 1889; x_wconf 83' lang='lat' dir='ltr'><strong>praedictis</strong></span> <span class='ocrx_word' id='word_1_60' title='bbox 1161 1793 1273 1890; x_wconf 85' lang='lat' dir='ltr'><strong>igitur</strong></span> <span class='ocrx_word' id='word_1_61' title='bbox 1289 1792 1375 1866; x_wconf 91' lang='lat' dir='ltr'><strong>satis</strong></span> <span class='ocrx_word' id='word_1_62' title='bbox 1392 1797 1502 1886; x_wconf 87' lang='lat' dir='ltr'><strong>patet,</strong></span> <span class='ocrx_word' id='word_1_63' title='bbox 1520 1791 1705 1885; x_wconf 87' lang='lat' dir='ltr'><strong>quomodo</strong></span> <span class='ocrx_word' id='word_1_64' title='bbox 1721 1783 1758 1884; x_wconf 87' lang='lat'><strong>(¹)</strong></span> <span class='ocrx_word' id='word_1_65' title='bbox 1777 1812 1858 1867; x_wconf 90' lang='lat' dir='ltr'><strong>ma·</strong></span> 
     </span>
     <span class='ocr_line' id='line_1_9' title="bbox 686 1903 1855 2015; baseline -0.007 -23"><span class='ocrx_word' id='word_1_66' title='bbox 686 1939 760 2015; x_wconf 81' lang='lat' dir='ltr'><strong>gna</strong></span> <span class='ocrx_word' id='word_1_67' title='bbox 783 1916 880 1992; x_wconf 91' lang='lat' dir='ltr'><strong>mala</strong></span> <span class='ocrx_word' id='word_1_68' title='bbox 905 1915 976 1989; x_wconf 91' lang='lat' dir='ltr'><strong>cito</strong></span> <span class='ocrx_word' id='word_1_69' title='bbox 1003 1919 1186 1988; x_wconf 89' lang='lat' dir='ltr'><strong>venerunt</strong></span> <span class='ocrx_word' id='word_1_70' title='bbox 1210 1933 1321 2007; x_wconf 91' lang='lat' dir='ltr'><strong>super</strong></span> <span class='ocrx_word' id='word_1_71' title='bbox 1340 1911 1573 2005; x_wconf 80' lang='lat' dir='ltr'><strong>Florentiam,</strong></span> <span class='ocrx_word' id='word_1_72' title='bbox 1599 1911 1802 1986; x_wconf 90' lang='lat' dir='ltr'><strong>secundum</strong></span> <span class='ocrx_word' id='word_1_73' title='bbox 1816 1903 1855 2005; x_wconf 80' lang='lat'><strong>(³)</strong></span> 
     </span>
     <span class='ocr_line' id='line_1_10' title="bbox 687 2031 1858 2133; baseline -0.005 -21"><span class='ocrx_word' id='word_1_74' title='bbox 687 2037 788 2133; x_wconf 89' lang='lat' dir='ltr'><strong>quod</strong></span> <span class='ocrx_word' id='word_1_75' title='bbox 812 2041 1003 2131; x_wconf 88' lang='lat' dir='ltr'><strong>optaverat</strong></span> <span class='ocrx_word' id='word_1_76' title='bbox 1027 2033 1093 2108; x_wconf 90' lang='lat' dir='ltr'><strong>sibi</strong></span> <span class='ocrx_word' id='word_1_77' title='bbox 1118 2033 1178 2107; x_wconf 93' lang='lat' dir='ltr'><strong>ille</strong></span> <span class='ocrx_word' id='word_1_78' title='bbox 1202 2033 1249 2108; x_wconf 91' lang='lat' dir='ltr'><strong>de</strong></span> <span class='ocrx_word' id='word_1_79' title='bbox 1273 2033 1401 2126; x_wconf 90' lang='lat' dir='ltr'><strong>Prato;</strong></span> <span class='ocrx_word' id='word_1_80' title='bbox 1427 2039 1465 2106; x_wconf 89' lang='lat' dir='ltr'><strong>et</strong></span> <span class='ocrx_word' id='word_1_81' title='bbox 1481 2032 1575 2107; x_wconf 91' lang='lat' dir='ltr'><strong>sicut</strong></span> <span class='ocrx_word' id='word_1_82' title='bbox 1591 2031 1770 2125; x_wconf 88' lang='lat' dir='ltr'><strong>dicebam,</strong></span> <span class='ocrx_word' id='word_1_83' title='bbox 1787 2053 1858 2106; x_wconf 91' lang='lat' dir='ltr'><strong>au-</strong></span> 
     </span>
     <span class='ocr_line' id='line_1_11' title="bbox 689 2139 1856 2252; baseline -0.006 -20"><span class='ocrx_word' id='word_1_84' title='bbox 689 2166 746 2232; x_wconf 92' lang='lat' dir='ltr'><strong>tor</strong></span> <span class='ocrx_word' id='word_1_85' title='bbox 772 2155 889 2252; x_wconf 91' lang='lat' dir='ltr'><strong>potuit</strong></span> <span class='ocrx_word' id='word_1_86' title='bbox 913 2154 1051 2228; x_wconf 91' lang='lat' dir='ltr'><strong>babere</strong></span> <span class='ocrx_word' id='word_1_87' title='bbox 1068 2141 1276 2248; x_wconf 84' lang='lat' dir='ltr'><strong>respectum</strong></span> <span class='ocrx_word' id='word_1_88' title='bbox 1296 2151 1344 2226; x_wconf 89' lang='lat' dir='ltr'><strong>ad</strong></span> <span class='ocrx_word' id='word_1_89' title='bbox 1361 2150 1429 2225; x_wconf 89' lang='lat' dir='ltr'><strong>ista</strong></span> <span class='ocrx_word' id='word_1_90' title='bbox 1446 2157 1483 2226; x_wconf 89' lang='lat' dir='ltr'><strong>et</strong></span> <span class='ocrx_word' id='word_1_91' title='bbox 1497 2139 1534 2244; x_wconf 47' lang='grc' dir='ltr'><strong>(δ)</strong></span> <span class='ocrx_word' id='word_1_92' title='bbox 1557 2150 1627 2225; x_wconf 92' lang='lat' dir='ltr'><strong>alia</strong></span> <span class='ocrx_word' id='word_1_93' title='bbox 1645 2152 1754 2246; x_wconf 89' lang='lat' dir='ltr'><strong>mala,</strong></span> <span class='ocrx_word' id='word_1_94' title='bbox 1771 2173 1856 2245; x_wconf 82' lang='lat' dir='ltr'><strong>quae</strong></span> 
     </span>
     <span class='ocr_line' id='line_1_12' title="bbox 686 2270 1858 2367; baseline -0.007 -14"><span class='ocrx_word' id='word_1_95' title='bbox 686 2279 748 2353; x_wconf 91' lang='lat' dir='ltr'><strong>illa</strong></span> <span class='ocrx_word' id='word_1_96' title='bbox 772 2274 897 2351; x_wconf 89' lang='lat' dir='ltr'><strong>civitas</strong></span> <span class='ocrx_word' id='word_1_97' title='bbox 927 2293 1032 2367; x_wconf 89' lang='lat' dir='ltr'><strong>passa</strong></span> <span class='ocrx_word' id='word_1_98' title='bbox 1055 2277 1136 2347; x_wconf 87' lang='lat' dir='ltr'><strong>erat</strong></span> <span class='ocrx_word' id='word_1_99' title='bbox 1161 2277 1327 2367; x_wconf 83' lang='lat' dir='ltr'><strong>tempore</strong></span> <span class='ocrx_word' id='word_1_100' title='bbox 1351 2292 1430 2346; x_wconf 88' lang='lat' dir='ltr'><strong>suo.</strong></span> <span class='ocrx_word' id='word_1_101' title='bbox 1457 2272 1501 2344; x_wconf 89' lang='lat' dir='ltr'><strong>Et</strong></span> <span class='ocrx_word' id='word_1_102' title='bbox 1525 2271 1555 2345; x_wconf 92' lang='lat' dir='ltr'><strong>si</strong></span> <span class='ocrx_word' id='word_1_103' title='bbox 1580 2270 1708 2345; x_wconf 86' lang='lat' dir='ltr'><strong>babuit</strong></span> <span class='ocrx_word' id='word_1_104' title='bbox 1734 2291 1858 2366; x_wconf 80' lang='lat' dir='ltr'><strong>respe-</strong></span> 
     </span>
     <span class='ocr_line' id='line_1_13' title="bbox 687 2390 1858 2486; baseline -0.005 -14"><span class='ocrx_word' id='word_1_105' title='bbox 687 2404 789 2472; x_wconf 89' lang='lat' dir='ltr'><strong>ctum</strong></span> <span class='ocrx_word' id='word_1_106' title='bbox 821 2394 868 2470; x_wconf 87' lang='lat' dir='ltr'><strong>ad</strong></span> <span class='ocrx_word' id='word_1_107' title='bbox 897 2393 1035 2485; x_wconf 87' lang='lat' dir='ltr'><strong>lutura,</strong></span> <span class='ocrx_word' id='word_1_108' title='bbox 1067 2391 1188 2466; x_wconf 89' lang='lat' dir='ltr'><strong>adbuc</strong></span> <span class='ocrx_word' id='word_1_109' title='bbox 1218 2390 1437 2485; x_wconf 81' lang='lat' dir='ltr'><strong>benedixit,</strong></span> <span class='ocrx_word' id='word_1_110' title='bbox 1463 2391 1550 2485; x_wconf 86' lang='lat' dir='ltr'><strong>quia</strong></span> <span class='ocrx_word' id='word_1_111' title='bbox 1575 2397 1731 2486; x_wconf 88' lang='lat' dir='ltr'><strong>tempus,</strong></span> <span class='ocrx_word' id='word_1_112' title='bbox 1758 2391 1858 2485; x_wconf 88' lang='lat' dir='ltr'><strong>quod</strong></span> 
     </span>
     <span class='ocr_line' id='line_1_14' title="bbox 687 2503 1875 2628; baseline -0.005 -36"><span class='ocrx_word' id='word_1_113' title='bbox 687 2517 832 2592; x_wconf 85' lang='lat' dir='ltr'><strong>videtur</strong></span> <span class='ocrx_word' id='word_1_114' title='bbox 856 2515 1009 2610; x_wconf 86' lang='lat' dir='ltr'><strong>longum</strong></span> <span class='ocrx_word' id='word_1_115' title='bbox 1035 2517 1214 2606; x_wconf 85' lang='lat' dir='ltr'><strong>quantum</strong></span> <span class='ocrx_word' id='word_1_116' title='bbox 1240 2511 1287 2585; x_wconf 95' lang='lat' dir='ltr'><strong>ad</strong></span> <span class='ocrx_word' id='word_1_117' title='bbox 1304 2512 1476 2607; x_wconf 83' lang='lat' dir='ltr'><strong>vulgares</strong></span> <span class='ocrx_word' id='word_1_118' title='bbox 1489 2503 1541 2603; x_wconf 56' lang='grc' dir='ltr'>(ὅ),</span> <span class='ocrx_word' id='word_1_119' title='bbox 1559 2517 1614 2585; x_wconf 87' lang='lat' dir='ltr'><strong>cst</strong></span> <span class='ocrx_word' id='word_1_120' title='bbox 1629 2511 1743 2586; x_wconf 91' lang='lat' dir='ltr'><strong>breve</strong></span> <span class='ocrx_word' id='word_1_121' title='bbox 1760 2511 1875 2628; x_wconf 49' lang='lat' dir='ltr'><strong>apud!</strong></span> 
     </span>
     <span class='ocr_line' id='line_1_15' title="bbox 688 2629 1857 2730; baseline -0.007 -18"><span class='ocrx_word' id='word_1_122' title='bbox 688 2636 902 2730; x_wconf 84' lang='lat' dir='ltr'><strong>astrologos.</strong></span> <span class='ocrx_word' id='word_1_123' title='bbox 919 2633 964 2708; x_wconf 88' lang='lat' dir='ltr'><strong>Et</strong></span> <span class='ocrx_word' id='word_1_124' title='bbox 980 2639 1089 2707; x_wconf 91' lang='lat' dir='ltr'><strong>autor</strong></span> <span class='ocrx_word' id='word_1_125' title='bbox 1106 2629 1269 2724; x_wconf 88' lang='lat' dir='ltr'><strong>loquitur</strong></span> <span class='ocrx_word' id='word_1_126' title='bbox 1285 2631 1445 2704; x_wconf 91' lang='lat' dir='ltr'><strong>multum</strong></span> <span class='ocrx_word' id='word_1_127' title='bbox 1465 2630 1666 2725; x_wconf 86' lang='lat' dir='ltr'><strong>prudenter</strong></span> <span class='ocrx_word' id='word_1_128' title='bbox 1684 2641 1721 2707; x_wconf 88' lang='lat' dir='ltr'><strong>et</strong></span> <span class='ocrx_word' id='word_1_129' title='bbox 1737 2637 1857 2724; x_wconf 86' lang='lat' dir='ltr'><strong>caute,</strong></span> 
     </span>
     <span class='ocr_line' id='line_1_16' title="bbox 689 2749 1857 2852; baseline -0.004 -22"><span class='ocrx_word' id='word_1_130' title='bbox 689 2756 776 2852; x_wconf 84' lang='lat' dir='ltr'><strong>quia</strong></span> <span class='ocrx_word' id='word_1_131' title='bbox 807 2754 869 2829; x_wconf 91' lang='lat' dir='ltr'><strong>dat</strong></span> <span class='ocrx_word' id='word_1_132' title='bbox 899 2759 1043 2847; x_wconf 88' lang='lat' dir='ltr'><strong>tempus</strong></span> <span class='ocrx_word' id='word_1_133' title='bbox 1075 2751 1269 2845; x_wconf 85' lang='lat' dir='ltr'><strong>incertum,</strong></span> <span class='ocrx_word' id='word_1_134' title='bbox 1294 2757 1332 2825; x_wconf 92' lang='lat' dir='ltr'><strong>et</strong></span> <span class='ocrx_word' id='word_1_135' title='bbox 1357 2751 1443 2844; x_wconf 86' lang='lat' dir='ltr'><strong>quia</strong></span> <span class='ocrx_word' id='word_1_136' title='bbox 1468 2749 1631 2844; x_wconf 91' lang='lat' dir='ltr'><strong>loquitur</strong></span> <span class='ocrx_word' id='word_1_137' title='bbox 1655 2750 1857 2826; x_wconf 90' lang='lat' dir='ltr'><strong>additiona-</strong></span> 
     </span>
     <span class='ocr_line' id='line_1_17' title="bbox 687 2865 1855 2968; baseline -0.004 -17"><span class='ocrx_word' id='word_1_138' title='bbox 687 2877 770 2952; x_wconf 89' lang='lat' dir='ltr'><strong>liter</strong></span> <span class='ocrx_word' id='word_1_139' title='bbox 779 2865 831 2968; x_wconf 54' lang='grc' dir='ltr'>(ὅ),</span> <span class='ocrx_word' id='word_1_140' title='bbox 856 2873 993 2948; x_wconf 89' lang='lat' dir='ltr'><strong>dicens:</strong></span> <span class='ocrx_word' id='word_1_141' title='bbox 1018 2894 1056 2945; x_wconf 86' lang='lat' dir='ltr'><strong>se</strong></span> <span class='ocrx_word' id='word_1_142' title='bbox 1073 2892 1201 2965; x_wconf 85' lang='lat' dir='ltr'><strong>presso</strong></span> <span class='ocrx_word' id='word_1_143' title='bbox 1217 2874 1256 2944; x_wconf 86' lang='lat' dir='ltr'><strong>at</strong></span> <span class='ocrx_word' id='word_1_144' title='bbox 1269 2875 1391 2944; x_wconf 76' lang='lat' dir='ltr'><strong>modin</strong></span> <span class='ocrx_word' id='word_1_145' title='bbox 1410 2873 1468 2946; x_wconf 85' lang='lat' dir='ltr'><strong>det</strong></span> <span class='ocrx_word' id='word_1_146' title='bbox 1483 2892 1545 2944; x_wconf 83' lang='lat' dir='ltr'><strong>ver</strong></span> <span class='ocrx_word' id='word_1_147' title='bbox 1560 2874 1592 2944; x_wconf 82' lang='lat' dir='ltr'><strong>st</strong></span> <span class='ocrx_word' id='word_1_148' title='bbox 1606 2891 1733 2962; x_wconf 78' lang='lat' dir='ltr'><strong>soona,</strong></span> <span class='ocrx_word' id='word_1_149' title='bbox 1751 2873 1855 2965; x_wconf 88' lang='lat' dir='ltr'><strong>quasi</strong></span> 
     </span>
     <span class='ocr_line' id='line_1_18' title="bbox 687 2990 1857 3087; baseline -0.005 -17"><span class='ocrx_word' id='word_1_150' title='bbox 687 2997 800 3072; x_wconf 88' lang='lat' dir='ltr'><strong>dicat:</strong></span> <span class='ocrx_word' id='word_1_151' title='bbox 826 2994 857 3068; x_wconf 92' lang='lat' dir='ltr'><strong>si</strong></span> <span class='ocrx_word' id='word_1_152' title='bbox 881 2992 1018 3087; x_wconf 91' lang='lat' dir='ltr'><strong>aliquid</strong></span> <span class='ocrx_word' id='word_1_153' title='bbox 1042 3011 1173 3068; x_wconf 91' lang='lat' dir='ltr'><strong>verum</strong></span> <span class='ocrx_word' id='word_1_154' title='bbox 1198 2990 1384 3066; x_wconf 89' lang='lat' dir='ltr'><strong>somnium</strong></span> <span class='ocrx_word' id='word_1_155' title='bbox 1410 2990 1449 3065; x_wconf 87' lang='lat' dir='ltr'><strong>lit</strong></span> <span class='ocrx_word' id='word_1_156' title='bbox 1474 2990 1572 3064; x_wconf 89' lang='lat' dir='ltr'><strong>circa</strong></span> <span class='ocrx_word' id='word_1_157' title='bbox 1598 3011 1707 3066; x_wconf 91' lang='lat' dir='ltr'><strong>mane</strong></span> <span class='ocrx_word' id='word_1_158' title='bbox 1733 2991 1770 3065; x_wconf 93' lang='lat' dir='ltr'><strong>in</strong></span> <span class='ocrx_word' id='word_1_159' title='bbox 1786 3012 1857 3066; x_wconf 91' lang='lat' dir='ltr'><strong>au-</strong></span> 
     </span>
     <span class='ocr_line' id='line_1_19' title="bbox 687 3109 1855 3208; baseline -0.006 -17"><span class='ocrx_word' id='word_1_160' title='bbox 687 3136 774 3192; x_wconf 87' lang='lat' dir='ltr'><strong>rora</strong></span> <span class='ocrx_word' id='word_1_161' title='bbox 786 3114 869 3208; x_wconf 87' lang='lat' dir='ltr'><strong>diei,</strong></span> <span class='ocrx_word' id='word_1_162' title='bbox 887 3134 962 3207; x_wconf 81' lang='lat' dir='ltr'><strong>qua</strong></span> <span class='ocrx_word' id='word_1_163' title='bbox 974 3113 1065 3187; x_wconf 87' lang='lat' dir='ltr'><strong>bora</strong></span> <span class='ocrx_word' id='word_1_164' title='bbox 1078 3111 1240 3187; x_wconf 84' lang='lat' dir='ltr'><strong>maxime</strong></span> <span class='ocrx_word' id='word_1_165' title='bbox 1257 3111 1373 3186; x_wconf 85' lang='lat' dir='ltr'><strong>solent</strong></span> <span class='ocrx_word' id='word_1_166' title='bbox 1390 3110 1468 3185; x_wconf 90' lang='lat' dir='ltr'><strong>lieri</strong></span> <span class='ocrx_word' id='word_1_167' title='bbox 1482 3109 1624 3186; x_wconf 88' lang='lat' dir='ltr'><strong>somnia</strong></span> <span class='ocrx_word' id='word_1_168' title='bbox 1637 3130 1737 3204; x_wconf 89' lang='lat' dir='ltr'><strong>vera,</strong></span> <span class='ocrx_word' id='word_1_169' title='bbox 1751 3110 1855 3204; x_wconf 85' lang='lat' dir='ltr'><strong>quasi</strong></span> 
     </span>
     <span class='ocr_line' id='line_1_20' title="bbox 686 3230 1858 3325; baseline -0.005 -13"><span class='ocrx_word' id='word_1_170' title='bbox 686 3237 803 3312; x_wconf 87' lang='lat' dir='ltr'><strong>dicat:</strong></span> <span class='ocrx_word' id='word_1_171' title='bbox 839 3234 869 3308; x_wconf 89' lang='lat' dir='ltr'><strong>si</strong></span> <span class='ocrx_word' id='word_1_172' title='bbox 898 3253 1030 3310; x_wconf 83' lang='lat' dir='ltr'><strong>verum</strong></span> <span class='ocrx_word' id='word_1_173' title='bbox 1063 3233 1134 3308; x_wconf 87' lang='lat' dir='ltr'><strong>ridi</strong></span> <span class='ocrx_word' id='word_1_174' title='bbox 1160 3232 1197 3306; x_wconf 92' lang='lat' dir='ltr'><strong>iu</strong></span> <span class='ocrx_word' id='word_1_175' title='bbox 1222 3232 1365 3306; x_wconf 94' lang='lat' dir='ltr'><strong>somnio</strong></span> <span class='ocrx_word' id='word_1_176' title='bbox 1390 3251 1487 3325; x_wconf 89' lang='lat' dir='ltr'><strong>meo,</strong></span> <span class='ocrx_word' id='word_1_177' title='bbox 1512 3231 1611 3325; x_wconf 86' lang='lat' dir='ltr'><strong>quod</strong></span> <span class='ocrx_word' id='word_1_178' title='bbox 1636 3230 1704 3306; x_wconf 87' lang='lat' dir='ltr'><strong>leci</strong></span> <span class='ocrx_word' id='word_1_179' title='bbox 1729 3230 1858 3306; x_wconf 90' lang='lat' dir='ltr'><strong>illuce-</strong></span> 
     </span>
     <span class='ocr_line' id='line_1_21' title="bbox 687 3351 1856 3449; baseline -0.007 -17"><span class='ocrx_word' id='word_1_180' title='bbox 687 3361 811 3432; x_wconf 83' lang='lat' dir='ltr'><strong>scente</strong></span> <span class='ocrx_word' id='word_1_181' title='bbox 823 3354 893 3449; x_wconf 82' lang='lat' dir='ltr'><strong>die,</strong></span> <span class='ocrx_word' id='word_1_182' title='bbox 911 3353 1009 3448; x_wconf 88' lang='lat' dir='ltr'><strong>quod</strong></span> <span class='ocrx_word' id='word_1_183' title='bbox 1022 3353 1194 3448; x_wconf 84' lang='lat' dir='ltr'><strong>descripsi</strong></span> <span class='ocrx_word' id='word_1_184' title='bbox 1211 3353 1330 3448; x_wconf 91' lang='lat' dir='ltr'><strong>primo</strong></span> <span class='ocrx_word' id='word_1_185' title='bbox 1347 3351 1505 3446; x_wconf 92' lang='lat' dir='ltr'><strong>capitulo</strong></span> <span class='ocrx_word' id='word_1_186' title='bbox 1522 3352 1667 3446; x_wconf 88' lang='lat' dir='ltr'><strong>lnierni,</strong></span> <span class='ocrx_word' id='word_1_187' title='bbox 1680 3352 1745 3426; x_wconf 93' lang='lat' dir='ltr'><strong>ubi</strong></span> <span class='ocrx_word' id='word_1_188' title='bbox 1762 3351 1856 3426; x_wconf 84' lang='lat' dir='ltr'><strong>dixi:</strong></span> 
     </span>
     <span class='ocr_line' id='line_1_22' title="bbox 693 3471 1856 3568; baseline -0.003 -19"><span class='ocrx_word' id='word_1_189' title='bbox 693 3481 819 3568; x_wconf 81' lang='lat' dir='ltr'><strong>Tempo</strong></span> <span class='ocrx_word' id='word_1_190' title='bbox 835 3495 900 3547; x_wconf 84' lang='lat' dir='ltr'><strong>era</strong></span> <span class='ocrx_word' id='word_1_191' title='bbox 915 3475 978 3546; x_wconf 81' lang='lat' dir='ltr'><strong>dul</strong></span> <span class='ocrx_word' id='word_1_192' title='bbox 987 3475 1162 3565; x_wconf 60' lang='lat' dir='ltr'><strong>panope</strong></span> <span class='ocrx_word' id='word_1_193' title='bbox 1178 3475 1236 3546; x_wconf 87' lang='lat' dir='ltr'><strong>det</strong></span> <span class='ocrx_word' id='word_1_194' title='bbox 1250 3474 1403 3545; x_wconf 78' lang='lat' dir='ltr'><strong>mottino.</strong></span> <span class='ocrx_word' id='word_1_195' title='bbox 1422 3472 1466 3548; x_wconf 84' lang='lat' dir='ltr'><strong>Et</strong></span> <span class='ocrx_word' id='word_1_196' title='bbox 1485 3471 1606 3546; x_wconf 90' lang='lat' dir='ltr'><strong>subdit</strong></span> <span class='ocrx_word' id='word_1_197' title='bbox 1622 3479 1743 3564; x_wconf 86' lang='lat' dir='ltr'><strong>autor,</strong></span> <span class='ocrx_word' id='word_1_198' title='bbox 1757 3472 1856 3565; x_wconf 89' lang='lat' dir='ltr'><strong>quod</strong></span> 
     </span>
     <span class='ocr_line' id='line_1_23' title="bbox 689 3591 1858 3688; baseline -0.005 -16"><span class='ocrx_word' id='word_1_199' title='bbox 689 3598 784 3672; x_wconf 92' lang='lat' dir='ltr'><strong>bene</strong></span> <span class='ocrx_word' id='word_1_200' title='bbox 808 3593 921 3668; x_wconf 79' lang='lat' dir='ltr'><strong>dixit:</strong></span> <span class='ocrx_word' id='word_1_201' title='bbox 941 3614 1009 3686; x_wconf 84' lang='lat' dir='ltr'><strong>per</strong></span> <span class='ocrx_word' id='word_1_202' title='bbox 1034 3600 1158 3685; x_wconf 80' lang='lat' dir='ltr'><strong>tempo,</strong></span> <span class='ocrx_word' id='word_1_203' title='bbox 1180 3591 1267 3686; x_wconf 86' lang='lat' dir='ltr'><strong>quia</strong></span> <span class='ocrx_word' id='word_1_204' title='bbox 1292 3592 1473 3666; x_wconf 90' lang='lat' dir='ltr'><strong>Florentia</strong></span> <span class='ocrx_word' id='word_1_205' title='bbox 1497 3591 1752 3688; x_wconf 89' lang='lat' dir='ltr'><strong>benemeruit</strong></span> <span class='ocrx_word' id='word_1_206' title='bbox 1776 3593 1858 3685; x_wconf 91' lang='lat' dir='ltr'><strong>boc,</strong></span> 
     </span>
     <span class='ocr_line' id='line_1_24' title="bbox 690 3709 1939 3809; baseline -0.008 -19"><span class='ocrx_word' id='word_1_207' title='bbox 690 3716 771 3790; x_wconf 92' lang='lat' dir='ltr'><strong>ideo</strong></span> <span class='ocrx_word' id='word_1_208' title='bbox 795 3720 896 3809; x_wconf 90' lang='lat' dir='ltr'><strong>optat</strong></span> <span class='ocrx_word' id='word_1_209' title='bbox 924 3712 991 3786; x_wconf 92' lang='lat' dir='ltr'><strong>sibi</strong></span> <span class='ocrx_word' id='word_1_210' title='bbox 1020 3711 1120 3806; x_wconf 89' lang='lat' dir='ltr'><strong>quod</strong></span> <span class='ocrx_word' id='word_1_211' title='bbox 1146 3718 1291 3806; x_wconf 86' lang='lat' dir='ltr'><strong>tempus</strong></span> <span class='ocrx_word' id='word_1_212' title='bbox 1314 3712 1552 3786; x_wconf 83' lang='lat' dir='ltr'><strong>acceleretur.</strong></span> <span class='ocrx_word' id='word_1_213' title='bbox 1579 3711 1681 3786; x_wconf 91' lang='lat' dir='ltr'><strong>Unde</strong></span> <span class='ocrx_word' id='word_1_214' title='bbox 1704 3709 1814 3785; x_wconf 90' lang='lat' dir='ltr'><strong>dicit:</strong></span> <span class='ocrx_word' id='word_1_215' title='bbox 1842 3733 1861 3782; x_wconf 83' lang='lat' dir='ltr'><strong>e</strong></span> <span class='ocrx_word' id='word_1_216' title='bbox 1936 3771 1939 3780; x_wconf 88' lang='lat'><strong>.</strong></span> 
     </span>
     <span class='ocr_line' id='line_1_25' title="bbox 689 3821 1857 3928; baseline -0.006 -18"><span class='ocrx_word' id='word_1_217' title='bbox 689 3855 762 3910; x_wconf 82' lang='lat' dir='ltr'><strong>non</strong></span> <span class='ocrx_word' id='word_1_218' title='bbox 785 3837 879 3908; x_wconf 70' lang='lat' dir='ltr'><strong>serta</strong></span> <span class='ocrx_word' id='word_1_219' title='bbox 900 3855 968 3928; x_wconf 83' lang='lat' dir='ltr'><strong>per</strong></span> <span class='ocrx_word' id='word_1_220' title='bbox 992 3839 1105 3925; x_wconf 81' lang='lat' dir='ltr'><strong>tempo</strong></span> <span class='ocrx_word' id='word_1_221' title='bbox 1127 3853 1164 3904; x_wconf 87' lang='lat' dir='ltr'><strong>se</strong></span> <span class='ocrx_word' id='word_1_222' title='bbox 1187 3821 1249 3922; x_wconf 69' lang='lat' dir='ltr'><strong>ord</strong></span> <span class='ocrx_word' id='word_1_223' title='bbox 1270 3835 1377 3924; x_wconf 82' lang='lat' dir='ltr'><strong>fosse,</strong></span> <span class='ocrx_word' id='word_1_224' title='bbox 1403 3830 1478 3905; x_wconf 95' lang='lat' dir='ltr'><strong>imo</strong></span> <span class='ocrx_word' id='word_1_225' title='bbox 1499 3830 1659 3924; x_wconf 87' lang='lat' dir='ltr'><strong>tardum,</strong></span> <span class='ocrx_word' id='word_1_226' title='bbox 1681 3830 1786 3924; x_wconf 92' lang='lat' dir='ltr'><strong>quasi</strong></span> <span class='ocrx_word' id='word_1_227' title='bbox 1801 3829 1857 3905; x_wconf 90' lang='lat' dir='ltr'><strong>di·</strong></span> 
     </span>
     <span class='ocr_line' id='line_1_26' title="bbox 690 3950 1859 4050; baseline -0.005 -20"><span class='ocrx_word' id='word_1_228' title='bbox 690 3963 772 4031; x_wconf 85' lang='lat' dir='ltr'><strong>cat:</strong></span> <span class='ocrx_word' id='word_1_229' title='bbox 800 3955 878 4050; x_wconf 87' lang='lat' dir='ltr'><strong>jam</strong></span> <span class='ocrx_word' id='word_1_230' title='bbox 910 3953 1094 4028; x_wconf 85' lang='lat' dir='ltr'><strong>debuisset</strong></span> <span class='ocrx_word' id='word_1_231' title='bbox 1124 3972 1215 4046; x_wconf 89' lang='lat' dir='ltr'><strong>esse,</strong></span> <span class='ocrx_word' id='word_1_232' title='bbox 1241 3951 1476 4026; x_wconf 88' lang='lat' dir='ltr'><strong>consideratis</strong></span> <span class='ocrx_word' id='word_1_233' title='bbox 1500 3950 1687 4026; x_wconf 91' lang='lat' dir='ltr'><strong>demeritis</strong></span> <span class='ocrx_word' id='word_1_234' title='bbox 1712 3952 1796 4046; x_wconf 89' lang='lat' dir='ltr'><strong>tuis,</strong></span> <span class='ocrx_word' id='word_1_235' title='bbox 1822 3957 1859 4026; x_wconf 93' lang='lat' dir='ltr'><strong>et</strong></span> 
     </span>
     <span class='ocr_line' id='line_1_27' title="bbox 690 4065 1858 4168; baseline -0.004 -18"><span class='ocrx_word' id='word_1_236' title='bbox 690 4075 791 4150; x_wconf 91' lang='lat' dir='ltr'><strong>ideo:</strong></span> <span class='ocrx_word' id='word_1_237' title='bbox 824 4065 895 4148; x_wconf 83' lang='lat' dir='ltr'><strong>cosi</strong></span> <span class='ocrx_word' id='word_1_238' title='bbox 916 4076 1001 4168; x_wconf 56' lang='lat' dir='ltr'><strong>foss*</strong></span> <span class='ocrx_word' id='word_1_239' title='bbox 1010 4076 1055 4164; x_wconf 83' lang='lat' dir='ltr'><strong>ei,</strong></span> <span class='ocrx_word' id='word_1_240' title='bbox 1080 4071 1181 4166; x_wconf 82' lang='lat' dir='ltr'><strong>idest,</strong></span> <span class='ocrx_word' id='word_1_241' title='bbox 1209 4070 1349 4146; x_wconf 89' lang='lat' dir='ltr'><strong>utinam</strong></span> <span class='ocrx_word' id='word_1_242' title='bbox 1369 4071 1449 4165; x_wconf 86' lang='lat' dir='ltr'><strong>jam</strong></span> <span class='ocrx_word' id='word_1_243' title='bbox 1475 4079 1593 4164; x_wconf 82' lang='lat' dir='ltr'><strong>esset3</strong></span> <span class='ocrx_word' id='word_1_244' title='bbox 1619 4091 1689 4146; x_wconf 90' lang='lat' dir='ltr'><strong>nec</strong></span> <span class='ocrx_word' id='word_1_245' title='bbox 1713 4079 1858 4166; x_wconf 88' lang='lat' dir='ltr'><strong>oportet</strong></span> 
     </span>
     <span class='ocr_line' id='line_1_28' title="bbox 690 4181 1859 4290; baseline -0.005 -20"><span class='ocrx_word' id='word_1_246' title='bbox 690 4193 891 4290; x_wconf 86' lang='lat' dir='ltr'><strong>intelligere</strong></span> <span class='ocrx_word' id='word_1_247' title='bbox 915 4193 1009 4268; x_wconf 90' lang='lat' dir='ltr'><strong>sicut</strong></span> <span class='ocrx_word' id='word_1_248' title='bbox 1032 4191 1280 4267; x_wconf 89' lang='lat' dir='ltr'><strong>communiter</strong></span> <span class='ocrx_word' id='word_1_249' title='bbox 1303 4190 1434 4265; x_wconf 91' lang='lat' dir='ltr'><strong>dicitur</strong></span> <span class='ocrx_word' id='word_1_250' title='bbox 1447 4181 1498 4285; x_wconf 82' lang='lat'>(⁷),</span> <span class='ocrx_word' id='word_1_251' title='bbox 1516 4190 1615 4285; x_wconf 88' lang='lat' dir='ltr'><strong>quod</strong></span> <span class='ocrx_word' id='word_1_252' title='bbox 1631 4196 1741 4266; x_wconf 88' lang='lat' dir='ltr'><strong>autor</strong></span> <span class='ocrx_word' id='word_1_253' title='bbox 1757 4196 1859 4286; x_wconf 87' lang='lat' dir='ltr'><strong>optet</strong></span> 
     </span>
     <span class='ocr_line' id='line_1_29' title="bbox 690 4309 1855 4408; baseline -0.005 -20"><span class='ocrx_word' id='word_1_254' title='bbox 690 4317 760 4390; x_wconf 91' lang='lat' dir='ltr'><strong>boc</strong></span> <span class='ocrx_word' id='word_1_255' title='bbox 784 4335 832 4390; x_wconf 81' lang='lat' dir='ltr'><strong>ex</strong></span> <span class='ocrx_word' id='word_1_256' title='bbox 850 4312 1012 4408; x_wconf 90' lang='lat' dir='ltr'><strong>appetitu</strong></span> <span class='ocrx_word' id='word_1_257' title='bbox 1030 4311 1206 4405; x_wconf 78' lang='lat' dir='ltr'><strong>vindictae,</strong></span> <span class='ocrx_word' id='word_1_258' title='bbox 1227 4310 1302 4384; x_wconf 92' lang='lat' dir='ltr'><strong>imo</strong></span> <span class='ocrx_word' id='word_1_259' title='bbox 1319 4309 1406 4404; x_wconf 89' lang='lat' dir='ltr'><strong>quia</strong></span> <span class='ocrx_word' id='word_1_260' title='bbox 1425 4317 1616 4404; x_wconf 88' lang='lat' dir='ltr'><strong>peccatum</strong></span> <span class='ocrx_word' id='word_1_261' title='bbox 1635 4309 1855 4406; x_wconf 91' lang='lat' dir='ltr'><strong>impunitum</strong></span> 
     </span>
     <span class='ocr_line' id='line_1_30' title="bbox 691 4429 1857 4529; baseline -0.005 -21"><span class='ocrx_word' id='word_1_262' title='bbox 691 4433 952 4529; x_wconf 89' lang='lat' dir='ltr'><strong>multiplicatur</strong></span> <span class='ocrx_word' id='word_1_263' title='bbox 978 4437 1014 4506; x_wconf 87' lang='lat' dir='ltr'><strong>et</strong></span> <span class='ocrx_word' id='word_1_264' title='bbox 1030 4438 1201 4526; x_wconf 87' lang='lat' dir='ltr'><strong>augetur.</strong></span> <span class='ocrx_word' id='word_1_265' title='bbox 1219 4430 1321 4504; x_wconf 91' lang='lat' dir='ltr'><strong>Unde</strong></span> <span class='ocrx_word' id='word_1_266' title='bbox 1341 4449 1495 4524; x_wconf 85' lang='lat' dir='ltr'><strong>peccans</strong></span> <span class='ocrx_word' id='word_1_267' title='bbox 1512 4429 1711 4524; x_wconf 90' lang='lat' dir='ltr'><strong>impunitus</strong></span> <span class='ocrx_word' id='word_1_268' title='bbox 1728 4436 1783 4503; x_wconf 89' lang='lat' dir='ltr'><strong>est</strong></span> <span class='ocrx_word' id='word_1_269' title='bbox 1799 4429 1857 4502; x_wconf 93' lang='lat' dir='ltr'><strong>in-</strong></span> 
     </span>
    </p>
   </div>
   <div class='ocr_carea' id='block_1_4' title="bbox 751 4655 1827 5110">
    <p class='ocr_par' dir='ltr' id='par_1_4' title="bbox 751 4655 1581 4722">
     <span class='ocr_line' id='line_1_31' title="bbox 751 4655 1581 4722; baseline 0.001 -15"><span class='ocrx_word' id='word_1_270' title='bbox 751 4660 777 4721; x_wconf 83' lang='lat'><strong>(¹)</strong></span> <span class='ocrx_word' id='word_1_271' title='bbox 794 4657 825 4708; x_wconf 84' lang='lat' dir='ltr'><strong>ll.</strong></span> <span class='ocrx_word' id='word_1_272' title='bbox 841 4655 1013 4714; x_wconf 75' lang='lat' dir='ltr'><strong>Garulcmten,</strong></span> <span class='ocrx_word' id='word_1_273' title='bbox 1030 4657 1075 4720; x_wconf 84' lang='lat' dir='ltr'><strong>qul</strong></span> <span class='ocrx_word' id='word_1_274' title='bbox 1092 4661 1155 4707; x_wconf 85' lang='lat' dir='ltr'><strong>tunc</strong></span> <span class='ocrx_word' id='word_1_275' title='bbox 1170 4662 1246 4708; x_wconf 76' lang='lat' dir='ltr'><strong>erant</strong></span> <span class='ocrx_word' id='word_1_276' title='bbox 1261 4658 1394 4722; x_wconf 68' lang='lat' dir='ltr'><strong>caporum</strong></span> <span class='ocrx_word' id='word_1_277' title='bbox 1409 4658 1481 4709; x_wconf 81' lang='lat' dir='ltr'><strong>illius</strong></span> <span class='ocrx_word' id='word_1_278' title='bbox 1496 4663 1581 4710; x_wconf 66' lang='lat' dir='ltr'><strong>ueta.</strong></span> 
     </span>
    </p>

    <p class='ocr_par' dir='ltr' id='par_1_5' title="bbox 752 4732 1029 4796">
     <span class='ocr_line' id='line_1_32' title="bbox 752 4732 1029 4796; baseline 0.004 0"><span class='ocrx_word' id='word_1_279' title='bbox 752 4735 779 4796; x_wconf 85' lang='lat' dir='ltr'><strong>t&#39;l</strong></span> <span class='ocrx_word' id='word_1_280' title='bbox 795 4733 826 4784; x_wconf 77' lang='lat' dir='ltr'><strong>B·</strong></span> <span class='ocrx_word' id='word_1_281' title='bbox 842 4732 913 4796; x_wconf 76' lang='lat' dir='ltr'><strong>quoa</strong></span> <span class='ocrx_word' id='word_1_282' title='bbox 928 4745 1029 4796; x_wconf 68' lang='lat' dir='ltr'><strong>mm·</strong></span> 
     </span>
    </p>

    <p class='ocr_par' dir='ltr' id='par_1_6' title="bbox 752 4809 1827 4952">
     <span class='ocr_line' id='line_1_33' title="bbox 752 4809 1827 4877; baseline 0.005 -18"><span class='ocrx_word' id='word_1_283' title='bbox 752 4809 779 4874; x_wconf 81' lang='lat'><strong>(¹)</strong></span> <span class='ocrx_word' id='word_1_284' title='bbox 796 4809 822 4860; x_wconf 84' lang='lat' dir='ltr'><strong>S.</strong></span> <span class='ocrx_word' id='word_1_285' title='bbox 839 4810 907 4860; x_wconf 81' lang='lat' dir='ltr'><strong>slent</strong></span> <span class='ocrx_word' id='word_1_286' title='bbox 922 4813 1064 4873; x_wconf 74' lang='lat' dir='ltr'><strong>optaverat.</strong></span> <span class='ocrx_word' id='word_1_287' title='bbox 1073 4810 1145 4862; x_wconf 75' lang='grc' dir='ltr'><strong>-Ε,</strong></span> <span class='ocrx_word' id='word_1_288' title='bbox 1160 4811 1304 4862; x_wconf 69' lang='lat' dir='ltr'><strong>mundum</strong></span> <span class='ocrx_word' id='word_1_289' title='bbox 1319 4813 1389 4876; x_wconf 81' lang='lat' dir='ltr'><strong>qnod</strong></span> <span class='ocrx_word' id='word_1_290' title='bbox 1405 4813 1452 4865; x_wconf 84' lang='lat' dir='ltr'><strong>ribi</strong></span> <span class='ocrx_word' id='word_1_291' title='bbox 1468 4817 1620 4877; x_wconf 73' lang='lat' dir='ltr'><strong>optaverant</strong></span> <span class='ocrx_word' id='word_1_292' title='bbox 1635 4813 1675 4864; x_wconf 93' lang='lat' dir='ltr'><strong>llll</strong></span> <span class='ocrx_word' id='word_1_293' title='bbox 1689 4813 1722 4865; x_wconf 86' lang='lat' dir='ltr'><strong>de</strong></span> <span class='ocrx_word' id='word_1_294' title='bbox 1739 4813 1827 4866; x_wconf 74' lang='lat' dir='ltr'><strong>Proto.</strong></span> 
     </span>
     <span class='ocr_line' id='line_1_34' title="bbox 753 4885 1330 4952; baseline 0.005 -15"><span class='ocrx_word' id='word_1_295' title='bbox 753 4886 780 4948; x_wconf 78' lang='lat'><strong>(⁸)</strong></span> <span class='ocrx_word' id='word_1_296' title='bbox 795 4886 826 4937; x_wconf 83' lang='lat' dir='ltr'><strong>E.</strong></span> <span class='ocrx_word' id='word_1_297' title='bbox 842 4890 869 4937; x_wconf 79' lang='lat' dir='ltr'><strong>et</strong></span> <span class='ocrx_word' id='word_1_298' title='bbox 885 4886 918 4936; x_wconf 74' lang='lat' dir='ltr'><strong>ud</strong></span> <span class='ocrx_word' id='word_1_299' title='bbox 934 4885 984 4936; x_wconf 76' lang='lat' dir='ltr'><strong>aliu</strong></span> <span class='ocrx_word' id='word_1_300' title='bbox 999 4886 1077 4948; x_wconf 73' lang='lat' dir='ltr'><strong>melu,</strong></span> <span class='ocrx_word' id='word_1_301' title='bbox 1094 4901 1152 4952; x_wconf 72' lang='lat' dir='ltr'><strong>qun</strong></span> <span class='ocrx_word' id='word_1_302' title='bbox 1169 4888 1217 4939; x_wconf 80' lang='lat' dir='ltr'><strong>istu</strong></span> <span class='ocrx_word' id='word_1_303' title='bbox 1232 4889 1330 4940; x_wconf 82' lang='lat' dir='ltr'><strong>oiritm.</strong></span> 
     </span>
    </p>

    <p class='ocr_par' dir='ltr' id='par_1_7' title="bbox 754 4963 1418 5031">
     <span class='ocr_line' id='line_1_35' title="bbox 754 4963 1418 5031; baseline 0.008 -17"><span class='ocrx_word' id='word_1_304' title='bbox 754 4963 781 5023; x_wconf 82' lang='lat'><strong>(⁸)</strong></span> <span class='ocrx_word' id='word_1_305' title='bbox 797 4963 828 5014; x_wconf 87' lang='lat' dir='ltr'><strong>ll.</strong></span> <span class='ocrx_word' id='word_1_306' title='bbox 845 4963 970 5028; x_wconf 55' lang='lat' dir='ltr'><strong>vulgaros</strong></span> <span class='ocrx_word' id='word_1_307' title='bbox 987 4963 1065 5016; x_wconf 81' lang='lat' dir='ltr'><strong>breve</strong></span> <span class='ocrx_word' id='word_1_308' title='bbox 1080 4967 1200 5028; x_wconf 73' lang='lat' dir='ltr'><strong>apparuit</strong></span> <span class='ocrx_word' id='word_1_309' title='bbox 1215 4967 1359 5031; x_wconf 70' lang='lat' dir='ltr'><strong>astrologis.</strong></span> <span class='ocrx_word' id='word_1_310' title='bbox 1376 4969 1418 5019; x_wconf 82' lang='lat' dir='ltr'><strong>Et.</strong></span> 
     </span>
    </p>

    <p class='ocr_par' dir='ltr' id='par_1_8' title="bbox 755 5038 1713 5110">
     <span class='ocr_line' id='line_1_36' title="bbox 755 5038 1713 5110; baseline 0.009 -22"><span class='ocrx_word' id='word_1_311' title='bbox 755 5039 782 5103; x_wconf 81' lang='lat'><strong>(⁸)</strong></span> <span class='ocrx_word' id='word_1_312' title='bbox 797 5038 833 5102; x_wconf 82' lang='grc'><strong>8.,</strong></span> <span class='ocrx_word' id='word_1_313' title='bbox 848 5039 879 5090; x_wconf 81' lang='lat' dir='ltr'><strong>ll.</strong></span> <span class='ocrx_word' id='word_1_314' title='bbox 894 5052 910 5089; x_wconf 87' lang='lat' dir='ltr'><strong>e</strong></span> <span class='ocrx_word' id='word_1_315' title='bbox 927 5043 981 5102; x_wconf 77' lang='lat' dir='ltr'><strong>llo,</strong></span> <span class='ocrx_word' id='word_1_316' title='bbox 998 5041 1215 5095; x_wconf 78' lang='lat' dir='ltr'><strong>conditionaliter.</strong></span> <span class='ocrx_word' id='word_1_317' title='bbox 1308 5043 1335 5106; x_wconf 63' lang='grc' dir='ltr'><strong>θ)</strong></span> <span class='ocrx_word' id='word_1_318' title='bbox 1352 5045 1383 5096; x_wconf 85' lang='lat' dir='ltr'><strong>li.</strong></span> <span class='ocrx_word' id='word_1_319' title='bbox 1399 5043 1504 5108; x_wconf 78' lang='lat' dir='ltr'><strong>dieitur,</strong></span> <span class='ocrx_word' id='word_1_320' title='bbox 1520 5044 1619 5096; x_wconf 66' lang='lat' dir='ltr'><strong>wilica</strong></span> <span class='ocrx_word' id='word_1_321' title='bbox 1634 5043 1713 5110; x_wconf 80' lang='lat' dir='ltr'><strong>quod.</strong></span> 
     </span>
    </p>
   </div>
   <div class='ocr_carea' id='block_1_5' title="bbox 0 0 2314 6836">
    <p class='ocr_par' dir='ltr' id='par_1_9' title="bbox 0 0 2314 6836">
     <span class='ocr_line' id='line_1_37' title="bbox 0 0 2314 6836; baseline 0 0"><span class='ocrx_word' id='word_1_322' title='bbox 0 0 2314 6836; x_wconf 95' lang='lat' dir='ltr'><strong> </strong></span> 
     </span>
    </p>
   </div>
  </div>
 </body>
</html>
