4550 6844
704 969 846 1028 caurus
870 971 1088 1028 rmemrrrus
1111 969 1257 1024 annuns.
1495 953 1568 1024 tet

393 1115 644 1190 humanorum
662 1116 957 1194 eommodorum.
971 1117 1015 1192 llt
1028 1113 1204 1190 continuo
1220 1111 1380 1209 assignat
1398 1109 1569 1208 pulcram

392 1234 573 1310 rationem
599 1235 658 1310 sui
682 1236 768 1314 dieti
792 1237 940 1314 dicens:
966 1234 1066 1331 quod
1090 1232 1239 1329 quando
1267 1232 1365 1308 mala
1395 1232 1568 1308 noluntas

391 1353 628 1451 ooniungitur
658 1375 805 1452 magnae
835 1351 1007 1451 potentie
1035 1354 1074 1428 in
1103 1352 1264 1447 homine,
1296 1351 1418 1426 nullus
1446 1357 1568 1449 potest

391 1473 544 1552 obviare
572 1476 632 1550 rel
662 1475 867 1570 providere
900 1475 993 1552 Dicit
1022 1493 1137 1572 ergo:
1163 1466 1225 1548 ete*
1253 1475 1291 1546 ln
1317 1480 1430 1564 pente,
1460 1472 1566 1567 idest,

392 1593 481 1688 quia
513 1594 720 1668 humanum
744 1615 875 1692 genus,
900 1615 1028 1669 norun
1051 1597 1178 1686 n'puro
1204 1595 1240 1667 nt
1263 1584 1336 1686 pud
1358 1597 1435 1686 sar,
1460 1591 1565 1686 idest,

391 1711 538 1788 nullum
562 1712 770 1790 remedium
794 1719 913 1809 potest
935 1713 1122 1808 adhibere,
1139 1714 1229 1786 done
1252 1714 1497 1804 {argumento
1522 1713 1567 1785 do

391 1833 430 1906 ln
454 1837 577 1924 nene,
594 1832 697 1928 idest,
718 1832 1007 1909 instrumentum
1025 1831 1175 1908 rationis
1194 1831 1233 1906 in
1250 1831 1412 1923 homine,
1429 1829 1493 1925 qui
1511 1837 1568 1906 est

392 1957 560 2028 armatus
585 1952 747 2030 ratione:
778 1953 978 2030 saevissima
1009 1952 1108 2030 enim
1139 1960 1195 2028 est
1226 1949 1405 2027 iniustitia.
1427 1949 1567 2027 habens

392 2091 510 2166 arma,
528 2077 570 2146 ut
588 2071 675 2148 dicit
690 2073 925 2170 philosophus
949 2072 1069 2169 primo
1086 2071 1337 2166 Politieorum,
1352 2073 1382 2144 ε’
1392 2071 1569 2162 depunge

393 2193 433 2265 ul
456 2194 531 2266 mol
554 2195 683 2284 volere,
708 2191 812 2285 idest,
837 2191 1045 2288 depravate
1070 2191 1262 2286 voluntati,
1279 2197 1313 2266 et
1335 2211 1361 2264 e
1385 2193 1422 2264 la
1441 2210 1567 2284 pessa,

393 2310 498 2406 idest,
522 2329 668 2406 magnae
690 2310 860 2405 potestati
873 2303 925 2404 (¹).
952 2311 997 2386 llt
1020 2311 1072 2386 sic
1096 2311 1180 2387 vide
1204 2312 1305 2406 quod
1321 2310 1391 2385 tria
1408 2329 1568 2386 coneur-

393 2436 481 2504 runt
502 2429 549 2505 ad
564 2449 715 2505 omnem
730 2420 768 2522 (¹)
795 2429 969 2506 effectam
996 2449 1125 2506 rerum
1150 2432 1413 2524 humanarum,
1430 2427 1567 2504 scilicet

393 2551 500 2643 velle,
525 2549 621 2624 scire
646 2555 684 2624 et
708 2567 827 2644 posse,
846 2555 888 2625 ut
905 2551 984 2625 vult
998 2541 1035 2643 (⁸)
1054 2550 1300 2647 philosophus,
1316 2551 1402 2626 licet
1417 2549 1567 2626 Boetius

393 2667 500 2762 dicat,
526 2668 626 2762 quod
651 2667 726 2744 duo
752 2675 906 2764 tantum.
920 2674 1037 2744 -La
1062 2673 1188 2764 sacua.
1222 2671 1328 2745 Nune
1357 2675 1468 2745 autor
1499 2668 1566 2744 de·

392 2787 518 2864 scribit
534 2787 654 2882 ipsum
669 2777 705 2883 (⁴)
723 2788 924 2886 gigantem,
941 2794 980 2866 et
996 2789 1116 2884 primo
1132 2789 1263 2865 faeiem
1282 2788 1363 2864 eius
1379 2808 1445 2883 per
1461 2808 1566 2863 oom-

393 2907 643 3002 parationem
668 2913 705 2984 et
729 2907 815 2984 dicit
834 2909 997 2985 breviter
1013 2909 1113 3004 quod
1133 2909 1244 2984 iacies
1263 2909 1466 2984 Nembrotlr
1484 2916 1568 2984 erat

394 3023 475 3100 eius
499 3025 770 3122 magnitudinis,
787 3027 894 3102 cuius
913 3036 970 3104 est
989 3029 1050 3102 illa
1066 3027 1175 3124 pinea
1193 3027 1389 3104 artificialis
1408 3048 1494 3124 quas
1510 3027 1568 3102 ri·

250 3223 257 3248 ,
394 3142 503 3220 detur
528 3144 567 3219 in
590 3145 723 3221 Sancto
748 3145 868 3222 Petm.
887 3146 940 3221 lu
966 3147 1073 3223 cuius
1101 3147 1346 3244 cognitionem
1368 3153 1424 3224 est
1448 3146 1568 3222 soien-

394 3263 498 3358 dum,
515 3264 616 3360 quod
631 3265 718 3340 olim
738 3267 866 3342 llomae
883 3267 952 3342 tuit
967 3268 1146 3362 templum
1165 3273 1338 3342 vocatum
1364 3267 1565 3360 Pantheon,

395 3383 495 3478 quod
518 3383 652 3461 dieitur
680 3386 792 3462 luisse
822 3387 999 3482 palatium
1032 3385 1230 3462 Alexandri
1263 3387 1506 3482 imperatoris,
1531 3391 1570 3462 et

396 3511 568 3579 vocatum
593 3512 649 3580 est
673 3513 799 3601 postea
824 3513 949 3582 saneta
973 3507 1086 3581 Maria
1102 3506 1294 3601 Rotundn3
1311 3506 1349 3580 in
1372 3527 1448 3602 quo
1473 3514 1569 3582 tem·-

395 3622 456 3719 plo
481 3623 549 3699 luit
573 3625 680 3719 pinea
706 3647 841 3724 magna
857 3647 957 3704 aerea
976 3627 1167 3722 deaurata,
1186 3647 1270 3721 qnae
1295 3648 1393 3702 nuno
1410 3633 1570 3702 estante

395 3745 575 3840 templum
601 3745 699 3821 beati
723 3748 833 3842 Petri,
859 3753 896 3824 et
920 3753 1003 3823 erat
1027 3753 1201 3844 oooperta
1231 3747 1365 3824 tabulis
1395 3747 1503 3822 aerels
1518 3739 1568 3842 (⁸),

395 3861 448 3938 ita
472 3864 573 3956 quod
596 3885 620 3937 a
643 3866 766 3962 longe,
783 3867 861 3942 sole
879 3866 1037 3961 desuper
1058 3867 1225 3961 feriente,
1244 3866 1439 3943 ridebatur
1464 3865 1570 3960 quasi

397 3999 503 4056 mons
528 4002 667 4057 aureus
692 3985 799 4060 euius
824 3985 1033 4080 pulcritudo
1053 3985 1175 4061 adhuc
1195 4005 1264 4080 pro
1282 3993 1388 4081 parte
1404 3993 1568 4082 apparet

397 4100 451 4175 lu
476 4101 703 4196 propositum
729 4123 820 4200 ergo
843 4103 930 4179 dicit
954 4109 1087 4180 autor:
1114 4107 1152 4178 ln
1172 4107 1290 4198 saeos
1316 4125 1397 4196 sna,
1422 4104 1569 4199 scilicet,

397 4219 493 4294 illius
517 4220 719 4297 Nembroth
744 4223 869 4322 magni
885 4223 1055 4321 gigantis,
1071 4226 1121 4298 mi
1131 4245 1250 4317 parea
1268 4227 1378 4317 mapa
1393 4246 1414 4299 e
1427 4245 1571 4317 proma,

397 4339 436 4414 in
461 4339 664 4434 quantitate
687 4341 807 4436 simili,
824 4362 921 4417 conte
938 4346 977 4417 ln
991 4346 1080 4438 pina
1100 4345 1139 4418 da·
1159 4347 1234 4418 San
1250 4347 1370 4420 Pistre
1395 4365 1420 4418 a
1445 4349 1571 4420 Ronsa.

397 4461 442 4536 Et
466 4460 518 4536 sic
541 4466 629 4535 nota
653 4461 753 4556 quod
778 4462 863 4538 iacit
888 4463 1203 4559 comparationem
1233 4464 1282 4542 de
1312 4465 1420 4562 pinea
1446 4462 1494 4540 ad
1519 4465 1574 4540 la-

398 4581 492 4656 niem
518 4589 700 4676 quantum
716 4581 763 4656 ad
780 4583 1087 4680 magnitudinem,
1103 4603 1177 4658 non
1202 4591 1385 4680 quantum
1409 4586 1456 4661 ad
1480 4584 1572 4680 alia;

398 4701 485 4794 quia
509 4700 617 4797 pinea
641 4707 695 4778 est
721 4705 861 4799 pulcra,
887 4705 1084 4800 splendida,
1110 4712 1148 4780 et
1172 4703 1330 4782 delectat
1357 4713 1571 4803 aspectum,-

397 4819 507 4896 iacies
530 4841 621 4897 vero
641 4823 798 4920 gigantis
813 4825 942 4920 turpis,
960 4825 1118 4901 obscura
1132 4815 1183 4920 (⁶),
1202 4833 1317 4903 terret
1333 4827 1455 4902 visum
1472 4826 1572 4923 aspi-

459 5001 535 5065 (¹215.
551 5005 681 5066 potentin.
808 5007 837 5068 (¹)
854 5007 885 5058 ll.
901 5021 1077 5060 communem.
1305 5009 1332 5069 (¹)
1347 5009 1374 5061 S.
1390 5024 1406 5062 s
1422 5011 1452 5061 R
1469 5011 1540 5062 dleit.

459 5078 487 5142 (¹)
503 5078 534 5130 ll.
550 5079 698 5144 quemdm.
807 5085 834 5147 (¹)
852 5086 906 5146 lid,
922 5085 998 5136 uela
1012 5084 1151 5145 merallu,
1166 5085 1211 5137 lta.
1304 5086 1331 5150 (⁸)
1349 5090 1403 5150 tra,
1420 5092 1485 5138 atra.
