<?xml version="1.0" encoding="UTF-8"?>
<!DOCTYPE html PUBLIC "-//W3C//DTD XHTML 1.0 Transitional//EN"
    "http://www.w3.org/TR/xhtml1/DTD/xhtml1-transitional.dtd">
<html xmlns="http://www.w3.org/1999/xhtml" xml:lang="en" lang="en">
 <head>
  <title>
</title>
<meta http-equiv="Content-Type" content="text/html;charset=utf-8" />
  <meta name='ocr-system' content='tesseract 3.04.00' />
  <meta name='ocr-capabilities' content='ocr_page ocr_carea ocr_par ocr_line ocrx_word'/>
</head>
<body>
  <div class='ocr_page' id='page_1' title='image "./comentumsuperda01benvgoog_0324.png"; bbox 0 0 4580 6844; ppageno 0'>
   <div class='ocr_carea' id='block_1_1' title="bbox 725 969 1594 1042">
    <p class='ocr_par' dir='ltr' id='par_1_1' title="bbox 725 969 1594 1042">
     <span class='ocr_line' id='line_1_1' title="bbox 725 969 1594 1042; baseline -0.002 -4"><span class='ocrx_word' id='word_1_1' title='bbox 725 983 863 1042; x_wconf 77' lang='lat' dir='ltr'><strong>omnus</strong></span> <span class='ocrx_word' id='word_1_2' title='bbox 887 983 1079 1041; x_wconf 75' lang='lat' dir='ltr'><strong>wensinus</strong></span> <span class='ocrx_word' id='word_1_3' title='bbox 1102 983 1287 1038; x_wconf 82' lang='lat' dir='ltr'><strong>smrmns.</strong></span> <span class='ocrx_word' id='word_1_4' title='bbox 1521 969 1594 1038; x_wconf 76' lang='grc' dir='ltr'><strong>ιιι</strong></span> 
     </span>
    </p>
   </div>
   <div class='ocr_carea' id='block_1_2' title="bbox 422 1125 1605 4440">
    <p class='ocr_par' dir='ltr' id='par_1_2' title="bbox 422 1125 1596 2297">
     <span class='ocr_line' id='line_1_2' title="bbox 422 1125 1593 1223; baseline -0.003 -20"><span class='ocrx_word' id='word_1_5' title='bbox 422 1127 517 1203; x_wconf 84' lang='lat' dir='ltr'><strong>iacta</strong></span> <span class='ocrx_word' id='word_1_6' title='bbox 544 1126 779 1222; x_wconf 80' lang='lat' dir='ltr'><strong>responsione</strong></span> <span class='ocrx_word' id='word_1_7' title='bbox 802 1128 910 1223; x_wconf 86' lang='lat' dir='ltr'><strong>plena</strong></span> <span class='ocrx_word' id='word_1_8' title='bbox 940 1127 987 1201; x_wconf 91' lang='lat' dir='ltr'><strong>ad</strong></span> <span class='ocrx_word' id='word_1_9' title='bbox 1018 1126 1214 1222; x_wconf 75' lang='lat' dir='ltr'><strong>quesitum</strong></span> <span class='ocrx_word' id='word_1_10' title='bbox 1240 1125 1382 1202; x_wconf 88' lang='lat' dir='ltr'><strong>eomitis</strong></span> <span class='ocrx_word' id='word_1_11' title='bbox 1406 1125 1593 1220; x_wconf 87' lang='lat' dir='ltr'><strong>Guidonis,</strong></span> 
     </span>
     <span class='ocr_line' id='line_1_3' title="bbox 422 1245 1595 1340; baseline 0 -20"><span class='ocrx_word' id='word_1_12' title='bbox 422 1245 555 1340; x_wconf 84' lang='lat' dir='ltr'><strong>quaerit</strong></span> <span class='ocrx_word' id='word_1_13' title='bbox 579 1246 627 1322; x_wconf 86' lang='lat' dir='ltr'><strong>ab</strong></span> <span class='ocrx_word' id='word_1_14' title='bbox 654 1263 699 1321; x_wconf 91' lang='lat' dir='ltr'><strong>eo</strong></span> <span class='ocrx_word' id='word_1_15' title='bbox 724 1245 806 1340; x_wconf 88' lang='lat' dir='ltr'><strong>quis</strong></span> <span class='ocrx_word' id='word_1_16' title='bbox 831 1245 887 1340; x_wconf 83' lang='lat' dir='ltr'><strong>sit,</strong></span> <span class='ocrx_word' id='word_1_17' title='bbox 905 1245 1052 1322; x_wconf 81' lang='lat' dir='ltr'><strong>dicens:</strong></span> <span class='ocrx_word' id='word_1_18' title='bbox 1080 1267 1150 1320; x_wconf 87' lang='lat' dir='ltr'><strong>ora</strong></span> <span class='ocrx_word' id='word_1_19' title='bbox 1173 1248 1228 1319; x_wconf 76' lang='lat' dir='ltr'><strong>oio·</strong></span> <span class='ocrx_word' id='word_1_20' title='bbox 1249 1247 1310 1338; x_wconf 67' lang='lat' dir='ltr'><strong>sd,</strong></span> <span class='ocrx_word' id='word_1_21' title='bbox 1336 1247 1508 1339; x_wconf 71' lang='lat' dir='ltr'><strong>dpreyo,</strong></span> <span class='ocrx_word' id='word_1_22' title='bbox 1533 1247 1595 1320; x_wconf 82' lang='lat' dir='ltr'><strong>edo</strong></span> 
     </span>
     <span class='ocr_line' id='line_1_4' title="bbox 422 1365 1593 1462; baseline 0.002 -22"><span class='ocrx_word' id='word_1_23' title='bbox 422 1387 466 1440; x_wconf 79' lang='lat' dir='ltr'><strong>ne</strong></span> <span class='ocrx_word' id='word_1_24' title='bbox 489 1373 599 1457; x_wconf 72' lang='lat' dir='ltr'><strong>omae,</strong></span> <span class='ocrx_word' id='word_1_25' title='bbox 625 1365 725 1461; x_wconf 82' lang='lat' dir='ltr'><strong>quod</strong></span> <span class='ocrx_word' id='word_1_26' title='bbox 749 1365 945 1460; x_wconf 76' lang='lat' dir='ltr'>persuadet</span> <span class='ocrx_word' id='word_1_27' title='bbox 970 1365 1036 1442; x_wconf 89' lang='lat' dir='ltr'><strong>sihi</strong></span> <span class='ocrx_word' id='word_1_28' title='bbox 1062 1365 1264 1462; x_wconf 78' lang='lat' dir='ltr'><strong>dupliciter.</strong></span> <span class='ocrx_word' id='word_1_29' title='bbox 1291 1365 1415 1441; x_wconf 87' lang='lat' dir='ltr'><strong>Primo</strong></span> <span class='ocrx_word' id='word_1_30' title='bbox 1435 1385 1502 1460; x_wconf 87' lang='lat' dir='ltr'><strong>per</strong></span> <span class='ocrx_word' id='word_1_31' title='bbox 1526 1365 1593 1442; x_wconf 89' lang='lat' dir='ltr'><strong>be-</strong></span> 
     </span>
     <span class='ocr_line' id='line_1_5' title="bbox 422 1484 1593 1581; baseline -0.001 -22"><span class='ocrx_word' id='word_1_32' title='bbox 422 1484 678 1578; x_wconf 85' lang='lat' dir='ltr'><strong>nevolentiam,</strong></span> <span class='ocrx_word' id='word_1_33' title='bbox 696 1505 771 1578; x_wconf 88' lang='lat' dir='ltr'><strong>qua</strong></span> <span class='ocrx_word' id='word_1_34' title='bbox 796 1505 886 1560; x_wconf 90' lang='lat' dir='ltr'><strong>usus</strong></span> <span class='ocrx_word' id='word_1_35' title='bbox 910 1491 967 1560; x_wconf 86' lang='lat' dir='ltr'><strong>est</strong></span> <span class='ocrx_word' id='word_1_36' title='bbox 990 1505 1081 1581; x_wconf 79' lang='lat' dir='ltr'><strong>erga</strong></span> <span class='ocrx_word' id='word_1_37' title='bbox 1106 1503 1206 1578; x_wconf 86' lang='lat' dir='ltr'><strong>enm,</strong></span> <span class='ocrx_word' id='word_1_38' title='bbox 1231 1485 1376 1562; x_wconf 85' lang='lat' dir='ltr'><strong>dicens:</strong></span> <span class='ocrx_word' id='word_1_39' title='bbox 1402 1505 1474 1559; x_wconf 82' lang='lat' dir='ltr'><strong>oon</strong></span> <span class='ocrx_word' id='word_1_40' title='bbox 1498 1505 1593 1560; x_wconf 74' lang='lat' dir='ltr'><strong>orm</strong></span> 
     </span>
     <span class='ocr_line' id='line_1_6' title="bbox 422 1599 1591 1698; baseline 0 -20"><span class='ocrx_word' id='word_1_41' title='bbox 422 1604 513 1678; x_wconf 79' lang='lat' dir='ltr'><strong>duro</strong></span> <span class='ocrx_word' id='word_1_42' title='bbox 521 1599 597 1697; x_wconf 85' lang='lat' dir='ltr'><strong>piri,</strong></span> <span class='ocrx_word' id='word_1_43' title='bbox 615 1603 750 1680; x_wconf 88' lang='lat' dir='ltr'><strong>scitioet</strong></span> <span class='ocrx_word' id='word_1_44' title='bbox 762 1603 809 1678; x_wconf 88' lang='lat' dir='ltr'><strong>ad</strong></span> <span class='ocrx_word' id='word_1_45' title='bbox 821 1603 1114 1698; x_wconf 86' lang='lat' dir='ltr'><strong>respondendnm</strong></span> <span class='ocrx_word' id='word_1_46' title='bbox 1133 1603 1233 1698; x_wconf 85' lang='lat' dir='ltr'><strong>mihi,</strong></span> <span class='ocrx_word' id='word_1_47' title='bbox 1250 1607 1301 1678; x_wconf 79' lang='grc' dir='ltr'><strong>σι’</strong></span> <span class='ocrx_word' id='word_1_48' title='bbox 1313 1607 1398 1678; x_wconf 75' lang='lat' dir='ltr'><strong>otti</strong></span> <span class='ocrx_word' id='word_1_49' title='bbox 1416 1607 1473 1678; x_wconf 81' lang='lat' dir='ltr'><strong>sio</strong></span> <span class='ocrx_word' id='word_1_50' title='bbox 1487 1611 1591 1695; x_wconf 83' lang='lat' dir='ltr'><strong>stato,</strong></span> 
     </span>
     <span class='ocr_line' id='line_1_7' title="bbox 422 1721 1593 1818; baseline -0.002 -20"><span class='ocrx_word' id='word_1_51' title='bbox 422 1723 559 1800; x_wconf 86' lang='lat' dir='ltr'><strong>scilieet</strong></span> <span class='ocrx_word' id='word_1_52' title='bbox 574 1742 687 1818; x_wconf 88' lang='lat' dir='ltr'><strong>quam</strong></span> <span class='ocrx_word' id='word_1_53' title='bbox 705 1742 776 1818; x_wconf 81' lang='lat' dir='ltr'><strong>ego</strong></span> <span class='ocrx_word' id='word_1_54' title='bbox 795 1721 928 1798; x_wconf 88' lang='lat' dir='ltr'><strong>inerim</strong></span> <span class='ocrx_word' id='word_1_55' title='bbox 948 1722 996 1797; x_wconf 85' lang='lat' dir='ltr'><strong>ed</strong></span> <span class='ocrx_word' id='word_1_56' title='bbox 1013 1721 1304 1817; x_wconf 82' lang='lat' dir='ltr'><strong>respondendum</strong></span> <span class='ocrx_word' id='word_1_57' title='bbox 1324 1722 1398 1796; x_wconf 88' lang='lat' dir='ltr'><strong>tibi.</strong></span> <span class='ocrx_word' id='word_1_58' title='bbox 1424 1721 1593 1798; x_wconf 83' lang='lat' dir='ltr'><strong>Secundo</strong></span> 
     </span>
     <span class='ocr_line' id='line_1_8' title="bbox 423 1841 1594 1936; baseline -0.003 -19"><span class='ocrx_word' id='word_1_59' title='bbox 423 1841 569 1917; x_wconf 90' lang='lat' dir='ltr'><strong>adiurat</strong></span> <span class='ocrx_word' id='word_1_60' title='bbox 592 1842 712 1936; x_wconf 88' lang='lat' dir='ltr'><strong>ipsum</strong></span> <span class='ocrx_word' id='word_1_61' title='bbox 729 1859 796 1936; x_wconf 87' lang='lat' dir='ltr'><strong>per</strong></span> <span class='ocrx_word' id='word_1_62' title='bbox 820 1841 868 1935; x_wconf 91' lang='lat' dir='ltr'><strong>id,</strong></span> <span class='ocrx_word' id='word_1_63' title='bbox 893 1841 999 1916; x_wconf 89' lang='lat' dir='ltr'><strong>ouius</strong></span> <span class='ocrx_word' id='word_1_64' title='bbox 1017 1842 1085 1916; x_wconf 85' lang='lat' dir='ltr'><strong>viri</strong></span> <span class='ocrx_word' id='word_1_65' title='bbox 1102 1841 1260 1917; x_wconf 88' lang='lat' dir='ltr'><strong>illustres</strong></span> <span class='ocrx_word' id='word_1_66' title='bbox 1284 1842 1401 1917; x_wconf 91' lang='lat' dir='ltr'><strong>solent</strong></span> <span class='ocrx_word' id='word_1_67' title='bbox 1418 1861 1498 1918; x_wconf 90' lang='lat' dir='ltr'><strong>esse</strong></span> <span class='ocrx_word' id='word_1_68' title='bbox 1514 1841 1594 1916; x_wconf 85' lang='lat' dir='ltr'><strong>avi·</strong></span> 
     </span>
     <span class='ocr_line' id='line_1_9' title="bbox 423 1960 1596 2056; baseline -0.003 -19"><span class='ocrx_word' id='word_1_69' title='bbox 423 1961 570 2054; x_wconf 88' lang='lat' dir='ltr'><strong>dissimi,</strong></span> <span class='ocrx_word' id='word_1_70' title='bbox 587 1960 723 2036; x_wconf 85' lang='lat' dir='ltr'><strong>scilieet</strong></span> <span class='ocrx_word' id='word_1_71' title='bbox 739 1981 806 2056; x_wconf 89' lang='lat' dir='ltr'><strong>per</strong></span> <span class='ocrx_word' id='word_1_72' title='bbox 826 1961 962 2036; x_wconf 81' lang='lat' dir='ltr'><strong>samam</strong></span> <span class='ocrx_word' id='word_1_73' title='bbox 977 1985 987 2055; x_wconf 92' lang='lat'>;</span> <span class='ocrx_word' id='word_1_74' title='bbox 1005 1961 1105 2036; x_wconf 92' lang='lat' dir='ltr'><strong>unde</strong></span> <span class='ocrx_word' id='word_1_75' title='bbox 1120 1961 1228 2036; x_wconf 85' lang='lat' dir='ltr'><strong>dicit:</strong></span> <span class='ocrx_word' id='word_1_76' title='bbox 1254 1981 1293 2036; x_wconf 78' lang='lat' dir='ltr'><strong>se</strong></span> <span class='ocrx_word' id='word_1_77' title='bbox 1304 1963 1331 2035; x_wconf 84' lang='lat' dir='ltr'><strong>’t</strong></span> <span class='ocrx_word' id='word_1_78' title='bbox 1344 1981 1447 2034; x_wconf 83' lang='lat' dir='ltr'><strong>nome</strong></span> <span class='ocrx_word' id='word_1_79' title='bbox 1462 1969 1521 2034; x_wconf 81' lang='lat' dir='ltr'><strong>tuo</strong></span> <span class='ocrx_word' id='word_1_80' title='bbox 1536 1963 1596 2034; x_wconf 83' lang='lat' dir='ltr'><strong>net</strong></span> 
     </span>
     <span class='ocr_line' id='line_1_10' title="bbox 424 2080 1596 2176; baseline 0 -22"><span class='ocrx_word' id='word_1_81' title='bbox 424 2082 553 2154; x_wconf 83' lang='lat' dir='ltr'><strong>mondo</strong></span> <span class='ocrx_word' id='word_1_82' title='bbox 578 2087 682 2172; x_wconf 71' lang='lat' dir='ltr'><strong>teman</strong></span> <span class='ocrx_word' id='word_1_83' title='bbox 704 2085 835 2175; x_wconf 67' lang='lat' dir='ltr'><strong>fronte,</strong></span> <span class='ocrx_word' id='word_1_84' title='bbox 862 2080 953 2156; x_wconf 81' lang='lat' dir='ltr'><strong>idest</strong></span> <span class='ocrx_word' id='word_1_85' title='bbox 979 2080 1008 2154; x_wconf 93' lang='lat' dir='ltr'><strong>si</strong></span> <span class='ocrx_word' id='word_1_86' title='bbox 1033 2082 1156 2176; x_wconf 79' lang='lat' dir='ltr'><strong>vigeat</strong></span> <span class='ocrx_word' id='word_1_87' title='bbox 1171 2080 1234 2155; x_wconf 90' lang='lat' dir='ltr'><strong>diu</strong></span> <span class='ocrx_word' id='word_1_88' title='bbox 1254 2080 1353 2156; x_wconf 87' lang='lat' dir='ltr'><strong>iama</strong></span> <span class='ocrx_word' id='word_1_89' title='bbox 1378 2087 1443 2156; x_wconf 87' lang='lat' dir='ltr'><strong>tua</strong></span> <span class='ocrx_word' id='word_1_90' title='bbox 1467 2081 1504 2154; x_wconf 91' lang='lat' dir='ltr'><strong>in</strong></span> <span class='ocrx_word' id='word_1_91' title='bbox 1529 2101 1596 2176; x_wconf 87' lang='lat' dir='ltr'><strong>po-</strong></span> 
     </span>
     <span class='ocr_line' id='line_1_11' title="bbox 423 2200 1170 2297; baseline -0.003 -23"><span class='ocrx_word' id='word_1_92' title='bbox 423 2205 575 2294; x_wconf 85' lang='lat' dir='ltr'><strong>sterum,</strong></span> <span class='ocrx_word' id='word_1_93' title='bbox 602 2220 686 2294; x_wconf 76' lang='lat' dir='ltr'><strong>qum</strong></span> <span class='ocrx_word' id='word_1_94' title='bbox 712 2221 810 2276; x_wconf 87' lang='lat' dir='ltr'><strong>nunc</strong></span> <span class='ocrx_word' id='word_1_95' title='bbox 835 2209 890 2278; x_wconf 86' lang='lat' dir='ltr'><strong>est</strong></span> <span class='ocrx_word' id='word_1_96' title='bbox 914 2200 1001 2276; x_wconf 87' lang='lat' dir='ltr'><strong>satis</strong></span> <span class='ocrx_word' id='word_1_97' title='bbox 1025 2221 1170 2297; x_wconf 79' lang='lat' dir='ltr'><strong>magna.</strong></span> 
     </span>
    </p>

    <p class='ocr_par' dir='ltr' id='par_1_3' title="bbox 424 2317 1605 4440">
     <span class='ocr_line' id='line_1_12' title="bbox 497 2317 1596 2415; baseline -0.002 -21"><span class='ocrx_word' id='word_1_98' title='bbox 497 2323 625 2394; x_wconf 78' lang='lat' dir='ltr'><strong>Porcio</strong></span> <span class='ocrx_word' id='word_1_99' title='bbox 649 2323 747 2395; x_wconf 81' lang='lat' dir='ltr'><strong>ode&#39;t</strong></span> <span class='ocrx_word' id='word_1_100' title='bbox 765 2325 881 2414; x_wconf 81' lang='lat' dir='ltr'><strong>suono.</strong></span> <span class='ocrx_word' id='word_1_101' title='bbox 906 2321 977 2395; x_wconf 86' lang='lat' dir='ltr'><strong>ista</strong></span> <span class='ocrx_word' id='word_1_102' title='bbox 993 2326 1048 2395; x_wconf 87' lang='lat' dir='ltr'><strong>est</strong></span> <span class='ocrx_word' id='word_1_103' title='bbox 1065 2319 1173 2394; x_wconf 87' lang='lat' dir='ltr'><strong>tertia</strong></span> <span class='ocrx_word' id='word_1_104' title='bbox 1192 2338 1277 2414; x_wconf 84' lang='lat' dir='ltr'><strong>pars</strong></span> <span class='ocrx_word' id='word_1_105' title='bbox 1301 2317 1483 2415; x_wconf 79' lang='lat' dir='ltr'><strong>generalis</strong></span> <span class='ocrx_word' id='word_1_106' title='bbox 1499 2339 1596 2413; x_wconf 74' lang='lat' dir='ltr'><strong>pras-</strong></span> 
     </span>
     <span class='ocr_line' id='line_1_13' title="bbox 424 2437 1596 2534; baseline -0.005 -18"><span class='ocrx_word' id='word_1_107' title='bbox 424 2439 536 2516; x_wconf 90' lang='lat' dir='ltr'><strong>sentis</strong></span> <span class='ocrx_word' id='word_1_108' title='bbox 555 2439 714 2534; x_wconf 88' lang='lat' dir='ltr'><strong>capituli,</strong></span> <span class='ocrx_word' id='word_1_109' title='bbox 732 2439 769 2513; x_wconf 94' lang='lat' dir='ltr'><strong>in</strong></span> <span class='ocrx_word' id='word_1_110' title='bbox 786 2459 860 2533; x_wconf 87' lang='lat' dir='ltr'><strong>qua</strong></span> <span class='ocrx_word' id='word_1_111' title='bbox 876 2458 1001 2514; x_wconf 89' lang='lat' dir='ltr'><strong>nomes</strong></span> <span class='ocrx_word' id='word_1_112' title='bbox 1019 2438 1138 2513; x_wconf 90' lang='lat' dir='ltr'><strong>Guido</strong></span> <span class='ocrx_word' id='word_1_113' title='bbox 1157 2438 1283 2513; x_wconf 85' lang='lat' dir='ltr'><strong>votens</strong></span> <span class='ocrx_word' id='word_1_114' title='bbox 1305 2438 1498 2533; x_wconf 85' lang='lat' dir='ltr'><strong>propalare</strong></span> <span class='ocrx_word' id='word_1_115' title='bbox 1513 2437 1596 2531; x_wconf 88' lang='lat' dir='ltr'><strong>quis</strong></span> 
     </span>
     <span class='ocr_line' id='line_1_14' title="bbox 425 2550 1595 2653; baseline -0.004 -21"><span class='ocrx_word' id='word_1_116' title='bbox 425 2557 471 2632; x_wconf 92' lang='lat' dir='ltr'><strong>sit</strong></span> <span class='ocrx_word' id='word_1_117' title='bbox 484 2550 534 2650; x_wconf 84' lang='lat'><strong>(¹),</strong></span> <span class='ocrx_word' id='word_1_118' title='bbox 544 2559 653 2653; x_wconf 78' lang='lat' dir='ltr'><strong>ionga</strong></span> <span class='ocrx_word' id='word_1_119' title='bbox 665 2557 878 2633; x_wconf 81' lang='lat' dir='ltr'><strong>narratione</strong></span> <span class='ocrx_word' id='word_1_120' title='bbox 893 2557 1011 2653; x_wconf 87' lang='lat' dir='ltr'><strong>aperit</strong></span> <span class='ocrx_word' id='word_1_121' title='bbox 1028 2557 1185 2632; x_wconf 81' lang='lat' dir='ltr'><strong>sormam</strong></span> <span class='ocrx_word' id='word_1_122' title='bbox 1198 2575 1276 2630; x_wconf 79' lang='lat' dir='ltr'><strong>sure</strong></span> <span class='ocrx_word' id='word_1_123' title='bbox 1289 2555 1374 2630; x_wconf 77' lang='lat' dir='ltr'><strong>vitm</strong></span> <span class='ocrx_word' id='word_1_124' title='bbox 1388 2554 1595 2648; x_wconf 71' lang='lat' dir='ltr'><strong>mundante,</strong></span> 
     </span>
     <span class='ocr_line' id='line_1_15' title="bbox 425 2666 1596 2770; baseline -0.003 -19"><span class='ocrx_word' id='word_1_125' title='bbox 425 2675 591 2751; x_wconf 86' lang='lat' dir='ltr'><strong>videlieet</strong></span> <span class='ocrx_word' id='word_1_126' title='bbox 625 2676 778 2752; x_wconf 90' lang='lat' dir='ltr'><strong>modum</strong></span> <span class='ocrx_word' id='word_1_127' title='bbox 811 2696 889 2752; x_wconf 87' lang='lat' dir='ltr'><strong>suae</strong></span> <span class='ocrx_word' id='word_1_128' title='bbox 923 2676 1170 2752; x_wconf 85' lang='lat' dir='ltr'><strong>conversionis</strong></span> <span class='ocrx_word' id='word_1_129' title='bbox 1183 2666 1234 2770; x_wconf 85' lang='lat'><strong>(¹),</strong></span> <span class='ocrx_word' id='word_1_130' title='bbox 1265 2682 1303 2749; x_wconf 90' lang='lat' dir='ltr'><strong>et</strong></span> <span class='ocrx_word' id='word_1_131' title='bbox 1333 2694 1484 2749; x_wconf 86' lang='lat' dir='ltr'><strong>causam</strong></span> <span class='ocrx_word' id='word_1_132' title='bbox 1518 2693 1596 2748; x_wconf 82' lang='lat' dir='ltr'><strong>snae</strong></span> 
     </span>
     <span class='ocr_line' id='line_1_16' title="bbox 425 2793 1596 2891; baseline 0 -24"><span class='ocrx_word' id='word_1_133' title='bbox 425 2793 678 2869; x_wconf 82' lang='lat' dir='ltr'><strong>damnationis.</strong></span> <span class='ocrx_word' id='word_1_134' title='bbox 705 2795 749 2869; x_wconf 84' lang='lat' dir='ltr'><strong>Et</strong></span> <span class='ocrx_word' id='word_1_135' title='bbox 774 2795 894 2891; x_wconf 87' lang='lat' dir='ltr'><strong>primo</strong></span> <span class='ocrx_word' id='word_1_136' title='bbox 926 2802 1036 2870; x_wconf 87' lang='lat' dir='ltr'><strong>antor</strong></span> <span class='ocrx_word' id='word_1_137' title='bbox 1065 2800 1164 2890; x_wconf 86' lang='lat' dir='ltr'><strong>aptat</strong></span> <span class='ocrx_word' id='word_1_138' title='bbox 1194 2794 1309 2889; x_wconf 87' lang='lat' dir='ltr'><strong>ipsam</strong></span> <span class='ocrx_word' id='word_1_139' title='bbox 1335 2794 1523 2868; x_wconf 87' lang='lat' dir='ltr'><strong>flammam</strong></span> <span class='ocrx_word' id='word_1_140' title='bbox 1548 2793 1596 2867; x_wconf 89' lang='lat' dir='ltr'><strong>ad</strong></span> 
     </span>
     <span class='ocr_line' id='line_1_17' title="bbox 427 2911 1594 3009; baseline -0.002 -21"><span class='ocrx_word' id='word_1_141' title='bbox 427 2914 664 3008; x_wconf 86' lang='lat' dir='ltr'><strong>loquendum,</strong></span> <span class='ocrx_word' id='word_1_142' title='bbox 681 2914 826 2990; x_wconf 88' lang='lat' dir='ltr'><strong>dicens:</strong></span> <span class='ocrx_word' id='word_1_143' title='bbox 852 2919 1018 3009; x_wconf 70' lang='grc' dir='ltr'>ιιιιιοιο,</span> <span class='ocrx_word' id='word_1_144' title='bbox 1044 2914 1180 2990; x_wconf 87' lang='lat' dir='ltr'><strong>scilicet</strong></span> <span class='ocrx_word' id='word_1_145' title='bbox 1206 2913 1358 2988; x_wconf 88' lang='lat' dir='ltr'><strong>damma</strong></span> <span class='ocrx_word' id='word_1_146' title='bbox 1383 2911 1475 3008; x_wconf 81' lang='lat' dir='ltr'><strong>ignis</strong></span> <span class='ocrx_word' id='word_1_147' title='bbox 1496 2913 1594 2986; x_wconf 86' lang='lat' dir='ltr'><strong>intra</strong></span> 
     </span>
     <span class='ocr_line' id='line_1_18' title="bbox 429 3023 1598 3127; baseline -0.003 -21"><span class='ocrx_word' id='word_1_148' title='bbox 429 3052 543 3126; x_wconf 90' lang='lat' dir='ltr'><strong>quem</strong></span> <span class='ocrx_word' id='word_1_149' title='bbox 574 3034 709 3109; x_wconf 84' lang='lat' dir='ltr'><strong>latebat</strong></span> <span class='ocrx_word' id='word_1_150' title='bbox 739 3033 864 3109; x_wconf 86' lang='lat' dir='ltr'><strong>anima</strong></span> <span class='ocrx_word' id='word_1_151' title='bbox 892 3033 1034 3111; x_wconf 85' lang='lat' dir='ltr'><strong>comitis</strong></span> <span class='ocrx_word' id='word_1_152' title='bbox 1048 3023 1098 3127; x_wconf 59' lang='grc' dir='ltr'>ι’),</span> <span class='ocrx_word' id='word_1_153' title='bbox 1129 3052 1240 3106; x_wconf 74' lang='lat' dir='ltr'><strong>mosee</strong></span> <span class='ocrx_word' id='word_1_154' title='bbox 1264 3034 1287 3105; x_wconf 83' lang='lat' dir='ltr'><strong>t</strong></span> <span class='ocrx_word' id='word_1_155' title='bbox 1299 3037 1403 3106; x_wconf 83' lang='lat' dir='ltr'><strong>oonto</strong></span> <span class='ocrx_word' id='word_1_156' title='bbox 1421 3037 1535 3122; x_wconf 79' lang='lat' dir='ltr'><strong>ponto</strong></span> <span class='ocrx_word' id='word_1_157' title='bbox 1558 3033 1598 3104; x_wconf 84' lang='lat' dir='ltr'><strong>dt</strong></span> 
     </span>
     <span class='ocr_line' id='line_1_19' title="bbox 429 3144 1594 3248; baseline -0.003 -22"><span class='ocrx_word' id='word_1_158' title='bbox 429 3172 499 3244; x_wconf 79' lang='lat' dir='ltr'><strong>qna</strong></span> <span class='ocrx_word' id='word_1_159' title='bbox 531 3155 569 3226; x_wconf 84' lang='lat' dir='ltr'><strong>di</strong></span> <span class='ocrx_word' id='word_1_160' title='bbox 600 3144 649 3245; x_wconf 78' lang='lat' dir='ltr'><strong>td,</strong></span> <span class='ocrx_word' id='word_1_161' title='bbox 684 3152 888 3228; x_wconf 88' lang='lat' dir='ltr'><strong>secundum</strong></span> <span class='ocrx_word' id='word_1_162' title='bbox 921 3152 1021 3246; x_wconf 89' lang='lat' dir='ltr'><strong>quod</strong></span> <span class='ocrx_word' id='word_1_163' title='bbox 1046 3152 1218 3228; x_wconf 84' lang='lat' dir='ltr'><strong>movebat</strong></span> <span class='ocrx_word' id='word_1_164' title='bbox 1241 3151 1404 3248; x_wconf 83' lang='lat' dir='ltr'><strong>lingnam</strong></span> <span class='ocrx_word' id='word_1_165' title='bbox 1430 3149 1594 3226; x_wconf 90' lang='lat' dir='ltr'><strong>interius.</strong></span> 
     </span>
     <span class='ocr_line' id='line_1_20' title="bbox 429 3270 1595 3365; baseline 0.001 -23"><span class='ocrx_word' id='word_1_166' title='bbox 429 3270 552 3344; x_wconf 85' lang='lat' dir='ltr'><strong>Donec</strong></span> <span class='ocrx_word' id='word_1_167' title='bbox 568 3271 667 3345; x_wconf 92' lang='lat' dir='ltr'><strong>enim</strong></span> <span class='ocrx_word' id='word_1_168' title='bbox 687 3271 821 3346; x_wconf 89' lang='lat' dir='ltr'><strong>Dantes</strong></span> <span class='ocrx_word' id='word_1_169' title='bbox 845 3290 1055 3346; x_wconf 90' lang='lat' dir='ltr'><strong>sermonem</strong></span> <span class='ocrx_word' id='word_1_170' title='bbox 1081 3291 1192 3345; x_wconf 88' lang='lat' dir='ltr'><strong>suum</strong></span> <span class='ocrx_word' id='word_1_171' title='bbox 1219 3271 1314 3365; x_wconf 85' lang='lat' dir='ltr'><strong>iecit,</strong></span> <span class='ocrx_word' id='word_1_172' title='bbox 1330 3272 1479 3345; x_wconf 85' lang='lat' dir='ltr'><strong>damma</strong></span> <span class='ocrx_word' id='word_1_173' title='bbox 1495 3287 1595 3344; x_wconf 88' lang='lat' dir='ltr'><strong>sem·</strong></span> 
     </span>
     <span class='ocr_line' id='line_1_21' title="bbox 428 3388 1595 3486; baseline 0.001 -24"><span class='ocrx_word' id='word_1_174' title='bbox 428 3388 679 3484; x_wconf 86' lang='lat' dir='ltr'><strong>pertendebat</strong></span> <span class='ocrx_word' id='word_1_175' title='bbox 696 3409 845 3464; x_wconf 88' lang='lat' dir='ltr'><strong>sursum</strong></span> <span class='ocrx_word' id='word_1_176' title='bbox 862 3396 1012 3486; x_wconf 84' lang='lat' dir='ltr'><strong>propter</strong></span> <span class='ocrx_word' id='word_1_177' title='bbox 1028 3391 1235 3466; x_wconf 84' lang='lat' dir='ltr'><strong>naturalem</strong></span> <span class='ocrx_word' id='word_1_178' title='bbox 1253 3397 1414 3485; x_wconf 91' lang='lat' dir='ltr'><strong>motum;</strong></span> <span class='ocrx_word' id='word_1_179' title='bbox 1427 3389 1491 3466; x_wconf 88' lang='lat' dir='ltr'><strong>sed</strong></span> <span class='ocrx_word' id='word_1_180' title='bbox 1508 3408 1595 3464; x_wconf 88' lang='lat' dir='ltr'><strong>oum</strong></span> 
     </span>
     <span class='ocr_line' id='line_1_22' title="bbox 428 3507 1599 3605; baseline 0.002 -25"><span class='ocrx_word' id='word_1_181' title='bbox 428 3507 537 3601; x_wconf 86' lang='lat' dir='ltr'><strong>coepit</strong></span> <span class='ocrx_word' id='word_1_182' title='bbox 561 3508 674 3601; x_wconf 88' lang='lat' dir='ltr'><strong>loqui,</strong></span> <span class='ocrx_word' id='word_1_183' title='bbox 694 3509 803 3605; x_wconf 85' lang='lat' dir='ltr'><strong>ooepit</strong></span> <span class='ocrx_word' id='word_1_184' title='bbox 820 3509 915 3586; x_wconf 82' lang='lat' dir='ltr'><strong>denti</strong></span> <span class='ocrx_word' id='word_1_185' title='bbox 931 3509 979 3584; x_wconf 90' lang='lat' dir='ltr'><strong>ad</strong></span> <span class='ocrx_word' id='word_1_186' title='bbox 995 3509 1225 3584; x_wconf 78' lang='lat' dir='ltr'><strong>formandam</strong></span> <span class='ocrx_word' id='word_1_187' title='bbox 1242 3511 1599 3605; x_wconf 67' lang='lat' dir='ltr'><strong>recompensacio</strong></span> 
     </span>
     <span class='ocr_line' id='line_1_23' title="bbox 427 3627 1596 3722; baseline 0.003 -21"><span class='ocrx_word' id='word_1_188' title='bbox 427 3627 508 3701; x_wconf 79' lang='lat' dir='ltr'><strong>eddo</strong></span> <span class='ocrx_word' id='word_1_189' title='bbox 531 3629 719 3720; x_wconf 69' lang='lat' dir='ltr'><strong>rnyotdnto</strong></span> <span class='ocrx_word' id='word_1_190' title='bbox 738 3631 919 3722; x_wconf 74' lang='grc' dir='ltr'>αιᾳιιαιιιο,</span> <span class='ocrx_word' id='word_1_191' title='bbox 937 3629 1027 3705; x_wconf 87' lang='lat' dir='ltr'><strong>idest</strong></span> <span class='ocrx_word' id='word_1_192' title='bbox 1045 3650 1132 3705; x_wconf 90' lang='lat' dir='ltr'><strong>oum</strong></span> <span class='ocrx_word' id='word_1_193' title='bbox 1153 3628 1339 3705; x_wconf 86' lang='lat' dir='ltr'><strong>modicum</strong></span> <span class='ocrx_word' id='word_1_194' title='bbox 1360 3648 1596 3704; x_wconf 88' lang='lat' dir='ltr'><strong>murmuras·</strong></span> 
     </span>
     <span class='ocr_line' id='line_1_24' title="bbox 427 3733 1597 3845; baseline 0.001 -25"><span class='ocrx_word' id='word_1_195' title='bbox 427 3752 493 3839; x_wconf 88' lang='lat' dir='ltr'><strong>set,</strong></span> <span class='ocrx_word' id='word_1_196' title='bbox 520 3748 560 3819; x_wconf 88' lang='lat' dir='ltr'><strong>ot</strong></span> <span class='ocrx_word' id='word_1_197' title='bbox 573 3749 678 3820; x_wconf 90' lang='lat' dir='ltr'><strong>modo</strong></span> <span class='ocrx_word' id='word_1_198' title='bbox 695 3768 773 3840; x_wconf 77' lang='grc' dir='ltr'>ιιιο,</span> <span class='ocrx_word' id='word_1_199' title='bbox 789 3749 882 3825; x_wconf 89' lang='lat' dir='ltr'><strong>idest</strong></span> <span class='ocrx_word' id='word_1_200' title='bbox 901 3749 995 3824; x_wconf 87' lang='lat' dir='ltr'><strong>sicut</strong></span> <span class='ocrx_word' id='word_1_201' title='bbox 1011 3733 1150 3824; x_wconf 82' lang='lat' dir='ltr'><strong>solebat</strong></span> <span class='ocrx_word' id='word_1_202' title='bbox 1165 3749 1301 3842; x_wconf 86' lang='lat' dir='ltr'><strong>iacere,</strong></span> <span class='ocrx_word' id='word_1_203' title='bbox 1318 3748 1465 3842; x_wconf 80' lang='lat' dir='ltr'><strong>quando</strong></span> <span class='ocrx_word' id='word_1_204' title='bbox 1478 3749 1597 3845; x_wconf 91' lang='lat' dir='ltr'><strong>primo</strong></span> 
     </span>
     <span class='ocr_line' id='line_1_25' title="bbox 429 3853 1599 3963; baseline 0.003 -27"><span class='ocrx_word' id='word_1_205' title='bbox 429 3853 593 3955; x_wconf 80' lang='lat' dir='ltr'><strong>voluit(‘)</strong></span> <span class='ocrx_word' id='word_1_206' title='bbox 626 3867 740 3961; x_wconf 82' lang='lat' dir='ltr'><strong>ioqui,</strong></span> <span class='ocrx_word' id='word_1_207' title='bbox 766 3873 807 3940; x_wconf 92' lang='lat' dir='ltr'><strong>ut</strong></span> <span class='ocrx_word' id='word_1_208' title='bbox 831 3867 948 3963; x_wconf 87' lang='lat' dir='ltr'><strong>patuit</strong></span> <span class='ocrx_word' id='word_1_209' title='bbox 973 3887 1085 3961; x_wconf 87' lang='lat' dir='ltr'><strong>supra</strong></span> <span class='ocrx_word' id='word_1_210' title='bbox 1110 3867 1147 3940; x_wconf 93' lang='lat' dir='ltr'><strong>in</strong></span> <span class='ocrx_word' id='word_1_211' title='bbox 1171 3866 1346 3961; x_wconf 87' lang='lat' dir='ltr'><strong>principio</strong></span> <span class='ocrx_word' id='word_1_212' title='bbox 1371 3867 1475 3941; x_wconf 89' lang='lat' dir='ltr'><strong>istius</strong></span> <span class='ocrx_word' id='word_1_213' title='bbox 1499 3867 1599 3961; x_wconf 86' lang='lat' dir='ltr'><strong>capi-</strong></span> 
     </span>
     <span class='ocr_line' id='line_1_26' title="bbox 427 3980 1600 4079; baseline 0.003 -25"><span class='ocrx_word' id='word_1_214' title='bbox 427 3981 514 4074; x_wconf 81' lang='lat' dir='ltr'><strong>tuli3</strong></span> <span class='ocrx_word' id='word_1_215' title='bbox 532 4001 551 4052; x_wconf 85' lang='lat' dir='ltr'><strong>e</strong></span> <span class='ocrx_word' id='word_1_216' title='bbox 564 3985 631 4076; x_wconf 81' lang='lat' dir='ltr'><strong>poi</strong></span> <span class='ocrx_word' id='word_1_217' title='bbox 649 3980 707 4056; x_wconf 78' lang='lat' dir='ltr'><strong>did</strong></span> <span class='ocrx_word' id='word_1_218' title='bbox 720 3987 814 4058; x_wconf 83' lang='lat' dir='ltr'><strong>ootol</strong></span> <span class='ocrx_word' id='word_1_219' title='bbox 823 3987 924 4077; x_wconf 80' lang='lat' dir='ltr'><strong>fioto,</strong></span> <span class='ocrx_word' id='word_1_220' title='bbox 941 3984 1032 4059; x_wconf 87' lang='lat' dir='ltr'><strong>idest</strong></span> <span class='ocrx_word' id='word_1_221' title='bbox 1057 3983 1168 4060; x_wconf 83' lang='lat' dir='ltr'><strong>talem</strong></span> <span class='ocrx_word' id='word_1_222' title='bbox 1185 4003 1315 4060; x_wconf 80' lang='lat' dir='ltr'><strong>vocem</strong></span> <span class='ocrx_word' id='word_1_223' title='bbox 1333 3985 1451 4079; x_wconf 86' lang='lat' dir='ltr'><strong>qualis</strong></span> <span class='ocrx_word' id='word_1_224' title='bbox 1475 3985 1600 4078; x_wconf 81' lang='lat' dir='ltr'><strong>sequi·</strong></span> 
     </span>
     <span class='ocr_line' id='line_1_27' title="bbox 430 4100 1602 4198; baseline 0.002 -24"><span class='ocrx_word' id='word_1_225' title='bbox 430 4105 502 4174; x_wconf 88' lang='lat' dir='ltr'><strong>tur.</strong></span> <span class='ocrx_word' id='word_1_226' title='bbox 529 4100 574 4174; x_wconf 84' lang='lat' dir='ltr'><strong>Et</strong></span> <span class='ocrx_word' id='word_1_227' title='bbox 589 4120 714 4176; x_wconf 86' lang='lat' dir='ltr'><strong>eomes</strong></span> <span class='ocrx_word' id='word_1_228' title='bbox 731 4101 895 4177; x_wconf 80' lang='lat' dir='ltr'><strong>tacturus</strong></span> <span class='ocrx_word' id='word_1_229' title='bbox 911 4122 1018 4176; x_wconf 92' lang='lat' dir='ltr'><strong>snam</strong></span> <span class='ocrx_word' id='word_1_230' title='bbox 1038 4100 1287 4178; x_wconf 89' lang='lat' dir='ltr'><strong>narrationem</strong></span> <span class='ocrx_word' id='word_1_231' title='bbox 1305 4104 1425 4198; x_wconf 92' lang='lat' dir='ltr'><strong>primo</strong></span> <span class='ocrx_word' id='word_1_232' title='bbox 1442 4103 1602 4178; x_wconf 82' lang='lat' dir='ltr'><strong>excludit</strong></span> 
     </span>
     <span class='ocr_line' id='line_1_28' title="bbox 432 4219 1602 4317; baseline 0.003 -25"><span class='ocrx_word' id='word_1_233' title='bbox 432 4239 551 4292; x_wconf 92' lang='lat' dir='ltr'><strong>unum</strong></span> <span class='ocrx_word' id='word_1_234' title='bbox 581 4220 682 4314; x_wconf 90' lang='lat' dir='ltr'><strong>quod</strong></span> <span class='ocrx_word' id='word_1_235' title='bbox 709 4221 853 4298; x_wconf 83' lang='lat' dir='ltr'><strong>dixerat</strong></span> <span class='ocrx_word' id='word_1_236' title='bbox 883 4227 993 4298; x_wconf 86' lang='lat' dir='ltr'><strong>autor</strong></span> <span class='ocrx_word' id='word_1_237' title='bbox 1022 4221 1069 4296; x_wconf 91' lang='lat' dir='ltr'><strong>de</strong></span> <span class='ocrx_word' id='word_1_238' title='bbox 1099 4219 1209 4316; x_wconf 80' lang='grc' dir='ltr'>ιιιιιιι,</span> <span class='ocrx_word' id='word_1_239' title='bbox 1234 4230 1271 4298; x_wconf 89' lang='lat' dir='ltr'><strong>et</strong></span> <span class='ocrx_word' id='word_1_240' title='bbox 1294 4223 1380 4298; x_wconf 88' lang='lat' dir='ltr'><strong>dioit</strong></span> <span class='ocrx_word' id='word_1_241' title='bbox 1404 4223 1504 4317; x_wconf 84' lang='lat' dir='ltr'><strong>quod</strong></span> <span class='ocrx_word' id='word_1_242' title='bbox 1529 4243 1602 4297; x_wconf 92' lang='lat' dir='ltr'><strong>non</strong></span> 
     </span>
     <span class='ocr_line' id='line_1_29' title="bbox 432 4337 1605 4440; baseline 0.003 -27"><span class='ocrx_word' id='word_1_243' title='bbox 432 4345 535 4435; x_wconf 84' lang='lat' dir='ltr'><strong>optat</strong></span> <span class='ocrx_word' id='word_1_244' title='bbox 559 4339 707 4414; x_wconf 88' lang='lat' dir='ltr'><strong>iamam.</strong></span> <span class='ocrx_word' id='word_1_245' title='bbox 734 4341 827 4416; x_wconf 88' lang='lat' dir='ltr'><strong>Dicit</strong></span> <span class='ocrx_word' id='word_1_246' title='bbox 846 4361 960 4440; x_wconf 80' lang='lat' dir='ltr'><strong>ergo:</strong></span> <span class='ocrx_word' id='word_1_247' title='bbox 980 4348 1100 4434; x_wconf 78' lang='lat' dir='ltr'><strong>questo</strong></span> <span class='ocrx_word' id='word_1_248' title='bbox 1112 4345 1262 4436; x_wconf 72' lang='lat' dir='ltr'><strong>stamma</strong></span> <span class='ocrx_word' id='word_1_249' title='bbox 1276 4347 1391 4418; x_wconf 78' lang='lat' dir='ltr'><strong>storin</strong></span> <span class='ocrx_word' id='word_1_250' title='bbox 1412 4363 1524 4417; x_wconf 76' lang='lat' dir='ltr'><strong>smne</strong></span> <span class='ocrx_word' id='word_1_251' title='bbox 1542 4337 1605 4436; x_wconf 75' lang='grc' dir='ltr'>ριίι</span> 
     </span>
    </p>
   </div>
   <div class='ocr_carea' id='block_1_3' title="bbox 431 4458 1607 4908">
    <p class='ocr_par' dir='ltr' id='par_1_4' title="bbox 431 4458 1607 4908">
     <span class='ocr_line' id='line_1_30' title="bbox 431 4458 1605 4558; baseline 0.006 -28"><span class='ocrx_word' id='word_1_252' title='bbox 431 4477 562 4551; x_wconf 75' lang='lat' dir='ltr'><strong>ocosse,</strong></span> <span class='ocrx_word' id='word_1_253' title='bbox 595 4458 686 4536; x_wconf 87' lang='lat' dir='ltr'><strong>idest</strong></span> <span class='ocrx_word' id='word_1_254' title='bbox 716 4461 842 4558; x_wconf 77' lang='lat' dir='ltr'><strong>lingua</strong></span> <span class='ocrx_word' id='word_1_255' title='bbox 867 4481 952 4538; x_wconf 87' lang='lat' dir='ltr'><strong>mea</strong></span> <span class='ocrx_word' id='word_1_256' title='bbox 976 4483 1050 4536; x_wconf 94' lang='lat' dir='ltr'><strong>non</strong></span> <span class='ocrx_word' id='word_1_257' title='bbox 1074 4461 1213 4538; x_wconf 87' lang='lat' dir='ltr'><strong>diceret</strong></span> <span class='ocrx_word' id='word_1_258' title='bbox 1244 4462 1352 4558; x_wconf 91' lang='lat' dir='ltr'><strong>plura</strong></span> <span class='ocrx_word' id='word_1_259' title='bbox 1377 4462 1502 4557; x_wconf 83' lang='lat' dir='ltr'><strong>verba,</strong></span> <span class='ocrx_word' id='word_1_260' title='bbox 1527 4465 1557 4538; x_wconf 78' lang='grc' dir='ltr'><strong>ι’</strong></span> <span class='ocrx_word' id='word_1_261' title='bbox 1569 4465 1605 4536; x_wconf 81' lang='grc' dir='ltr'>ιο</span> 
     </span>
     <span class='ocr_line' id='line_1_31' title="bbox 433 4579 1604 4676; baseline 0.007 -28"><span class='ocrx_word' id='word_1_262' title='bbox 433 4579 585 4650; x_wconf 70' lang='grc' dir='ltr'>ονειιειιι·</span> <span class='ocrx_word' id='word_1_263' title='bbox 599 4581 659 4652; x_wconf 80' lang='lat' dir='ltr'><strong>oie</strong></span> <span class='ocrx_word' id='word_1_264' title='bbox 678 4582 751 4653; x_wconf 86' lang='lat' dir='ltr'><strong>mia</strong></span> <span class='ocrx_word' id='word_1_265' title='bbox 766 4582 920 4673; x_wconf 72' lang='grc' dir='ltr'>ιιζιροιια</span> <span class='ocrx_word' id='word_1_266' title='bbox 932 4585 1040 4676; x_wconf 81' lang='lat' dir='ltr'><strong>fosse,</strong></span> <span class='ocrx_word' id='word_1_267' title='bbox 1057 4601 1083 4652; x_wconf 87' lang='lat' dir='ltr'><strong><em>a</em></strong></span> <span class='ocrx_word' id='word_1_268' title='bbox 1092 4601 1251 4674; x_wconf 81' lang='lat' dir='ltr'><strong>persona</strong></span> <span class='ocrx_word' id='word_1_269' title='bbox 1269 4585 1331 4656; x_wconf 81' lang='lat' dir='ltr'><strong>cde</strong></span> <span class='ocrx_word' id='word_1_270' title='bbox 1353 4585 1426 4658; x_wconf 87' lang='lat' dir='ltr'><strong>moi</strong></span> <span class='ocrx_word' id='word_1_271' title='bbox 1441 4589 1604 4656; x_wconf 81' lang='lat' dir='ltr'><strong>tornosse</strong></span> 
     </span>
     <span class='ocr_line' id='line_1_32' title="bbox 434 4695 1607 4797; baseline 0.007 -31"><span class='ocrx_word' id='word_1_272' title='bbox 434 4695 475 4766; x_wconf 84' lang='grc' dir='ltr'>αι</span> <span class='ocrx_word' id='word_1_273' title='bbox 496 4699 644 4770; x_wconf 80' lang='lat' dir='ltr'><strong>mondo:</strong></span> <span class='ocrx_word' id='word_1_274' title='bbox 669 4720 742 4774; x_wconf 91' lang='lat' dir='ltr'><strong>non</strong></span> <span class='ocrx_word' id='word_1_275' title='bbox 767 4698 913 4775; x_wconf 81' lang='lat' dir='ltr'><strong>videbat</strong></span> <span class='ocrx_word' id='word_1_276' title='bbox 936 4719 1061 4775; x_wconf 90' lang='lat' dir='ltr'><strong>eomes</strong></span> <span class='ocrx_word' id='word_1_277' title='bbox 1085 4706 1254 4776; x_wconf 87' lang='lat' dir='ltr'><strong>autorem</strong></span> <span class='ocrx_word' id='word_1_278' title='bbox 1281 4702 1420 4795; x_wconf 83' lang='lat' dir='ltr'><strong>vivum,</strong></span> <span class='ocrx_word' id='word_1_279' title='bbox 1442 4721 1510 4777; x_wconf 88' lang='lat' dir='ltr'><strong>nec</strong></span> <span class='ocrx_word' id='word_1_280' title='bbox 1534 4721 1607 4797; x_wconf 89' lang='lat' dir='ltr'><strong>pn·</strong></span> 
     </span>
     <span class='ocr_line' id='line_1_33' title="bbox 435 4811 1605 4908; baseline 0.008 -24"><span class='ocrx_word' id='word_1_281' title='bbox 435 4811 535 4886; x_wconf 84' lang='lat' dir='ltr'><strong>tabat</strong></span> <span class='ocrx_word' id='word_1_282' title='bbox 559 4814 678 4908; x_wconf 86' lang='lat' dir='ltr'><strong>ipsum</strong></span> <span class='ocrx_word' id='word_1_283' title='bbox 705 4837 945 4894; x_wconf 88' lang='lat' dir='ltr'><strong>reversurum</strong></span> <span class='ocrx_word' id='word_1_284' title='bbox 962 4819 1009 4893; x_wconf 89' lang='lat' dir='ltr'><strong>ad</strong></span> <span class='ocrx_word' id='word_1_285' title='bbox 1025 4818 1208 4893; x_wconf 91' lang='lat' dir='ltr'><strong>mundum</strong></span> <span class='ocrx_word' id='word_1_286' title='bbox 1227 4819 1440 4895; x_wconf 85' lang='lat' dir='ltr'><strong>viventium.</strong></span> <span class='ocrx_word' id='word_1_287' title='bbox 1459 4819 1530 4896; x_wconf 89' lang='lat' dir='ltr'><strong>Sed</strong></span> <span class='ocrx_word' id='word_1_288' title='bbox 1547 4819 1605 4894; x_wconf 89' lang='lat' dir='ltr'><strong>hic</strong></span> 
     </span>
    </p>
   </div>
   <div class='ocr_carea' id='block_1_4' title="bbox 494 4997 1505 5144">
    <p class='ocr_par' dir='ltr' id='par_1_5' title="bbox 494 4997 1505 5144">
     <span class='ocr_line' id='line_1_34' title="bbox 494 4997 1505 5068; baseline 0.007 -19"><span class='ocrx_word' id='word_1_289' title='bbox 494 4997 523 5059; x_wconf 74' lang='grc' dir='ltr'><strong>ι’)</strong></span> <span class='ocrx_word' id='word_1_290' title='bbox 539 4997 570 5049; x_wconf 80' lang='grc' dir='ltr'><strong>Ε.</strong></span> <span class='ocrx_word' id='word_1_291' title='bbox 585 4999 626 5058; x_wconf 75' lang='grc' dir='ltr'>ιιι,</span> <span class='ocrx_word' id='word_1_292' title='bbox 642 5013 750 5053; x_wconf 75' lang='lat' dir='ltr'><strong>urrann</strong></span> <span class='ocrx_word' id='word_1_293' title='bbox 765 5006 856 5068; x_wconf 72' lang='lat' dir='ltr'><strong>enuit.</strong></span> <span class='ocrx_word' id='word_1_294' title='bbox 1099 5002 1128 5067; x_wconf 78' lang='grc' dir='ltr'><strong>ι’)</strong></span> <span class='ocrx_word' id='word_1_295' title='bbox 1144 5005 1175 5055; x_wconf 82' lang='lat' dir='ltr'><strong>ii.</strong></span> <span class='ocrx_word' id='word_1_296' title='bbox 1191 5018 1207 5055; x_wconf 82' lang='lat' dir='ltr'><strong>a</strong></span> <span class='ocrx_word' id='word_1_297' title='bbox 1224 5008 1277 5064; x_wconf 79' lang='lat' dir='ltr'><strong>tte.</strong></span> <span class='ocrx_word' id='word_1_298' title='bbox 1294 5006 1505 5058; x_wconf 77' lang='lat' dir='ltr'><strong>conversationis.</strong></span> 
     </span>
     <span class='ocr_line' id='line_1_35' title="bbox 497 5073 1325 5144; baseline 0.008 -18"><span class='ocrx_word' id='word_1_299' title='bbox 497 5074 524 5136; x_wconf 76' lang='grc' dir='ltr'><strong>ι’)</strong></span> <span class='ocrx_word' id='word_1_300' title='bbox 540 5073 571 5125; x_wconf 81' lang='grc' dir='ltr'>ιι.</span> <span class='ocrx_word' id='word_1_301' title='bbox 586 5075 659 5128; x_wconf 78' lang='lat' dir='ltr'><strong>nom</strong></span> <span class='ocrx_word' id='word_1_302' title='bbox 675 5079 786 5130; x_wconf 80' lang='grc' dir='ltr'>ωιιιιιιι.</span> <span class='ocrx_word' id='word_1_303' title='bbox 1099 5080 1128 5144; x_wconf 76' lang='lat'><strong>(⁸)</strong></span> <span class='ocrx_word' id='word_1_304' title='bbox 1144 5083 1198 5142; x_wconf 81' lang='lat' dir='ltr'><strong>ite,</strong></span> <span class='ocrx_word' id='word_1_305' title='bbox 1213 5080 1325 5134; x_wconf 75' lang='lat' dir='ltr'><strong>nolebat.</strong></span> 
     </span>
    </p>
   </div>
   <div class='ocr_carea' id='block_1_5' title="bbox 0 0 2307 6836">
    <p class='ocr_par' dir='ltr' id='par_1_6' title="bbox 0 0 2307 6836">
     <span class='ocr_line' id='line_1_36' title="bbox 0 0 2307 6836; baseline 0 0"><span class='ocrx_word' id='word_1_306' title='bbox 0 0 2307 6836; x_wconf 95' lang='lat' dir='ltr'><strong> </strong></span> 
     </span>
    </p>
   </div>
  </div>
 </body>
</html>
