4550 6844
763 983 904 1041 cnnrns
928 981 1121 1042 trossulus
1144 981 1276 1042 nonus.
1537 973 1606 1046 lli

432 1121 581 1226 quidam
608 1127 783 1224 magister
815 1129 1018 1226 Capocbius
1049 1129 1277 1226 florentinus,
1312 1129 1369 1206 vir
1399 1130 1610 1228 ingeniosus

430 1242 478 1317 ad
502 1241 637 1340 omnia,
663 1247 827 1324 maxime
850 1249 897 1323 ad
924 1249 1276 1325 transnaturandum
1292 1243 1329 1343 (¹)
1356 1250 1524 1343 metalla,
1545 1251 1610 1345 qui

430 1363 480 1438 ob
505 1365 585 1458 boc,
602 1373 647 1439 ut
666 1367 816 1461 quidam
842 1368 981 1462 dieunt,
1001 1369 1070 1444 luit
1090 1371 1306 1445 combustus
1325 1369 1525 1446 incivitate
1542 1369 1609 1445 Se-

431 1487 692 1580 narum3ideo
717 1495 827 1563 autor
852 1490 948 1566 bene
972 1489 1035 1565 dat
1058 1491 1180 1586 ipsum
1206 1491 1243 1565 in
1269 1491 1409 1565 socium
1431 1489 1608 1586 magistro

428 1601 604 1680 Griiolino
629 1607 814 1703 praedicto,
840 1610 928 1703 quia
958 1609 1027 1685 tuit
1061 1610 1128 1684 sibi
1158 1630 1224 1706 par
1254 1611 1290 1684 in
1319 1615 1412 1704 arte,
1438 1609 1608 1704 inculpa

431 1733 469 1801 et
493 1745 614 1820 poena,
639 1730 774 1821 n'spose
798 1732 837 1803 ul
859 1732 950 1805 detto
979 1733 1059 1806 mio.
1095 1731 1148 1805 nd
1180 1730 1450 1827 intelligendam
1480 1708 1632 1805 autem*¹

430 1843 537 1920 istam
566 1849 839 1942 responsionem
868 1848 1079 1943 obscuram,
1096 1851 1180 1926 volo
1198 1856 1234 1926 te
1251 1849 1356 1944 scire,
1375 1849 1473 1944 quod
1497 1857 1608 1925 autor

432 1983 505 2038 non
518 1973 711 2044 contentus
724 1985 894 2044 narrasse
910 1989 1023 2044 uuam
1039 1970 1263 2067 singularem
1281 1969 1479 2044 vanitatem
1498 1969 1609 2043 unius

431 2086 604 2180 senensis,
630 2087 733 2184 lingit
757 2089 871 2162 alium
894 2109 939 2164 ex
961 2096 1172 2164 transverso
1189 2109 1344 2164 narrare
1359 2089 1470 2164 aliam
1489 2087 1607 2184 magis

432 2205 711 2282 memorabilem
737 2215 776 2283 et
799 2209 947 2305 dignam
966 2207 1132 2284 censoria
1155 2215 1253 2302 nota,
1271 2229 1355 2304 quae
1372 2207 1534 2284 breviter
1551 2213 1606 2283 ert

433 2325 524 2400 talis.
547 2325 588 2399 ln
614 2327 761 2403 civitais
778 2329 960 2403 senarum
979 2327 1075 2403 iacta
1092 2333 1147 2404 ert
1163 2347 1230 2424 per
1248 2335 1414 2424 tempora
1430 2327 1608 2402 moderna

431 2444 601 2538 qrraedam
628 2446 782 2522 societas
807 2447 1015 2543 vanissima,
1033 2469 1118 2542 quae
1140 2449 1254 2523 voluit
1279 2448 1451 2544 appellari
1478 2446 1607 2522 nobilis

431 2565 491 2639 vel
522 2565 680 2659 curialis,
705 2573 743 2641 et
774 2568 888 2662 vulgo
921 2577 1051 2644 vocata
1083 2573 1142 2642 est
1169 2565 1406 2663 Spendaritia.
1440 2567 1606 2640 Fuerunt

430 2681 541 2778 enim,
567 2692 611 2759 ut
634 2685 772 2778 audivi,
797 2686 991 2762 duodecim
1013 2687 1173 2783 juvenes
1189 2685 1353 2762 ditissimi
1368 2679 1419 2780 (¹),
1436 2687 1502 2781 qui
1517 2667 1607 2761 conf·

430 2811 614 2880 venerunt
638 2807 869 2882 concorditer
895 2808 990 2883 inter
1016 2827 1057 2882 se
1080 2808 1128 2883 de
1152 2808 1315 2884 iacienda
1341 2827 1383 2883 re
1398 2798 1448 2901 (³),
1468 2807 1515 2882 de
1532 2827 1607 2900 qua

430 2925 597 3000 omnium
624 2925 759 3022 linguae
786 2927 1030 3021 loquerentur
1055 2947 1143 3001 curn
1168 2928 1258 3021 risu,
1279 2927 1325 3003 ad
1351 2947 1512 3020 quorum
1539 2945 1607 2999 no-

431 3031 546 3120 titiam
574 3046 792 3141 perveniret.
819 3047 1028 3121 Posuerunt
1053 3065 1144 3142 ergo
1169 3044 1301 3142 singuli
1318 3046 1446 3120 decem
1469 3050 1505 3120 et
1521 3050 1606 3118 octo

431 3165 544 3240 millia
560 3167 799 3259 domnorum,
815 3165 983 3240 videlicet
1008 3165 1044 3239 in
1065 3185 1213 3240 summa
1237 3165 1395 3240 ducenta
1420 3162 1605 3240 sexdecim

432 3285 543 3360 millia
557 3284 594 3359 in
607 3287 823 3359 cumulum:
838 3291 876 3360 et
888 3291 1108 3379 statuerunt,
1118 3284 1217 3380 quod
1230 3285 1458 3379 quicumque
1469 3301 1607 3378 expeu-

430 3404 536 3481 deret
552 3403 689 3500 aliquid
707 3425 830 3501 parce,
844 3406 965 3481 statim
984 3413 1175 3500 tamquam
1189 3404 1460 3502 indignissimus
1479 3403 1606 3499 expel-

430 3525 570 3601 leretur
595 3527 642 3602 de
666 3533 741 3601 tam
763 3527 905 3602 liberali
925 3525 1100 3601 sodalitio.
1119 3526 1386 3602 conduxerunt
1406 3545 1496 3621 ergo
1512 3523 1608 3598 datis

429 3645 574 3743 legibus
586 3645 683 3721 inter
697 3668 738 3722 se
757 3647 1022 3742 pulcerrimum
1038 3647 1227 3742 palatium,
1238 3647 1273 3720 in
1287 3666 1362 3740 quo
1375 3646 1527 3741 quilibet
1539 3645 1606 3719 ba-

429 3763 539 3840 bebat
552 3787 740 3842 cameram
755 3767 1091 3842 commodissimam
1105 3786 1191 3840 cum
1206 3765 1481 3840 ordinatissimis
1493 3784 1604 3839 arne-

429 3883 501 3976 siis,
517 3885 664 3978 mensis,
680 3891 717 3959 et
736 3885 1035 3979 supellectilibus3
1055 3885 1118 3958 ubi
1139 3885 1405 3960 conveniebant
1421 3903 1550 3958 omnes
1563 3871 1601 3975 (⁸)

429 4003 545 4076 semel
577 4002 635 4077 vel
672 4001 727 4077 bis
768 4002 806 4078 in
839 4023 967 4078 mense
997 4003 1188 4098 epulantes
1218 4002 1404 4097 splendide
1430 4009 1467 4078 et
1498 3983 1604 4076 sumss

430 4127 578 4218 ptuose;
595 4133 643 4216 et,
663 4129 704 4196 ut
723 4133 873 4220 tangam
890 4123 1053 4198 breviter
1069 4121 1261 4218 generales
1276 4122 1540 4217 observantias,
1557 4123 1605 4198 ad

429 4262 542 4319 omne
570 4243 781 4318 convivium
807 4241 1039 4339 apponebant
1055 4233 1091 4335 (⁶)
1121 4241 1188 4316 tria
1219 4242 1406 4317 mensalia.
1433 4243 1601 4331 Quorum

430 4363 592 4459 primum
606 4364 848 4461 colligebatur
864 4383 930 4460 per
946 4363 1168 4458 domicellos,
1183 4362 1496 4440 discumbentibus
1513 4385 1604 4440 con·

431 4481 536 4558 viriis
552 4484 744 4576 nobilibus,
763 4489 801 4560 et
818 4505 904 4560 cum
924 4484 1095 4560 omnibus
1111 4484 1304 4580 jocalibus,
1320 4485 1427 4580 vasis,
1445 4484 1600 4561 cultellis

431 4603 555 4678 aureis
579 4610 618 4680 et
641 4605 835 4702 argenteis,
861 4601 1122 4700 projiciebatur
1139 4622 1206 4699 per
1227 4603 1437 4682 fenestram.
1459 4603 1600 4681 Secun-

430 4720 519 4796 dum
547 4726 721 4820 mensale,
756 4725 792 4800 in
824 4746 899 4820 quo
925 4715 1213 4816 comederanll⁸l
1237 4725 1374 4820 epulas,
1403 4744 1600 4801 conserva-

490 4933 519 4995 (¹)
535 4933 565 4984 ll.
582 4935 613 4985 ad
630 4939 866 4990 transmutandum.
1031 4937 1059 5000 (¹)
1076 4939 1108 4990 tt.
1124 4951 1217 4990 omnes
1234 4939 1361 4990 ditissimi.

490 5009 517 5072 (¹)
535 5009 564 5060 ll.
580 5011 613 5062 dc
629 5011 745 5064 ineundo
762 5026 828 5076 rem,
845 5016 878 5066 da
893 5029 953 5079 aar.
1034 5013 1062 5076 (⁸)
1078 5015 1109 5064 li.
1124 5029 1215 5065 omnes
1231 5017 1318 5075 timul,
1336 5016 1376 5066 bis
1389 5017 1416 5066 ln
1432 5029 1531 5066 mene.

491 5085 518 5148 (¹)
535 5087 565 5136 E.
581 5087 784 5152 apponebatur.
1034 5089 1063 5152 ε’)
1078 5089 1109 5141 tt
1125 5091 1296 5142 mutent
1310 5090 1410 5156 epulan,
1425 5091 1587 5143 nrrnbmur.
