4580 6844
701 935 773 1006 382
1098 943 1302 1004 commitit
1327 946 1482 1010 lmltiit

700 1111 810 1174 verso
838 1089 973 1186 populo
1007 1088 1156 1168 intravit
1186 1088 1234 1167 nd
1258 1091 1482 1170 concubinos
1515 1089 1629 1187 pntrls
1653 1108 1740 1185 qum
1769 1095 1878 1166 orout

701 1211 830 1288 deoern
847 1226 1018 1283 numero.
1035 1209 1138 1282 Tunc
1154 1208 1252 1290 enirn
1274 1211 1465 1289 eonsilium
1483 1209 1696 1306 tcutopud
1726 1215 1878 1305 rmuta-

701 1329 813 1406 bntur
830 1325 936 1423 quasi
953 1325 1144 1404 consilium
1161 1327 1239 1424 uei,
1252 1334 1290 1404 et
1305 1349 1392 1405 curn
1405 1335 1487 1406 erut
1499 1350 1586 1406 oum
1600 1328 1726 1423 Dauid,
1739 1335 1877 1406 otoum

703 1454 784 1525 erat
809 1468 895 1523 cum
921 1446 1089 1521 Adselon.
1107 1447 1245 1523 Deinde
1261 1447 1475 1546 lenitopnot
1491 1448 1581 1528 dixit
1600 1448 1759 1524 Absalon
1777 1449 1878 1543 quod

704 1566 1206 1664 volebeteligereduodeoirn
1221 1567 1879 1665 miliiovirorum,etpersequiliorid

702 1690 764 1764 illu
782 1694 900 1781 noete,
918 1692 955 1762 et
971 1685 1180 1782 opprimere
1197 1687 1300 1764 illurn
1321 1688 1515 1788 iutigatum
1531 1697 1570 1767 et
1586 1689 1809 1785 imparatum
1825 1683 1876 1783 (¹),

703 1820 747 1888 ut
771 1829 861 1904 rege
886 1826 1060 1902 percusso
1085 1806 1280 1884 reduoeret
1312 1809 1490 1906 populum
1519 1809 1721 1907 fugientem
1751 1808 1799 1886 ad
1823 1809 1877 1884 ei·

704 1929 867 2022 vitatem,
885 1926 1028 2004 dicens:
1047 1933 1086 1999 tu
1108 1948 1224 2007 unum
1242 1928 1430 2008 hominem
1448 1930 1595 2025 queris,
1613 1935 1652 2006 ot
1669 1929 1790 2008 omnis
1808 1949 1877 2025 po·

704 2049 813 2145 putus
837 2047 907 2124 erit
931 2046 968 2120 in
995 2066 1096 2142 poce.
1122 2047 1167 2122 Et
1190 2047 1326 2144 placuit
1350 2067 1476 2124 sermo
1490 2049 1702 2145 nchimpuet
1717 2048 1876 2126 lundon

705 2173 741 2242 et
766 2166 908 2243 cunctis
934 2165 1135 2242 maioribus
1160 2167 1291 2262 lsrael;
1318 2173 1443 2244 tomen
1467 2168 1625 2248 Absalon
1650 2168 1736 2244 ieoit
1752 2168 1877 2246 somni

705 2287 884 2380 constet
904 2285 1144 2382 interrogovit
1169 2285 1199 2360 si
1224 2286 1376 2366 deberet
1400 2287 1523 2366 lnoere
1551 2286 1756 2364 secundum
1785 2306 1876 2364 oon-

705 2407 825 2482 silium
855 2406 1079 2502 thitophel.
1111 2405 1222 2481 Chusi
1259 2412 1386 2482 eutem
1424 2407 1524 2502 dixit,
1555 2408 1655 2501 quod
1684 2429 1758 2486 non
1794 2415 1875 2484 erut

704 2526 844 2601 honum
870 2524 1061 2600 consilium
1087 2525 1310 2622 thitophel,
1336 2526 1397 2600 itin
1422 2525 1502 2604 vioe
1532 2525 1678 2604 dcem:
1708 2533 1750 2602 tu
1781 2527 1876 2604 nosti

707 2653 848 2741 putrem
885 2651 991 2719 tuum
1033 2645 1273 2720 fortissimum
1306 2645 1445 2720 trabere
1479 2644 1692 2723 fortissimos
1724 2645 1877 2722 betum-

706 2785 766 2842 res
780 2757 830 2862 (¹),
851 2765 915 2859 qui
940 2763 1067 2840 saeriet
1085 2765 1187 2840 velut
1213 2785 1300 2840 urso
1326 2765 1461 2860 ereptis
1485 2764 1553 2842 sibi
1577 2764 1675 2860 liiiis3
1701 2765 1764 2840 sod
1789 2787 1878 2842 oon·

705 2886 827 2960 silium
854 2891 999 2964 rectum
1025 2884 1113 2960 mihi
1139 2884 1284 2962 videtur
1309 2885 1421 2979 quod,
1446 2891 1671 2981 oonpregnto
1702 2886 1876 2962 universo

705 3005 829 3099 lsrael,
846 3012 887 3079 tu
904 3003 952 3078 sis
970 3003 1006 3078 in
1024 3003 1156 3098 medio,
1174 3009 1211 3080 et
1228 3003 1416 3080 irruemus
1439 3023 1551 3099 super
1570 3023 1658 3080 eum
1680 3023 1727 3079 ne
1744 3004 1876 3081 erodet

706 3146 820 3220 uuus;
838 3131 876 3200 et
893 3124 923 3198 si
935 3123 1050 3214 David
1067 3123 1259 3199 intraverit
1274 3124 1436 3218 ntiquom
1451 3123 1649 3218 civitatem,
1665 3123 1876 3200 obsidemus

704 3266 800 3340 eom,
827 3253 864 3321 et
890 3245 1081 3321 trahemus
1107 3243 1145 3319 in
1170 3243 1338 3338 durium,
1363 3243 1413 3319 itn
1438 3243 1538 3340 quod
1563 3263 1637 3319 non
1667 3243 1876 3321 invenietur

704 3367 866 3462 lupiiius;
891 3370 930 3440 et
944 3355 981 3457 (³)
1003 3384 1133 3440 omnes
1150 3363 1218 3440 viri
1243 3364 1356 3439 lsrael
1380 3364 1462 3459 pius
1486 3363 1733 3440 laudaverunt
1756 3364 1877 3440 oonsi-

704 3489 795 3564 lium
826 3485 948 3580 Chusi,
974 3506 1060 3561 oum
1088 3491 1211 3560 umen
1229 3485 1421 3562 consilium
1446 3484 1658 3580 Achitopltel
1683 3490 1779 3560 esset
1803 3484 1877 3558 uti·

705 3607 793 3686 lius:
813 3612 851 3682 et
869 3607 948 3680 haeo
968 3603 1092 3679 omnia
1110 3603 1221 3678 Cnosi
1237 3604 1323 3679 iecit
1336 3603 1534 3699 significari
1550 3601 1675 3696 uavtd,
1693 3609 1732 3678 et
1754 3602 1823 3678 diei
1837 3592 1875 3695 (⁴)

706 3726 806 3822 quod
831 3729 939 3800 noete
963 3722 1023 3798 ille
1043 3742 1117 3798 non
1133 3727 1249 3798 staret
1268 3722 1306 3797 in
1325 3723 1464 3818 campis
1480 3722 1629 3817 deserti,
1645 3722 1709 3798 sed
1725 3721 1876 3798 recede·

707 3854 764 3924 ret
785 3847 882 3922 ultro
900 3843 1054 3918 durium
1076 3841 1274 3918 iordanem
1289 3834 1339 3935 (⁵).
1366 3842 1481 3918 David
1506 3861 1598 3940 ergo
1622 3841 1774 3918 transito
1793 3842 1878 3918 lor·

705 3966 802 4042 done
826 3963 926 4040 venit
950 3963 988 4038 in
1013 3969 1146 4056 costra,
1163 3961 1339 4056 optimam
1354 3953 1392 4054 (⁶)
1418 3967 1456 4037 et
1481 3961 1764 4037 munitissimum
1788 3961 1878 4036 civi·

607 4101 611 4112 '
706 4094 832 4167 utem.
857 4081 1070 4178 lenitopuet
1098 4087 1226 4157 autom
1252 4081 1378 4159 videns
1391 4067 1429 4172 (⁷)
1455 4079 1555 4174 quod
1580 4080 1771 4156 eonsilium
1797 4081 1878 4156 eius

706 4214 788 4286 erat
811 4211 976 4302 spretum
1002 4201 1164 4278 aseendit
1187 4200 1333 4276 usinum
1358 4219 1469 4276 suurn
1495 4206 1534 4276 et
1557 4199 1622 4275 ivit
1638 4199 1675 4274 ln
1691 4199 1876 4274 civitatem

704 4347 833 4419 suom3
855 4329 893 4400 et
917 4323 955 4398 in
980 4320 1091 4398 domo
1116 4339 1184 4395 sus
1211 4339 1258 4396 er
1283 4320 1338 4394 iro
1364 4325 1402 4394 et
1430 4319 1679 4416 indignatione
1694 4319 1878 4398 amarico·

706 4456 766 4522 tus
790 4443 977 4540 suspendit
1002 4461 1043 4518 se
1067 4442 1213 4535 laqueo,
1230 4440 1326 4518 sicut
1345 4439 1498 4536 dignum
1520 4446 1610 4516 erut
1629 4439 1786 4518 Abseiou
1805 4461 1878 4518 uu-

706 4573 783 4642 tem
800 4584 887 4638 oum
904 4560 1067 4636 marimo
1087 4559 1254 4634 exercitu
1277 4559 1427 4634 vonmns
1447 4566 1575 4638 oontro
1595 4567 1739 4654 putrem
1757 4566 1877 4636 trans-

771 4832 1047 4898 ‹tunnpmrm
1298 4833 1373 4895 mr.
1390 4832 1516 4885 utinum
1531 4833 1673 4898 pruni.

770 4908 797 4972 β)
813 4909 845 4962 B.
861 4923 876 4960 o
893 4913 948 4968 tto,
963 4907 1080 4961 Aterion
1095 4913 1123 4959 et
1137 4921 1237 4961 omnm.
1298 4909 1325 4970 ι’)
1342 4909 1373 4960 Ε.
1388 4914 1416 4960 et
1431 4909 1502 4960 fluit.
1596 4973 1603 4988 Ι

771 4987 799 5046 i'i
814 4985 845 5040 B·
860 4985 1014 5040 lordum·
1300 4984 1327 5047 (⁸)
1343 4985 1374 5036 li.
1390 4987 1488 5050 optimu
1504 4990 1532 5036 ot
1546 4983 1719 5040 militm
1735 4982 1852 5036 oiu'tttis.

772 5061 801 5122 i'i
818 5067 873 5125 tto,
889 5063 978 5118 ritu
993 5062 1131 5116 ennodium
1147 5074 1223 5112 snum
1240 5067 1365 5126 spretum.
