4534 6842
715 931 764 1000 98
1113 943 1317 1000 coumrrmr
1340 945 1495 1000 mamm

714 1085 844 1182 aliquis
868 1087 1007 1164 babens
1031 1087 1195 1163 officium
1215 1087 1295 1185 jam
1315 1088 1549 1183 antiquatum
1567 1087 1795 1182 perforatum
1813 1087 1883 1164 lin-

712 1207 796 1303 guis
820 1216 858 1284 et
881 1206 1015 1282 insidiis
1041 1207 1257 1303 multorum,
1282 1208 1319 1282 io
1352 1227 1513 1302 quorum
1545 1207 1716 1302 scopulos
1748 1207 1881 1302 incidit,

715 1325 850 1402 soilioet
864 1318 900 1419 (⁴)
928 1325 1111 1422 invidiam,
1136 1326 1412 1420 detractionem,
1438 1333 1594 1404 conatur
1626 1327 1771 1422 replere
1801 1327 1881 1402 looa

716 1446 802 1522 laesa
826 1467 912 1522 oum
938 1451 1080 1550 stuppa,
1105 1445 1197 1523 illest
1220 1467 1307 1522 oum
1332 1446 1474 1542 divitiis,
1499 1467 1586 1522 oum
1611 1446 1726 1542 donis,
1750 1457 1789 1524 et
1804 1446 1884 1522 aliis

717 1566 841 1642 multis
865 1566 982 1642 modis
1006 1567 1133 1642 nititur
1156 1587 1198 1643 se
1223 1574 1349 1665 tegere
1373 1574 1411 1642 et
1435 1567 1595 1662 palliare,
1622 1587 1669 1643 ue
1685 1573 1883 1662 tempesias

715 1687 840 1782 aliqua
864 1687 924 1763 ria
947 1687 1058 1763 intret
1082 1686 1204 1762 navim
1222 1707 1342 1782 suam,
1359 1692 1397 1762 et
1415 1687 1524 1762 iacnt
1540 1686 1774 1783 naufragium
1794 1706 1882 1761 cum

715 1806 912 1882 amissione
944 1806 1027 1882 aeris
1052 1811 1089 1882 et
1112 1827 1288 1902 persona„
1314 1797 1411 1900 litl')
1436 1805 1641 1881 benedicit
1665 1805 1883 1899 quodalius

717 1926 915 2021 repercutit
927 1947 950 2000 a
963 1947 1085 2021 prora,
1098 1926 1192 2002 alius
1207 1947 1231 2002 a
1247 1927 1368 2022 puppi,
1382 1925 1486 2020 idest,
1501 1925 1601 2021 quod
1615 1925 1746 2019 aliquis
1758 1924 1883 2020 prori-

714 2047 777 2124 det
789 2048 946 2123 lortuuae
957 2067 1035 2122 suae
1047 2045 1095 2122 ab
1106 2046 1281 2122 auteriori
1298 2053 1336 2121 et
1352 2046 1556 2142 posteriori,
1574 2046 1662 2141 quia
1674 2037 1711 2140 (³)
1734 2055 1882 2141 reparat

712 2189 753 2245 se
769 2175 807 2244 et
825 2174 946 2244 armat
969 2189 1037 2264 por
1062 2173 1207 2243 rectum
1233 2174 1270 2242 et
1295 2167 1531 2262 indirectum,
1557 2187 1654 2242 uuus
1679 2167 1789 2242 intrat
1814 2187 1881 2262 por

713 2294 857 2384 portam
881 2287 1117 2382 anteriorem,
1138 2287 1231 2362 alius
1250 2307 1317 2383 per
1337 2286 1595 2382 posteriorem3
1610 2285 1704 2362 alius
1719 2285 1804 2361 iacit
1820 2307 1881 2362 re·

651 2509 652 2512 ,
712 2428 805 2503 mos,
830 2406 917 2502 quia
943 2407 1023 2482 vult
1047 2406 1223 2502 navigare
1241 2407 1350 2502 juxta
1375 2407 1471 2502 litus,
1490 2413 1530 2480 ut
1547 2407 1592 2482 sit
1611 2406 1737 2501 tutior,
1754 2412 1792 2482 et
1808 2427 1881 2482 uou

711 2527 825 2602 audet
849 2527 988 2602 iuuare
1012 2527 1235 2622 protundum
1260 2528 1446 2624 pelagum,
1472 2527 1560 2622 ouria
1592 2546 1667 2602 uon
1691 2533 1798 2602 curat
1822 2527 1883 2603 vel

704 2637 789 2722 'nou
818 2652 936 2742 potest
966 2646 1105 2722 intrare
1129 2646 1320 2722 eonsilium
1346 2653 1549 2742 secretum5
1574 2654 1612 2722 et
1635 2647 1766 2742 aliqtris
1792 2647 1882 2722 texit

715 2767 832 2862 iones,
857 2765 949 2842 idest
972 2765 1116 2842 ordinat
1140 2766 1288 2842 fraudes
1312 2773 1349 2842 et
1373 2767 1536 2862 laqueos,
1562 2767 1696 2861 quibus
1720 2767 1820 2842 iallat
1844 2772 1882 2840 ot

714 2887 835 2982 oapiat
863 2886 965 2981 alios,
998 2886 1093 2962 sicut
1123 2885 1209 2962 alibi
1240 2885 1409 2980 habuisti,
1443 2887 1531 2981 quia
1561 2885 1674 2961 oorda
1707 2885 1884 2982 siguificat

715 3005 894 3101 fraudem,
919 3026 1006 3081 oum
1031 3026 1107 3100 qua
1139 3004 1310 3102 Virgilius
1342 3005 1437 3100 oepit
1468 3005 1664 3082 Gariorffl
1689 3026 1818 3100 supra,
1844 3012 1884 3081 et
1944 3043 1945 3047 ¹

545 3223 551 3234 Ι
713 3126 844 3222 aliqrris
868 3126 953 3202 iacit
976 3125 1120 3204 diversa
1145 3127 1239 3221 vela,
1264 3133 1301 3202 et
1325 3126 1534 3220 benedicit,
1550 3125 1784 3222 quiaaliquis
1804 3125 1882 3200 vult

714 3247 889 3344 navigare
905 3247 943 3321 in
960 3247 1035 3322 alto
1054 3247 1092 3321 iu
1108 3247 1223 3342 ouria,
1241 3246 1323 3322 ideo
1340 3245 1454 3324 tendit
1468 3267 1619 3321 sursum
1637 3246 1775 3340 velum,
1793 3245 1883 3322 tuost

712 3365 901 3463 ingenium
934 3387 1045 3442 suum
1070 3366 1118 3441 ad
1142 3366 1360 3462 capiendum
1387 3367 1546 3441 multum
1571 3366 1619 3442 de
1643 3373 1766 3461 vento,
1791 3367 1882 3443 idest

712 3487 759 3562 de
787 3487 915 3563 iavme
939 3488 1074 3583 populi,
1100 3487 1159 3562 rol
1184 3487 1321 3563 domini
1345 3487 1425 3582 sui3
1449 3486 1515 3582 qui
1539 3487 1644 3562 lavor
1674 3487 1744 3563 rite
1758 3475 1795 3580 (ἢ
1828 3494 1884 3562 est

713 3605 838 3682 similis
856 3613 977 3702 rento,
1003 3606 1091 3701 quia
1107 3627 1207 3682 nuno
1223 3607 1361 3682 extollit
1377 3607 1565 3682 bominem
1583 3607 1622 3682 iu
1637 3608 1767 3703 altum,
1785 3627 1884 3684 uuuo

713 3725 834 3802 doiioit
858 3726 896 3801 iu
919 3725 1162 3822 protundum3
1188 3731 1225 3802 et
1249 3725 1380 3821 abquis
1398 3727 1477 3802 vult
1502 3727 1679 3824 navigare
1698 3747 1785 3802 oum
1803 3747 1883 3803 me-

713 3846 828 3922 diocri
853 3848 946 3942 reio,
972 3846 1103 3942 aliquis
1126 3853 1360 3924 contentatur
1379 3847 1544 3944 minimo,
1565 3854 1603 3924 et
1619 3848 1751 3943 aliquis
1767 3850 1885 3924 utitur

713 3967 884 4042 omnibus
908 3965 1008 4043 velis.
1034 3967 1074 4042 lu
1093 3974 1267 4043 arseuatu
1287 3967 1399 4042 etiam
1419 3967 1512 4042 liunt
1527 3967 1600 4044 alia
1616 3969 1733 4043 multa
1758 3989 1884 4064 opera,

713 4105 799 4180 qum
828 4093 939 4162 autor
971 4087 1213 4183 praetermittit
1241 4087 1360 4184 gratia
1386 4088 1584 4183 brevitatis,
1609 4089 1716 4183 noui,
1741 4089 1830 4184 quia
1844 4083 1883 4183 (³)

712 4213 800 4284 sunt
822 4207 872 4284 ibi
896 4209 1002 4284 multi
1028 4209 1121 4284 labri
1144 4207 1208 4304 qui
1228 4209 1403 4284 continuo
1427 4209 1567 4284 iaciunt
1591 4210 1707 4284 multa
1721 4199 1760 4303 (⁶)
1776 4230 1883 4286 arma

713 4336 750 4404 ot
774 4334 1016 4423 armamenta,
1034 4335 1072 4404 ot
1094 4329 1146 4404 ita
1171 4327 1207 4402 iu
1231 4328 1346 4424 ouria,
1365 4329 1452 4424 quia
1477 4336 1636 4409 traotaut
1659 4330 1800 4406 fabrilia
1824 4331 1882 4407 ia·

713 4448 789 4524 bri:
803 4453 840 4523 et
856 4448 925 4523 ista
941 4448 1133 4523 sufficiant
1143 4452 1250 4522 -lo
1268 4448 1335 4522 llio
1350 4455 1461 4526 autor
1477 4449 1656 4546 descripta
1672 4450 1765 4546 pios,
1782 4471 1882 4526 uuuo

713 4568 829 4666 tangit
843 4569 1001 4648 sormam
1017 4575 1056 4644 et
1075 4569 1288 4663 qualitatem
1309 4569 1421 4665 ipsius
1440 4569 1546 4667 pioim
1563 4577 1602 4647 et
1617 4571 1702 4648 (licit
1717 4573 1882 4650 brevitor

713 4689 813 4784 quod
841 4688 929 4764 nibil
957 4688 1103 4766 videbat
1130 4688 1167 4764 iu
1196 4688 1269 4783 illa,
1303 4689 1369 4764 uisi
1400 4689 1518 4766 bullas
1543 4712 1628 4786 qum
1652 4691 1880 4788 pullulabant

774 4917 801 4981 (¹)
816 4917 841 4969 S.
857 4931 873 4970 o
889 4918 919 4969 tt
935 4918 1033 4971 scilieet
1049 4921 1076 4970 iu
1091 4919 1222 4980 inridlm,
1239 4921 1275 4970 lu.
1441 4916 1471 4982 (ἲ)
1486 4925 1540 4980 111,
1557 4920 1621 4972 itae
1636 4920 1704 4971 beno
1717 4919 1788 4971 trata

774 4993 801 5057 ι’)
818 4994 848 5045 u
864 4995 924 5059 quia
939 4997 1037 5048 smitam
1053 5000 1224 5062 temperatae
1238 5000 1265 5048 at
1281 4999 1375 5047 mmm.
1443 4998 1474 5061 (¹)
1489 5001 1544 5058 111,
1560 5002 1634 5048 recto
1647 5001 1689 5047 ost
1702 4995 1803 5048 sinilia.

773 5071 1076 5137 t'tuqurumrrn
1440 5071 1879 5138 (pumannum
