4606 6840
750 975 888 1032 caurus
912 976 1103 1032 mensurnus
1127 959 1304 1043 numius.
1528 963 1599 1030 207

433 1137 531 1215 aqua
551 1119 707 1196 ravenn
732 1119 853 1216 ipsius.
872 1099 1214 1196 undeuuanda
1234 1119 1324 1193 um
1346 1124 1483 1214 narrar,
1501 1116 1599 1214 quon

433 1239 491 1314 bic
516 1257 666 1334 serpens
691 1239 888 1314 momordit
905 1240 1104 1333 quemdam
1123 1240 1276 1316 militem
1293 1239 1438 1314 Catonis
1454 1239 1500 1314 de
1517 1257 1600 1312 sau-

431 1359 545 1455 guine
570 1365 674 1434 tusco
699 1359 763 1453 qui
788 1365 869 1434 erat
893 1359 1041 1456 signiter
1066 1359 1157 1453 eius,
1184 1365 1222 1434 et
1246 1359 1448 1435 vocabatur
1473 1357 1600 1452 Aulus,

432 1479 496 1574 qui
521 1479 728 1555 calcaverat
752 1487 960 1576 serpentem
990 1480 1094 1574 pede,
1120 1486 1157 1555 et
1188 1480 1309 1553 statim
1339 1499 1515 1554 accensus
1546 1487 1601 1554 ert

432 1603 529 1672 totus
554 1597 699 1693 ardore,
718 1598 768 1674 ita
794 1599 892 1695 quod
918 1597 1037 1672 omnis
1059 1593 1291 1673 humor'cito
1317 1597 1502 1672 exiccatus
1527 1603 1599 1691 est;

430 1726 468 1794 et
481 1719 557 1815 ipsc
569 1718 696 1794 surore
712 1719 845 1794 ductus
857 1717 967 1813 coepit
979 1719 1188 1794 discurrere
1200 1738 1268 1813 per
1279 1697 1444 1813 arenam,
1457 1716 1599 1792 abiecto

431 1837 575 1932 vexillo,
601 1857 772 1931 quaerens
796 1859 934 1932 aquam
959 1837 1007 1911 ad
1032 1837 1228 1912 sedandam
1256 1836 1351 1912 sitim
1377 1836 1599 1932 inextingui-

429 1957 565 2053 bilem;
596 1965 634 2034 et
665 1977 862 2034 recurrens
893 1956 940 2032 ad
976 1964 1094 2053 syrtes
1125 1957 1272 2032 bibebat
1305 1975 1441 2050 aquam
1472 1954 1597 2048 maris,

429 2078 599 2171 quamvis
624 2084 719 2154 esset
743 2079 837 2154 salsa
864 2083 902 2152 et
925 2097 1065 2170 amara,
1083 2077 1147 2152 sed
1170 2099 1244 2151 non
1269 2077 1411 2151 suffecit
1427 2075 1506 2170 sibi,
1524 2075 1599 2149 imo

428 2204 503 2273 tota
528 2219 627 2291 aqua
653 2198 780 2273 mundi
801 2217 875 2272 non
895 2196 1115 2290 suffecisset3
1133 2196 1231 2272 unde
1251 2195 1366 2271 dulus
1387 2196 1515 2270 ultimo
1535 2217 1599 2269 su-

426 2317 553 2392 stinuit
577 2319 722 2414 aperire
747 2317 815 2392 sibi
841 2338 954 2394 venas
979 2337 1066 2391 cum
1091 2317 1211 2413 gladio
1237 2323 1274 2390 et
1298 2317 1425 2392 bibere
1449 2314 1597 2412 sangui-

427 2457 512 2513 nem
538 2438 742 2535 proprium.
768 2437 869 2512 Alius
895 2457 1045 2533 serpens
1073 2444 1127 2512 cst
1161 2437 1198 2511 in
1222 2437 1318 2512 dicta
1342 2457 1456 2512 arena
1481 2435 1597 2510 dictus

427 2557 615 2632 Emorrois
639 2557 687 2631 ab
711 2577 823 2648 error,
840 2558 939 2652 quod
960 2563 1014 2632 est
1030 2557 1190 2652 sanguis,
1208 2563 1245 2632 et
1262 2559 1337 2630 roir
1357 2556 1492 2650 fluxus,
1510 2554 1594 2649 quia

429 2697 575 2752 morsus
606 2677 686 2751 eius
717 2677 816 2751 laxat
845 2677 983 2752 crificia
1015 2677 1140 2752 omnia
1174 2696 1366 2771 venarum,
1391 2683 1429 2751 et
1458 2673 1597 2751 excutit

429 2796 602 2891 quicquid
627 2795 814 2892 sanguinis
839 2803 895 2871 est
919 2797 955 2870 in
981 2816 1137 2891 corpore
1154 2797 1284 2892 morsi;
1304 2797 1413 2872 habet
1430 2796 1593 2872 colorem

428 2915 629 3010 cinereum,
656 2923 693 2991 et
717 2923 773 2992 est
797 2916 915 2990 maior
939 2937 1015 2990 uno
1041 2916 1175 2991 cubito.
1196 2917 1296 2992 Unde
1314 2920 1484 2991 Lucanus
1509 2937 1596 2991 nar-

428 3036 544 3112 ratde
561 3037 629 3112 isto
646 3046 816 3132 serpente
832 3036 931 3129 quod
948 3035 1069 3110 iniecit
1084 3030 1120 3129 (¹)
1137 3037 1264 3111 dentes
1281 3035 1317 3109 in
1336 3055 1531 3110 romanum
1542 3026 1593 3129 (¹),

426 3155 487 3230 cui
504 3175 639 3230 nomen
656 3161 737 3230 erat
749 3154 885 3250 Tullus,
900 3155 963 3252 qui
980 3161 1059 3230 erat
1070 3155 1219 3251 juvenis
1236 3155 1493 3252 magnanimus
1510 3153 1593 3228 imi-

425 3281 521 3350 tator
546 3273 702 3369 Catonb,
728 3281 766 3350 ct
790 3275 911 3350 subito
936 3275 1078 3352 effluxit
1102 3280 1201 3350 totus
1217 3276 1364 3372 sanguis
1384 3296 1449 3370 per
1469 3275 1592 3350 omnia

425 3394 603 3470 foramina
621 3395 795 3490 corporis,
812 3394 907 3470 sicut
923 3416 989 3491 per
1005 3416 1125 3490 nares,
1142 3416 1265 3491 aures,
1283 3397 1409 3472 oculos
1427 3402 1465 3471 et
1484 3415 1593 3490 poros

422 3515 597 3610 corporis,
616 3515 665 3590 ita
691 3513 789 3610 quod
815 3522 896 3590 erat
913 3522 1012 3591 totus
1030 3516 1265 3612 sanguineus.
1284 3516 1385 3591 Alius
1401 3515 1507 3590 miles
1523 3515 1593 3590 Ca·

422 3634 518 3710 tonis
543 3635 692 3712 nominc
716 3637 838 3711 Lenus
851 3627 889 3728 (³)
915 3656 1111 3732 percussus
1135 3637 1184 3711 ab
1208 3636 1331 3732 aspide
1355 3637 1476 3712 subito
1497 3637 1594 3731 sopi-

424 3760 482 3828 tus
513 3762 684 3829 mortuus
716 3761 772 3830 est
805 3754 935 3830 leniter
966 3755 1181 3831 dormiendo
1212 3756 1291 3832 sine
1322 3757 1459 3832 dolore.
1492 3757 1592 3832 Alius

424 3873 528 3948 miles
565 3881 716 3950 vocatus
736 3875 885 3950 .Mirrus
923 3875 1156 3952 transfixerat
1191 3877 1412 3971 basiliscum,
1444 3876 1509 3973 qui
1538 3877 1591 3950 di-

423 3993 520 4070 citur
544 3994 707 4090 Regulus
732 4002 957 4091 serpentum,
986 3994 1050 4071 sed
1075 4015 1260 4070 venenum
1290 3996 1499 4073 discurrens
1525 4018 1590 4073 ve-

422 4112 551 4188 lociter
574 4134 641 4208 per
667 4115 820 4208 hastam,
838 4112 959 4189 iniecit
982 4133 1135 4188 manum
1152 4114 1251 4208 eius,
1269 4114 1329 4190 iiie
1353 4123 1486 4210 praesto
1502 4135 1589 4192 cnm

421 4235 542 4333 grado
576 4235 780 4330 amputavit
810 4235 877 4309 sibi
910 4255 1074 4328 manum,
1100 4241 1138 4309 et
1167 4235 1219 4310 sic
1233 4223 1270 4327 (⁴)
1302 4240 1407 4330 parte
1436 4235 1591 4313 redemit

422 4361 540 4430 totum
565 4375 710 4451 corpus.
736 4355 849 4432 Erant
873 4361 912 4429 et
935 4353 1016 4428 aliae
1041 4360 1161 4449 pestes
1190 4361 1403 4449 serpentum
1427 4353 1465 4427 in
1495 4353 1588 4430 dicta

418 4495 545 4571 arena,
576 4475 623 4552 de
653 4475 787 4571 quihus
815 4475 959 4552 dicetur
993 4475 1031 4549 in
1064 4475 1232 4570 sequenti
1262 4473 1431 4570 capitulo.
1464 4473 1590 4550 Milites

419 4615 510 4692 ergo
535 4595 679 4672 Catonis
704 4594 809 4691 positi
835 4595 930 4672 inter
955 4599 1009 4669 tot
1032 4601 1070 4672 et
1095 4601 1213 4670 tantas
1237 4599 1357 4690 pestes
1382 4593 1475 4670 dure
1500 4612 1590 4668 oon-

420 4717 683 4810 querebantur,
708 4715 881 4811 dicentes,
907 4713 1005 4809 quod
1032 4736 1105 4790 non
1130 4716 1314 4790 habebant
1338 4715 1516 4810 conqueri
1543 4715 1590 4792 de

420 4842 553 4911 natura
578 4836 638 4911 rei
662 4835 794 4930 Africa,
810 4835 875 4910 sed
899 4835 946 4911 de
971 4855 1103 4910 eorum
1124 4835 1291 4911 fatuitate
1307 4845 1345 4912 et
1364 4835 1589 4930 temeritate3

482 5024 509 5086 (¹)
525 5023 556 5074 Β.
573 5023 660 5074 iniecit
675 5035 702 5074 sa
718 5035 779 5074 uem
794 5023 914 5076 unitim
929 5025 955 5074 in
971 5037 1119 5074 romanum.

482 5099 551 5162 (¹18.
568 5097 841 5152 militaremus.
915 5099 1104 5162 (Ultimis
1178 5097 1558 5164 (bnatdcncchperte.
