4566 6844
716 949 787 1015 eol
1112 952 1316 1008 commum
1339 951 1492 1007 rnnnnnr

713 1102 893 1199 compulsi
924 1099 1099 1177 recedere
1130 1121 1154 1176 a
1184 1099 1357 1194 Pistori03
1389 1105 1427 1174 et
1460 1097 1635 1174 continuo
1667 1095 1817 1172 iverunt
1845 1096 1884 1171 iu

715 1223 855 1299 Vallem
879 1219 968 1295 Arni
992 1220 1039 1296 ad
1063 1219 1202 1295 dictum
1227 1219 1420 1294 castellum
1444 1217 1491 1293 de
1516 1237 1644 1293 mense
1660 1217 1766 1314 junii,
1784 1217 1884 1312 quod

716 1341 939 1418 obsederunt
964 1339 1090 1436 viginti
1115 1345 1199 1414 octo
1218 1338 1357 1414 diebus.
1376 1338 1420 1412 Et
1436 1338 1474 1411 iu
1490 1337 1563 1412 line
1579 1335 1783 1433 proditione
1799 1337 1886 1412 dicti

715 1461 860 1556 Carini,
885 1459 1050 1555 corrupti
1074 1458 1229 1555 pecunia
1251 1458 1544 1553 florentinorum,
1561 1457 1801 1532 obtinuerunt
1817 1457 1886 1532 tlo-

716 1579 848 1655 rentini
870 1578 1007 1653 dictum
1025 1576 1223 1653 Castellum
1248 1577 1370 1672 Plaui;
1388 1576 1425 1651 in
1442 1597 1518 1672 quo
1535 1577 1642 1652 multi
1656 1578 1833 1673 praecipui
1841 1569 1884 1670 (¹)

715 1699 843 1774 exules
867 1696 1059 1791 florentini,
1085 1703 1124 1771 et
1148 1696 1221 1771 albi
1236 1687 1284 1792 (²),
1315 1697 1467 1772 fuerunt
1498 1697 1677 1772 interlecti
1711 1703 1749 1773 et
1779 1697 1884 1793 capti.

564 1819 566 1826 ’
715 1821 792 1896 lloc
824 1819 920 1892 lacto
949 1815 1131 1892 llorentini
1162 1816 1422 1912 equitaverunt
1454 1817 1492 1891 iu
1524 1817 1725 1915 llugcllum
1756 1822 1885 1892 contra

715 1939 919 2033 Ubaldiuos,
949 1938 1012 2032 qui
1050 1958 1136 2012 cum
1173 1936 1378 2033 ghibelliuis
1415 1942 1452 2011 et
1485 1938 1575 2012 albis
1614 1936 1884 2012 rebellaverant

714 2059 903 2134 communi
928 2056 1131 2152 Florentiae,
1153 2062 1190 2131 et
1207 2061 1445 2132 vastaverunt
1460 2045 1498 2148 (³)
1515 2075 1648 2132 eorum
1669 2055 1766 2130 bona
1790 2055 1883 2130 citra

715 2185 752 2255 et
777 2179 873 2252 ultra
889 2165 924 2271 (⁴)
951 2176 1091 2272 Alpem.
1118 2176 1163 2249 Et
1186 2176 1245 2250 hic
1271 2181 1369 2270 nola,
1395 2176 1522 2272 lectur,
1549 2175 1648 2270 quod
1677 2180 1788 2250 autor
1815 2194 1884 2270 po-

714 2303 810 2373 terat
828 2297 885 2371 laic
902 2297 983 2372 loco
1002 2295 1105 2370 istius
1122 2294 1315 2370 nominare
1339 2294 1501 2389 aliquem
1521 2294 1635 2370 alium
1657 2293 1882 2390 proditorem

714 2417 920 2512 antiquum,
945 2416 1004 2491 vel
1030 2413 1263 2509 modernum,
1289 2413 1493 2510 digniorem
1521 2413 1689 2508 iniamia5
1721 2413 1784 2488 sed
1812 2431 1879 2486 ro-

714 2538 782 2611 luit
798 2536 919 2632 potius
936 2540 1065 2610 notare
1077 2525 1115 2626 (⁵)
1131 2534 1255 2628 istum,
1274 2533 1337 2628 qui
1355 2532 1558 2608 offenderat
1574 2553 1661 2607 suos
1673 2522 1710 2625 (⁶)
1728 2538 1766 2607 et
1781 2531 1900 2646 albos,

715 2656 854 2751 exules,
880 2653 927 2729 de
951 2673 1112 2749 quorum
1138 2659 1243 2749 parte
1273 2660 1353 2727 erat
1378 2653 1455 2747 ipse
1484 2653 1629 2727 Dentes.
1655 2649 1710 2726 td
1739 2651 1885 2726 literam

715 2795 817 2872 ergo,
842 2774 927 2850 dicit
952 2773 1189 2850 Camisonus:
1216 2781 1249 2846 et
1272 2779 1404 2866 ospello
1427 2775 1550 2847 Curlirr
1568 2773 1628 2846 cle
1644 2775 1693 2846 mi
1711 2774 1883 2864 scapiorti,

715 2894 820 2989 quasi
844 2893 963 2970 dicat:
989 2893 1054 2988 qui
1078 2893 1249 2987 exculpet
1267 2911 1340 2987 me,
1360 2897 1397 2966 et
1418 2896 1517 2988 tegat
1533 2891 1720 2966 iuiamiam
1740 2911 1882 2984 meam;

714 3035 789 3088 non
814 3012 972 3108 quiade
997 3012 1050 3087 rei
1076 3013 1230 3087 veritate
1255 3015 1465 3105 excusetur,
1490 3010 1565 3085 imo
1590 3010 1700 3084 stulta
1724 3020 1762 3087 et
1786 3029 1882 3084 vana

713 3132 901 3208 excusatio
926 3137 982 3207 eet
1006 3132 1131 3206 velare
1154 3151 1266 3205 suum
1295 3130 1436 3205 crimen
1466 3131 1535 3204 sub
1568 3129 1701 3204 umbra
1733 3127 1880 3236 maioris

714 3253 809 3348 ritii3
834 3251 898 3328 sed
921 3253 991 3329 hoc
1016 3272 1083 3349 pro
1109 3257 1210 3326 tauto
1233 3251 1329 3345 dicit,
1355 3250 1454 3345 quod
1470 3239 1507 3342 ζ’)
1532 3251 1645 3326 homo
1667 3271 1804 3348 pravus
1820 3269 1882 3326 re·

713 3378 818 3468 putat
851 3371 918 3446 sibi
951 3371 999 3447 ad
1030 3371 1230 3466 quamdam
1264 3369 1533 3445 alleviationem
1568 3368 1716 3465 quando
1747 3369 1883 3466 reperit

713 3491 827 3565 alium
844 3481 881 3582 (⁸)
898 3477 966 3566 sihi
989 3511 1118 3587 parem
1144 3489 1307 3586 peiorem
1333 3509 1393 3584 se3
1424 3490 1483 3564 vel
1510 3489 1596 3584 quia
1630 3488 1797 3564 homiues
1821 3509 1883 3564 so-

714 3612 790 3686 lcut
822 3610 990 3685 coulerre
1026 3608 1073 3684 de
1107 3609 1232 3704 aliquo
1262 3610 1360 3684 malo
1394 3609 1538 3684 novello
1569 3608 1716 3683 dimisso
1749 3608 1881 3703 primo,

715 3730 820 3826 quasi
857 3730 944 3804 velit
979 3729 1102 3804 (licere
1139 3728 1324 3806 breviter:
1364 3730 1505 3804 malum
1545 3748 1670 3804 meum
1708 3734 1777 3804 eet-
1799 3728 1883 3804 leve

715 3857 883 3947 respectu
909 3849 999 3924 eius.
1026 3849 1071 3922 Et
1101 3848 1265 3944 loquitur
1290 3849 1337 3924 de
1363 3849 1568 3944 refotum,
1594 3847 1757 3923 nondum
1783 3849 1883 3924 euim

715 3971 882 4047 Carlinus
906 3971 1044 4046 lecerat
1068 3969 1174 4044 istam
1198 3969 1441 4065 proditionem
1468 3971 1505 4043 in
1536 3969 1666 4064 llCCC,
1692 3976 1730 4045 et
1761 3969 1883 4046 adhuc

714 4090 871 4166 vivebat.

787 4212 914 4284 Porcia
939 4211 1007 4282 oid'
1018 4210 1064 4281 io.
1090 4209 1161 4282 Ista
1186 4213 1240 4282 est
1258 4208 1365 4283 tertia
1384 4228 1469 4304 pars
1490 4209 1671 4306 generalis
1685 4200 1735 4304 (⁹),
1754 4209 1790 4284 in
1807 4231 1882 4304 qua

713 4334 822 4406 autor
837 4329 913 4427 agit
929 4328 976 4403 de
993 4327 1153 4402 secunda
1170 4327 1290 4422 specie
1305 4315 1550 4424 proditorum,
1567 4336 1604 4404 ct
1620 4349 1730 4425 poeua
1747 4350 1880 4405 eorum

714 4451 778 4546 qui
811 4447 1050 4546 prodiderunt
1085 4447 1258 4543 patriam,
1296 4468 1512 4545 commune,
1546 4450 1607 4526 rel
1638 4458 1805 4546 partem3
1843 4456 1881 4524 et

713 4571 833 4665 primo
857 4568 1025 4665 proponit
1050 4567 1164 4661 ipsam
1190 4568 1383 4644 materiam
1410 4570 1448 4645 io
1473 4590 1622 4667 genere,
1646 4571 1768 4645 dicens
1792 4589 1881 4644 oon-

776 4757 804 4816 (·)
821 4755 852 4806 13.
869 4754 1006 4818 precipue.
1388 4755 1416 4818 (¹)
1432 4757 1463 4808 ll.
1481 4757 1524 4807 alil
1540 4754 1656 4808 luerunt.

776 4831 804 4894 l'l
820 4831 847 4882 S·
863 4834 917 4882 ml
919 4843 994 4880 rrrrr
995 4834 1033 4880 nc
1386 4835 1414 4896 (⁸)
1431 4839 1488 4894 rra,
1503 4833 1573 4884 ultra
1588 4836 1716 4884 montom

778 4907 805 4968 ι’)
821 4907 852 4958 lt
869 4906 1012 4958 nominum.
1385 4910 1412 4972 (⁸)
1427 4909 1453 4962 S.
1470 4923 1531 4960 suos
1547 4909 1620 4960 mbos
1634 4907 1732 4960 oxum.

777 4983 804 5045 (¹)
820 4983 852 5034 Β.
867 4997 882 5036 e
898 4981 925 5035 S.
940 4983 1001 5048 qula
1016 4983 1104 5036 homo.
1386 4986 1413 5050 (⁸)
1429 4991 1485 5044 lte,
1500 4985 1623 5050 aliquem.

777 5060 805 5123 (⁸)
821 5060 852 5112 ll.
868 5061 995 5126 generalis
1010 5061 1087 5114 liuius
1102 5060 1209 5125 capllull
1224 5061 1252 5114 lu
1266 5075 1325 5126 qua.
