4580 6844
781 977 921 1035 caurus
944 977 1138 1035 vroasruus
1161 975 1292 1033 nonus.
1540 961 1611 1032 389

436 1124 648 1221 materiam,
672 1124 819 1202 dieens:
845 1131 939 1202 otior
968 1131 1060 1202 disse
1088 1130 1117 1201 it
1143 1131 1309 1219 moestro,
1335 1125 1471 1202 scilieet
1495 1124 1615 1222 Virgi-

438 1247 520 1342 lius,
546 1245 611 1341 qui
641 1245 752 1322 dabat
784 1247 872 1322 mihi
903 1247 1038 1324 bonam
1068 1247 1272 1322 doctrinam
1303 1245 1341 1320 in
1370 1245 1614 1340 omnibonus

437 1374 496 1442 tuo
522 1367 664 1458 penam
692 1385 765 1440 oon
792 1369 826 1440 si
852 1369 1004 1461 nonno,
1034 1366 1137 1461 idest,
1163 1387 1237 1442 non
1260 1365 1448 1463 fatigetur,
1473 1369 1524 1440 do
1556 1368 1616 1458 qm·

433 1488 561 1560 dnonas·
583 1488 681 1558 sovr‘
692 1489 772 1578 etto,
792 1486 897 1581 quasi
922 1487 1038 1562 dicat:
1058 1507 1132 1562 non
1148 1485 1332 1582 expendas
1357 1485 1492 1561 amodo
1517 1491 1614 1561 torn-

437 1627 507 1703 pus
531 1606 629 1682 oiroa
655 1606 790 1702 ipsum,
815 1607 903 1701 quia
928 1607 1027 1683 aliud
1052 1614 1109 1682 eat
1138 1606 1353 1704 dicendum3
1381 1605 1478 1681 unde
1502 1605 1612 1680 dicit:

437 1727 569 1801 omndi
597 1728 648 1800 od
678 1729 785 1818 ottro,
810 1727 948 1802 scilicet
977 1727 1024 1802 ad
1050 1748 1183 1803 novam
1210 1747 1359 1822 poenam
1383 1726 1613 1819 falsatorum,

438 1853 472 1920 et
494 1848 527 1919 si
550 1835 588 1920 td
610 1848 644 1919 si
665 1847 847 1938 mono,
873 1845 979 1941 quasi
1004 1845 1119 1921 dicat:
1146 1852 1337 1922 remaneat
1353 1843 1390 1919 in
1407 1865 1516 1940 poena
1534 1865 1613 1938 sna,

440 1984 553 2060 quam
579 1965 675 2040 bone
702 1965 924 2060 promeruit,
950 1971 988 2040 et
1011 1966 1059 2039 ad
1084 1965 1324 2059 quietandum
1353 1965 1520 2039 animum
1546 1984 1616 2038 au·

440 2084 531 2161 toris
545 2078 582 2177 (¹)
610 2085 781 2182 Virgilius
805 2085 892 2160 dicit
915 2105 957 2160 se
981 2084 1112 2160 vidisse
1130 2083 1330 2178 hominem,
1348 2091 1386 2159 et
1401 2084 1559 2179 qualiter
1575 2103 1616 2159 se

440 2203 617 2299 habebat,
642 2204 742 2279 unde
772 2203 881 2279 dicit:
907 2205 1007 2277 cd'to
1032 2207 1105 2278 uidi
1128 2207 1178 2276 uu
1206 2225 1232 2276 a
1254 2200 1317 2297 piri
1339 2207 1397 2278 dot
1415 2207 1615 2296 ponticello,

438 2322 544 2417 idest,
565 2324 674 2418 iuxta
699 2331 848 2419 pontem
878 2343 986 2399 nonae
1019 2323 1167 2420 bulgiae,
1195 2324 1257 2399 ubi
1288 2330 1370 2399 erat
1400 2325 1616 2400 Bertramus

439 2444 498 2520 dol
520 2444 666 2538 Bomio,
684 2448 869 2518 mostrarti
891 2467 911 2519 e
936 2448 1129 2519 minamur
1142 2449 1236 2540 sorte
1252 2447 1310 2519 cot
1323 2447 1415 2540 dito,-
1432 2445 1500 2520 iste
1516 2445 1615 2521 enim

440 2566 611 2661 quamvis
636 2565 763 2640 inisset
782 2567 884 2662 juste
913 2565 1128 2660 trucidatus,
1154 2575 1280 2642 umen
1308 2566 1503 2662 appetebat
1535 2566 1617 2640 rin·

274 2674 288 2694 ⁶
414 2685 596 2778 1diotam3
622 2691 660 2760 ot
684 2684 868 2780 specificat
891 2684 1012 2779 ipsum
1043 2704 1111 2779 per
1136 2705 1285 2779 nomeu,
1310 2684 1456 2760 dicens:
1490 2692 1523 2759 et
1545 2677 1617 2758 udi'

440 2825 571 2878 namur
598 2807 684 2878 Gne·
711 2807 769 2878 det
797 2807 906 2880 Bello.
940 2804 995 2880 nd
1025 2804 1271 2903 cognitionem
1306 2805 1410 2880 istius
1441 2803 1639 2882 nominem

440 2931 498 3000 est
521 2923 723 3019 sciendum,
740 2926 840 3019 quod
860 2925 993 3001 Genius
1018 2924 1086 3001 iste
1110 2925 1167 3000 vir
1188 2925 1318 3000 nobilis
1335 2926 1404 3000 tuit
1420 2926 1534 3002 irater
1550 2927 1617 3001 do-

441 3045 532 3120 mini
557 3045 658 3120 Cioni
684 3045 742 3120 dei
768 3045 870 3121 Bello
894 3045 941 3120 de
964 3044 1200 3142 Aldigheriis3
1218 3046 1281 3140 qui
1303 3047 1416 3120 homo
1441 3048 1617 3121 molestus

442 3172 483 3241 et
505 3163 733 3240 scismaticus
757 3164 827 3239 fuit
850 3165 1064 3244 interfectus
1082 3166 1130 3240 ab
1155 3185 1231 3239 uno
1256 3165 1303 3240 de
1327 3163 1524 3240 &dehetis
1550 3185 1618 3241 no·

442 3285 576 3360 bilibus
600 3284 647 3360 de
670 3285 866 3379 Florentia,
891 3285 938 3360 de
963 3286 1098 3380 quibus
1123 3285 1186 3360 fiet
1209 3285 1347 3361 mentio
1363 3285 1522 3381 capitulo
1538 3285 1617 3359 XVI

442 3406 615 3499 Paradisi,
646 3405 733 3500 quia
766 3406 1016 3482 seminaverat
1039 3405 1257 3481 disoordiam
1288 3406 1384 3481 inter
1417 3406 1617 3501 quosdam3

441 3527 548 3603 ouius
572 3546 674 3602 mors
699 3546 773 3600 non
798 3525 867 3600 suit
892 3525 1072 3601 vindicata
1098 3546 1164 3622 per
1194 3525 1352 3621 spatium
1378 3524 1526 3622 triginta
1551 3546 1619 3600 an-

441 3667 587 3722 norum.
623 3645 794 3722 Finaliter
824 3645 885 3720 dlii
919 3644 1056 3720 domini
1087 3645 1188 3720 Cioni
1222 3652 1260 3720 et
1294 3655 1445 3741 nepotes
1479 3644 1617 3740 praeiati

439 3767 551 3860 Gerii,
577 3767 744 3842 iecerunt
770 3765 966 3841 vindictam
983 3757 1034 3860 (²),
1052 3766 1140 3860 quia
1158 3765 1421 3841 interfecerunt
1437 3787 1555 3840 unum
1572 3765 1648 3875 de)

441 3886 640 3962 Saoohettis
665 3887 701 3960 in
727 3885 822 3960 ostio
846 3907 925 3960 suo.
952 3887 997 3960 et
1022 3886 1216 3981 respondet
1236 3885 1407 3982 Virgilius
1427 3885 1619 3979 quaestioni

441 4007 572 4098 meite,
591 4005 678 4099 quia
705 4005 803 4080 enim
830 4007 965 4083 Dentes
985 4000 1109 4082 dicere
1124 4012 1264 4102 posset:
1282 4016 1321 4082 et
1344 4005 1531 4099 quomodo
1549 4025 1619 4102 ego

443 4145 517 4201 non
542 4124 614 4200 vidi
644 4125 796 4220 ipsum?
821 4124 906 4200 dicit
935 4125 1124 4223 Virgilius:
1142 4132 1177 4199 tn
1199 4128 1252 4198 eri
1275 4127 1369 4198 ultor
1393 4117 1424 4197 si
1450 4127 1509 4198 dot
1535 4129 1619 4198 tatto

441 4246 620 4338 impedito,
645 4243 748 4338 idest,
774 4244 919 4340 penitus
944 4251 1147 4341 occupatus
1172 4265 1259 4320 cum
1285 4244 1399 4320 oculis
1429 4234 1619 4337 definisti),

443 4384 554 4440 soora
578 4365 682 4453 colui,
708 4363 844 4440 scilicet
859 4364 1095 4439 Bertramum
1115 4365 1175 4440 del
1199 4364 1346 4459 Bornio,
1366 4366 1427 4438 cue
1442 4353 1505 4456 oid
1522 4371 1620 4436 enne

444 4489 630 4580 Attosorte,
656 4483 756 4578 quod
782 4488 837 4558 est
862 4505 981 4559 unum
998 4485 1171 4581 oppidum
1198 4487 1235 4560 in
1261 4485 1389 4582 anglia
1414 4483 1516 4579 quod
1531 4476 1642 4558 olim'

444 4608 660 4683 Bertranms
695 4605 825 4700 tenuit,
858 4612 899 4679 ut
924 4607 1003 4701 jam
1028 4607 1102 4681 diri
1132 4607 1169 4681 in
1199 4607 1360 4703 capituto
1387 4607 1618 4703 praeoedenti.

445 4725 489 4797 Et
514 4725 679 4800 nominat
702 4723 809 4799 istam
837 4731 974 4802 terram
1000 4747 1100 4802 nunc
1125 4727 1335 4822 incidenter,
1357 4728 1444 4823 quia
1462 4749 1535 4802 non
1553 4747 1621 4800 no-

445 4844 651 4918 minaverat
676 4864 760 4919 eam
791 4867 914 4940 supra,
942 4846 1005 4921 ubi
1034 4847 1214 4943 agebatur
1244 4848 1290 4923 do
1319 4848 1506 4942 principali
1538 4865 1620 4919 ma·

507 5097 535 5160 (¹)
552 5096 582 5148 E.
599 5097 733 5148 auditoris.
802 5095 877 5161 (¹313.
895 5099 1034 5151 undictam
1050 5101 1228 5153 interficiendo
1244 5115 1336 5154 unum.
1414 5100 1441 5164 (¹)
1458 5105 1512 5162 tto,
1529 5099 1618 5151 affixis.
