4526 6836
737 963 783 1028 54
1134 968 1339 1026 COMENTUE
1364 971 1516 1026 INFERNI

737 1117 800 1210 qui
818 1114 1068 1211 appellabatur
1086 1113 1224 1208 nobilis,
1238 1115 1385 1209 quidam
1404 1117 1514 1191 iason
1526 1115 1640 1192 irater
1651 1115 1753 1194 unte
1768 1115 1905 1190 summi

737 1235 934 1312 sacerdotis
959 1240 996 1310 et
1021 1233 1090 1310 viri
1110 1234 1248 1328 optimi,
1266 1235 1414 1330 cupiens
1432 1235 1624 1311 ambitiose
1640 1255 1830 1314 summum
1848 1253 1907 1310 sa-

738 1355 954 1447 cerdotium,
980 1353 1130 1430 accesdt
1161 1353 1208 1428 ad
1239 1374 1368 1451 regem
1402 1355 1632 1449 Antiochum,
1670 1361 1707 1432 et
1744 1355 1908 1449 promisit

692 1539 700 1557 ,
738 1475 828 1549 dare
852 1473 919 1548 sihi
945 1473 1126 1548 maximas
1150 1473 1371 1567 quantitates
1395 1475 1648 1570 pecuniarum,
1675 1474 1704 1552 si
1729 1473 1910 1550 coneede-

743 1601 798 1669 ret
823 1592 889 1668 sihi
913 1593 1169 1688 principatum.
1195 1595 1277 1682 Quo
1301 1593 1462 1688 obtento,
1483 1593 1592 1688 ooepit
1616 1593 1798 1674 reducere
1823 1613 1910 1668 suos

739 1716 787 1790 ad
819 1731 961 1790 morem
978 1706 1013 1806 (¹)
1049 1713 1253 1809 gentilium,
1283 1714 1407 1789 omnia
1440 1713 1607 1792 enormia
1638 1713 1794 1806 taciens,
1823 1733 1909 1788 nam

741 1835 811 1908 sub
836 1853 923 1910 arce
947 1833 1073 1928 templi
1089 1853 1203 1908 ausus
1222 1839 1277 1908 est
1296 1833 1467 1908 ordinare
1484 1833 1730 1930 gymnasium,
1747 1833 1839 1910 idest
1855 1835 1911 1912 lo·

740 1973 827 2029 cum
854 1954 1041 2045 ludorum,
1058 1959 1095 2028 ct
1119 1953 1276 2047 optimos
1296 1953 1480 2048 juvenum
1506 1971 1644 2048 ponere
1668 1954 1705 2027 in
1731 1953 1908 2048 lupanari.

741 2075 794 2148 Ex
815 2094 890 2167 quo
908 2079 1056 2168 propter
1072 2072 1254 2148 nelarium
1272 2080 1310 2148 et
1326 2072 1531 2148 inauditum
1549 2074 1669 2150 scelus
1685 2073 1838 2166 tasonis,
1850 2093 1910 2148 sn·

742 2190 920 2286 cerdotes,
938 2199 1060 2287 spreto
1087 2192 1222 2287 templo
1246 2198 1284 2266 et
1309 2191 1482 2288 neglectis
1507 2190 1702 2286 sacrificiis,
1719 2199 1912 2287 coeperuut

742 2311 833 2387 dare
858 2329 898 2388 se
922 2313 1089 2406 palestrae
1114 2317 1151 2388 et
1175 2311 1281 2404 ludis,
1306 2317 1343 2386 et
1367 2331 1433 2406 per
1458 2311 1582 2388 omnia
1611 2311 1807 2407 cupiebant
1832 2331 1911 2388 esse

743 2431 880 2506 similes
905 2432 968 2524 eis,
985 2451 1079 2524 quos
1103 2433 1225 2505 hostes
1250 2436 1287 2508 et
1311 2431 1491 2506 occisores
1512 2431 1718 2508 habuerant
1732 2421 1786 2525 (Ἢ
1804 2433 1911 2507 lason

745 2558 869 2626 tamen
894 2557 974 2645 post
1000 2551 1196 2626 triennium
1227 2551 1390 2644 privatus
1419 2549 1622 2628 sacerdotio
1654 2553 1829 2646 expulsus
1858 2559 1913 2628 est

745 2669 792 2744 de
813 2689 938 2765 regno,
956 2669 1020 2763 qui
1036 2669 1188 2744 tratrem
1205 2659 1242 2762 (³)
1259 2669 1448 2764 proprium
1469 2669 1726 2765 captivaverat.
1746 2672 1852 2746 Nunc
1867 2671 1913 2746 ad

746 2789 889 2864 literam
915 2789 1023 2864 dicit:
1049 2793 1185 2882 Nhotu,
1211 2791 1271 2866 ille
1296 2801 1418 2885 pastor
1444 2798 1621 2866 venturus
1638 2791 1685 2866 do
1702 2811 1832 2866 tersus
1848 2809 1913 2886 po-

747 2915 907 3002 nentem,
932 2899 1015 2982 scrd
1046 2929 1160 2984 nuovo
1190 2913 1316 3000 loson,
1341 2908 1432 2988 idest
1460 2910 1554 2988 attor
1579 2917 1617 2984 et
1641 2909 1767 2984 similis
1791 2909 1852 3003 illi,
1878 2913 1916 2984 di

747 3029 803 3100 nrt
816 3030 849 3102 si
864 3031 961 3120 ioppe
980 3031 1036 3100 nei
1051 3029 1244 3118 Mandabat,
1262 3027 1355 3104 libro
1377 3028 1550 3122 secundo,
1567 3049 1586 3102 e
1603 3030 1658 3102 citt
1672 3049 1779 3120 rcppe
1795 3035 1916 3104 Fratr-

746 3150 816 3238 oto,
841 3147 975 3226 scilioet
1005 3147 1187 3243 Philippus
1217 3167 1296 3241 rex,
1325 3151 1377 3242 pn
1405 3151 1507 3222 notu
1535 3169 1559 3222 o
1589 3151 1651 3238 lui,
1675 3148 1767 3223 idest
1791 3147 1861 3223 erit
1876 3135 1911 3238 (⁴)

748 3267 955 3342 favorabilis
980 3275 1018 3342 et
1041 3267 1237 3363 placabilis,
1257 3262 1328 3346 cort
1352 3287 1448 3342 nonu
1471 3289 1535 3342 suo
1558 3289 1613 3359 rc,
1630 3268 1766 3344 scilicet
1790 3267 1916 3343 Antio·

749 3387 851 3480 chus,
875 3389 915 3479 su
940 3389 1041 3460 molto
1065 3407 1089 3458 u
1114 3390 1202 3478 pact,
1233 3387 1369 3462 scilicet
1397 3386 1537 3480 iasoni;
1563 3394 1601 3464 et
1633 3387 1684 3462 sic
1709 3387 1792 3463 vide
1817 3386 1916 3482 quod

671 3587 674 3594 ⁴
749 3506 808 3580 hic
833 3513 889 3580 est
912 3507 1005 3582 allus
1030 3507 1138 3582 lason
1153 3497 1189 3597 (⁵)
1217 3527 1372 3602 graecus,
1398 3505 1444 3582 do
1468 3527 1544 3602 quo
1568 3507 1706 3582 dictum
1727 3515 1783 3582 est
1799 3507 1836 3582 in
1855 3525 1919 3607 ca<

751 3625 864 3721 pitulo
888 3625 1117 3720 precedenti.
1136 3625 1180 3699 lit
1202 3625 1260 3702 hic
1276 3633 1364 3702 uota
1381 3633 1560 3720 quantum
1578 3625 1805 3722 comparatio
1822 3645 1917 3720 prre⁴

751 3745 846 3820 dicta
870 3746 981 3820 servit
1006 3745 1175 3840 praesenti
1199 3745 1398 3844 proposito:
1417 3765 1503 3822 nam
1525 3745 1619 3822 sicut
1638 3747 1746 3823 iason
1763 3745 1917 3822 obtinuit

752 3885 940 3946 summum
970 3863 1217 3961 pontificatum
1253 3865 1452 3942 simoniace
1480 3887 1503 3942 a
1534 3886 1624 3962 rege
1653 3866 1831 3942 Antiocho
1856 3865 1918 3960 qui

752 3985 980 4082 opprimebat
1005 3993 1143 4060 terram
1169 3991 1333 4062 mucuns
1362 3984 1558 4078 tirannice,
1583 3985 1633 4060 ita
1659 3985 1726 4061 iste
1751 3984 1919 4060 Clemens

751 4105 908 4182 obtinuit
932 4125 1121 4180 summum
1147 4103 1397 4199 pontificatum
1422 4103 1620 4180 simoniace
1644 4123 1667 4180 a
1693 4123 1781 4200 rege
1804 4103 1919 4178 Fran·

751 4226 817 4301 ciae
843 4225 1014 4320 Philippo,
1032 4224 1096 4318 qui
1122 4223 1298 4298 tirannice
1328 4231 1366 4299 ct
1396 4223 1508 4318 impie
1538 4222 1776 4298 conculcabat
1800 4221 1919 4300 eccle·

751 4345 843 4419 siam
868 4349 1044 4436 sanctam,
1060 4343 1181 4416 eccho
1197 4341 1393 4418 Bondacio.
1418 4341 1477 4418 Sic
1501 4361 1592 4438 crgo
1614 4351 1670 4420 est
1694 4339 1920 4436 comparatio

752 4462 900 4556 propria
923 4461 969 4536 de
995 4479 1083 4556 rege
1106 4459 1153 4534 ad
1180 4477 1320 4555 regem,
1337 4458 1385 4536 de
1405 4459 1595 4538 sacerdote
1616 4458 1663 4536 ad
1679 4459 1919 4552 sacerdotem,

753 4591 791 4657 et
816 4580 909 4654 sicut
934 4579 1041 4656 iason
1067 4577 1291 4654 facinorosus
1318 4579 1401 4654 lecit
1424 4579 1471 4656 de
1502 4579 1637 4674 templo
1666 4579 1920 4674 postribulum,

754 4699 805 4774 ita
829 4699 928 4793 quod
953 4697 1160 4772 sacerdotes
1181 4697 1344 4792 corrupti
1360 4697 1541 4774 dederunt
1565 4719 1606 4774 se
1631 4698 1724 4774 ludis
1747 4705 1785 4774 et
1811 4697 1922 4773 rebus

819 4933 846 4993 l')
863 4935 917 4990 llo.
935 4943 1022 4982 morer
1038 4929 1173 4981 nobilium.
1428 4929 1455 4990 (¹)
1470 4929 1497 4980 s.
1513 4929 1668 4980 hahuerunt,

820 5005 846 5070 l'l
863 5007 889 5058 S·
906 5005 1013 5058 ‘1⁸2me
1031 5019 1116 5056 wum-
1428 5005 1456 5068 (⁸)
1473 5005 1504 5056 ll.
1520 5005 1570 5058 ertt
1586 5005 1610 5056 ei
1626 5001 1782 5064 favorabilis,

819 5085 846 5147 (¹)
864 5085 895 5135 ll.
910 5096 926 5134 e
942 5087 996 5145 tlt,
1012 5083 1099 5144 tuor,
1115 5093 1194 5146 quam
1210 5080 1255 5134 llts
1269 5079 1348 5134 laton
1364 5095 1472 5146 grecus.
1763 5115 1768 5124 .
