4566 6844
734 925 806 994 titt
1128 936 1333 994 munerun
1357 937 1509 999 tumui

731 1081 797 1158 Hic
824 1087 934 1156 autor
965 1080 1126 1176 assignat
1157 1101 1306 1156 causam
1334 1081 1444 1176 justae
1478 1079 1753 1154 exclamationis
1783 1081 1900 1176 iadae,

731 1201 876 1276 diceus:
897 1195 965 1276 one·
983 1221 1056 1274 non
1071 1204 1173 1275 docet
1188 1209 1223 1278 tu
1248 1205 1262 1274 t
1282 1203 1419 1294 fiplbaoi
1430 1220 1541 1292 petre
1556 1220 1581 1270 o
1598 1202 1650 1272 tot
1663 1220 1778 1294 mooe,
1796 1200 1901 1294 idest,

732 1342 805 1395 non
829 1321 988 1396 debebas
1014 1341 1150 1416 ponere
1176 1320 1267 1396 iiiios
1291 1320 1433 1396 comitis
1464 1319 1512 1394 ad
1538 1319 1648 1394 talem
1680 1320 1901 1415 cruciatum,

730 1463 768 1514 se
791 1443 818 1514 it
840 1449 937 1514 conte
965 1440 1111 1533 Upotirio
1142 1463 1254 1516 oveco
1284 1462 1379 1532 voce,
1405 1439 1507 1532 idest,
1534 1438 1733 1534 infamiam,
1766 1444 1801 1514 d
1813 1463 1901 1516 over

732 1564 864 1636 daddo
887 1569 919 1636 te
942 1565 985 1636 dc
1009 1565 1040 1636 te
1070 1565 1222 1636 castello
1254 1561 1308 1636 Ad
1340 1560 1445 1635 cuius
1478 1559 1592 1633 iiterae
1622 1560 1844 1635 evidentiam
1861 1553 1897 1654 (¹)

730 1688 786 1756 est
810 1681 1010 1776 sciendum,
1037 1680 1137 1776 quod
1161 1701 1285 1756 comes
1310 1680 1485 1776 Ugoiinus
1509 1678 1556 1753 de
1581 1678 1777 1754 comitibus
1801 1679 1900 1756 Gbe-

731 1799 934 1876 rardescbis
957 1799 1111 1895 adeptus
1135 1799 1338 1874 dominium
1356 1798 1510 1873 civitatis
1531 1797 1710 1892 Pisanum,
1732 1796 1827 1872 sicut
1843 1799 1898 1874 di-

729 1925 831 1992 ctum
857 1924 912 1994 est
943 1939 1067 2014 supra,
1092 1919 1138 1995 ad
1168 1917 1461 1993 confirmandum
1486 1922 1623 1992 statum
1650 1937 1774 2010 suum,
1800 1917 1898 1994 dedit

730 2058 843 2113 unam
869 2059 975 2112 suam
1001 2038 1112 2113 tiliam
1137 2038 1260 2112 comiti
1281 2037 1435 2112 Guidoni
1458 2037 1504 2111 de
1524 2036 1703 2112 Battiioile
1719 2038 1895 2133 gueipbo;

729 2165 766 2234 et
792 2177 839 2232 ue
867 2178 914 2233 ex
940 2159 1009 2232 boc
1042 2157 1241 2233 haberetur
1271 2163 1475 2252 suspectus,
1500 2156 1596 2231 dedit
1628 2155 1737 2230 aliam
1772 2157 1896 2230 comiti

728 2276 996 2352 bidobrandino
1021 2277 1067 2352 de
1092 2277 1325 2372 Sanctailore,
1352 2282 1394 2350 ut
1425 2274 1553 2352 fertur.
1580 2275 1624 2348 Et
1655 2275 1805 2351 nomine
1829 2275 1896 2350 do-

729 2397 822 2470 tium
848 2396 1010 2491 ipsarum
1028 2396 1200 2490 filiarum,
1217 2402 1255 2472 et
1271 2401 1313 2468 ut
1331 2395 1461 2470 melius
1478 2394 1704 2470 confiderent
1716 2386 1752 2486 (²)
1774 2394 1820 2469 de
1837 2415 1894 2490 eo,

728 2516 827 2591 dedit
850 2517 973 2610 aliqua
998 2523 1117 2590 castra
1143 2516 1338 2590 comitatus
1368 2515 1548 2609 Pisarum‚
1578 2514 1744 2589 videlicet
1772 2514 1896 2590 comiti

732 2635 886 2710 Guidoni
918 2643 1080 2710 castrum
1113 2635 1337 2730 Ripaeiractae
1362 2635 1432 2710 sub
1460 2633 1622 2709 custodia
1652 2635 1895 2730 lucanorum;

731 2761 768 2832 et
792 2753 916 2830 comiti
940 2754 1208 2830 bidobrandino
1233 2761 1396 2829 castrum
1428 2753 1596 2828 Siverotti
1628 2754 1699 2827 sub
1731 2754 1895 2829 custodia

731 2874 1019 2952 florentinorum.
1060 2876 1212 2970 Propter
1249 2874 1347 2968 quod
1381 2873 1567 2972 ghibellini
1599 2881 1745 2968 sumpta
1778 2859 1895 2970 suspi-

730 2994 846 3088 cione,
871 3002 1093 3092 suggerente
1117 2994 1399 3089 archiepiscopo,
1421 2993 1586 3068 iecerunt
1602 2993 1650 3067 de
1661 2983 1697 3086 (³)
1719 3014 1777 3090 eo,
1796 2995 1893 3088 quod

727 3113 865 3190 dictum
891 3121 956 3190 est.
983 3115 1027 3191 Et
1049 3114 1192 3210 probat,
1221 3114 1319 3209 quod
1351 3115 1431 3188 Pisa
1462 3134 1536 3188 nou
1565 3113 1715 3190 deberet
1746 3113 1796 3188 ita
1829 3113 1893 3190 de-

728 3232 857 3308 saevire
889 3232 926 3306 in
960 3232 1050 3308 titios
1089 3239 1237 3329 propter
1274 3239 1471 3330 peccatum,
1502 3240 1718 3328 paternum,
1747 3232 1891 3309 dicens:

727 3341 817 3426 tent
835 3355 984 3444 nouella,
1001 3352 1103 3448 idest,
1116 3352 1301 3449 juvenilis,
1324 3355 1429 3446 sacco
1453 3355 1509 3424 tor
1532 3354 1719 3444 semema,
1745 3352 1892 3446 scilicet,

731 3475 922 3562 unauna
945 3475 1006 3546 e'l
1028 3474 1199 3566 Bripoto;
1237 3471 1387 3546 nomina
1424 3479 1510 3546 sunt
1546 3472 1707 3546 duorum
1734 3471 1892 3546 tiliorum

727 3590 870 3666 comitis
902 3591 1053 3686 Ugolini,
1080 3611 1173 3684 quos
1211 3591 1374 3698 nondum
1408 3591 1681 3684 nominaverat3
1711 3590 1793 3664 ideo
1831 3609 1895 3664 eos

728 3708 892 3784 nominat
923 3709 993 3804 bic,
1025 3733 1044 3784 e
1073 3713 1125 3801 pti
1148 3713 1232 3786 atus·
1255 3713 1338 3804 duo,
1373 3711 1509 3788 scilicet
1537 3711 1640 3806 filios,
1664 3712 1723 3783 cde
1743 3713 1769 3784 't
1791 3717 1894 3784 cordo

727 3849 809 3904 naso
833 3832 985 3924 appatio,
1011 3829 1113 3926 idest,
1133 3830 1299 3908 Gaddum
1327 3838 1365 3908 et
1388 3831 1696 3924 Anselmuocium
1714 3851 1807 3926 quos
1832 3849 1895 3904 ca-

728 3949 839 4046 pitulo
864 3951 1044 4046 superiori
1071 3951 1283 4028 nominavit.
1307 3953 1352 4026 Et
1380 3950 1438 4027 bic
1467 3956 1554 4025 nota
1570 3951 1668 4046 quod
1693 3959 1803 4026 autor
1828 3972 1894 4046 per

727 4076 846 4146 totum
871 4070 1072 4165 capitulum
1099 4070 1263 4145 nominat
1288 4071 1374 4146 istos
1395 4069 1496 4166 biios,
1517 4070 1600 4146 iicet
1616 4090 1729 4166 supra
1754 4070 1891 4145 dictum

726 4189 783 4284 sit,
809 4188 908 4286 quod
933 4189 1008 4264 duo
1034 4197 1139 4263 erant
1165 4189 1225 4262 filii
1252 4195 1288 4266 et
1312 4190 1387 4264 duo
1413 4197 1561 4284 nepotes
1576 4178 1625 4282 (ἢ.
1646 4190 1746 4265 Unde
1767 4189 1826 4266 lex
1844 4189 1895 4266 ci-

726 4308 805 4384 vilis
829 4307 987 4404 appellat
1012 4307 1103 4382 iiiios
1129 4315 1166 4383 et
1192 4314 1341 4402 nepotes
1367 4307 1511 4404 liberos,
1538 4309 1596 4384 vet
1621 4309 1716 4385 forte
1744 4307 1896 4383 suerunt

677 4465 681 4472 ·
727 4433 870 4503 tantum
894 4425 968 4522 dlii,
994 4427 1086 4502 sicut
1110 4426 1172 4501 aiii
1196 4427 1370 4504 scribunt.
1398 4427 1468 4504 Sed
1493 4428 1552 4504 bic
1577 4428 1695 4502 oritur
1723 4427 1794 4502 alia
1824 4427 1894 4502 du·

726 4548 852 4624 bitatio
877 4547 963 4644 quia
989 4547 1145 4661 videtur,
1163 4546 1260 4640 quod
1286 4548 1396 4623 etiam
1417 4548 1478 4623 titii
1495 4549 1630 4624 suerint
1642 4549 1743 4646 juste
1765 4547 1891 4644 puniti,

787 4733 815 4796 (¹)
831 4733 862 4784 B.
878 4731 1032 4784 evidentiam
1047 4736 1089 4784 ut
1102 4732 1255 4784 dcundum.
1379 4733 1406 4794 (b
1422 4735 1453 4784 Β.
1470 4734 1588 4786 fiderent.

727 4808 861 4938 matti.
878 4811 966 4872 postea
981 4808 1013 4858 de
1029 4809 1086 4872 ipso
1101 4808 1168 4860 deut
1183 4809 1283 4862 mium
1298 4813 1347 4862 eat.
1361 4809 1395 4861 Et
1412 4810 1504 4876 probat
1519 4810 1589 4875 quod
1604 4810 1693 4864 civitas
1704 4809 1821 4860 Pisanum
1840 4821 1892 4860 uon

789 4961 817 5026 θ)
834 4965 888 5022 iit,
904 4967 1017 5025 nepote,
1038 4963 1098 5027 quis
1117 4961 1289 5026 appellatione
1309 4962 1451 5014 liberorum
1472 4963 1637 5016 metiuntur
1662 4961 1708 5014 mu
1730 4967 1758 5012 st
1777 4963 1891 5024 nepum,

727 5045 758 5090 ut
772 5038 835 5090 dicit
850 5037 891 5088 iax
907 5035 997 5098 civilis,
1014 5037 1055 5090 rei
1071 5037 1140 5090 sorta
1155 5037 1263 5090 iberum
1277 5043 1378 5090 tantum
1394 5039 1448 5091 tilii.
