4534 6842
684 956 751 1022 156
1080 965 1283 1021 compuli
1307 965 1458 1019 multam

679 1117 838 1207 dinam,
855 1111 990 1190 scilicet
1016 1113 1187 1210 Virgilius
1211 1113 1276 1207 qni
1301 1132 1447 1207 semper
1462 1109 1634 1205 procedit
1651 1110 1738 1205 quia
1754 1112 1849 1186 anti·

678 1235 796 1328 quior,
824 1241 860 1309 et
885 1232 972 1327 quia
997 1232 1085 1306 alias
1111 1232 1178 1305 luit
1202 1231 1273 1326 hic,
1299 1238 1341 1305 ut
1367 1230 1497 1306 totiens
1526 1231 1664 1306 dictum
1695 1238 1761 1325 est,
1791 1231 1850 1306 vel

678 1354 764 1448 quia
783 1354 874 1428 ratio
892 1372 1038 1447 semper
1054 1352 1227 1446 praecedit
1244 1352 1281 1426 in
1299 1352 1378 1426 viro
1396 1351 1570 1446 sapiente,
1595 1353 1718 1426 tattro
1743 1353 1850 1444 dopo,

677 1475 778 1568 idest,
797 1493 867 1569 ego
893 1474 1026 1547 Dantes
1052 1479 1131 1566 post
1157 1473 1293 1567 ipsnm3
1315 1482 1352 1549 et
1374 1470 1556 1566 specificat
1577 1473 1728 1546 modum
1749 1472 1850 1547 ince-

677 1593 784 1669 dendi
801 1614 866 1689 per
883 1614 995 1667 unam
1015 1592 1327 1688 comparationem
1346 1590 1687 1686 manifestissimam,
1705 1591 1848 1668 dicens:

677 1735 772 1787 come
788 1717 802 1788 t'
818 1717 908 1808 frati
923 1715 1040 1786 minor
1065 1733 1182 1786 vanno
1202 1734 1270 1806 per
1287 1715 1355 1786 oto.
1374 1713 1418 1784 Et
1440 1717 1524 1785 nota
1542 1718 1722 1806 quantum
1745 1731 1849 1786 com-

678 1834 819 1929 paratio
836 1835 881 1907 sit
898 1832 1062 1929 propria3
1082 1854 1167 1907 nam
1189 1832 1321 1906 iratres
1339 1832 1499 1906 minores
1516 1832 1763 1908 communiter
1782 1852 1849 1906 va-

676 1955 768 2029 dunt
784 1953 857 2028 bini
874 1973 940 2048 per
961 1953 1058 2026 viam
1078 1951 1186 2027 tacite
1202 1960 1240 2026 et
1258 1953 1419 2045 honeste,
1438 1957 1476 2025 et
1492 1950 1735 2026 venerabilior
1752 1971 1848 2045 prae-

676 2073 770 2148 cedit
795 2073 832 2145 in
856 2092 977 2167 passu,
1003 2073 1052 2146 ita
1078 2077 1179 2146 recte
1209 2079 1290 2147 erat
1319 2072 1356 2146 in
1390 2071 1486 2164 istis3
1512 2077 1549 2146 et
1574 2071 1685 2145 debes
1715 2091 1848 2165 capere

676 2194 769 2268 duos
792 2194 924 2267 iratres
949 2192 1110 2267 minores
1140 2193 1205 2286 qui
1234 2193 1305 2266 sint
1330 2192 1398 2266 viri
1424 2192 1605 2286 sapientes
1617 2184 1668 2284 (¹),
1694 2192 1848 2268 virtuosi

675 2321 712 2390 et
737 2315 831 2389 bene
857 2313 1001 2408 morati,
1027 2314 1153 2407 quales
1179 2319 1286 2387 erant
1310 2312 1367 2386 isti
1392 2311 1467 2386 duo
1492 2318 1620 2407 poetae.
1646 2311 1766 2405 Aliqui
1792 2319 1848 2386 ta·

676 2454 761 2509 men
787 2434 914 2509 volunt
938 2435 1037 2528 quod
1057 2441 1167 2508 autor
1185 2433 1221 2507 in
1239 2434 1306 2506 ista
1323 2431 1596 2527 comparatione
1613 2432 1782 2526 respiciat
1801 2433 1847 2506 ad

676 2559 891 2647 sequentem
918 2553 1112 2628 materiam
1139 2552 1427 2648 hypocritarum,
1443 2552 1490 2626 de
1507 2572 1580 2646 qua
1606 2551 1771 2628 dicturus
1792 2563 1849 2629 est

676 2673 713 2748 in
738 2673 907 2769 praesenti
933 2674 1101 2768 capitulo,
1127 2674 1177 2748 ite
1203 2673 1302 2768 quod
1327 2693 1393 2768 per
1418 2674 1488 2747 lroc
1510 2672 1640 2746 innuat
1660 2674 1757 2766 quod
1780 2675 1849 2770 hy·

676 2793 826 2888 pocrisis
852 2793 1013 2868 maxime
1039 2800 1168 2890 regnat
1193 2791 1230 2866 iu
1256 2793 1343 2866 viris
1370 2793 1563 2889 religiosis3
1589 2793 1653 2868 sed
1680 2794 1748 2868 hoc
1774 2815 1847 2870 non

676 2915 785 3008 valet,
820 2914 906 3006 quia
937 2914 994 2988 isti
1033 2920 1231 2988 moventur
1262 2913 1368 3007 nimis
1394 2933 1422 2987 -a
1448 2912 1566 3010 longe.
1580 2953 1630 2968 -
1650 2917 1754 2988 Vollo.
1783 2914 1847 2990 llic

675 3041 785 3110 autor
809 3033 995 3130 praemissa
1020 3033 1293 3108 continuatione
1317 3033 1487 3108 describit
1505 3055 1616 3108 suum
1641 3034 1844 3129 cogitatum

676 3156 772 3230 circa
789 3154 972 3236 fictionem
990 3154 1144 3250 lacum,
1163 3161 1200 3229 et
1215 3154 1406 3229 considera
1422 3154 1517 3228 hene
1533 3153 1631 3247 quod
1654 3153 1720 3227 ista
1740 3154 1844 3230 litera
1951 3201 1954 3209 ι

674 3276 835 3352 declarat
848 3275 1030 3351 fictionem
1044 3275 1323 3371 praecedentem,
1341 3281 1377 3350 et
1393 3274 1511 3369 aperit
1526 3275 1741 3370 allegoriam
1763 3275 1843 3350 eius

674 3402 711 3471 et
736 3396 973 3470 intentionem
999 3394 1150 3488 autoris,
1170 3395 1257 3489 quia
1278 3395 1401 3469 tabula
1419 3393 1541 3489 AEsopi
1560 3401 1614 3469 est
1632 3395 1738 3470 valde
1756 3413 1846 3470 con-

674 3515 801 3590 lormis
825 3516 959 3590 labulae
982 3517 1133 3610 autoris,
1154 3515 1230 3590 imo
1253 3516 1291 3588 in
1314 3513 1447 3589 ellectu
1469 3520 1524 3588 est
1544 3533 1618 3588 una
1635 3520 1672 3588 et
1692 3514 1843 3610 eadem3

673 3637 755 3711 ideo
781 3637 875 3711 bene
900 3635 1001 3732 fingit
1025 3643 1145 3729 autor,
1164 3635 1274 3729 quod,
1291 3635 1380 3708 dum
1398 3633 1577 3728 cogitaret
1601 3634 1698 3708 circa
1724 3635 1842 3709 rixam

674 3760 822 3834 illorum
848 3757 1007 3831 duorum
1026 3763 1064 3831 et
1082 3755 1255 3830 ellectum
1282 3755 1383 3848 rirae,
1404 3755 1504 3830 venit
1527 3754 1593 3828 sibi
1619 3755 1656 3829 in
1682 3762 1842 3830 mentem

675 3881 735 3954 illa
761 3878 883 3952 tabula
908 3876 1030 3973 AEsopi
1057 3875 1241 3950 notissima
1262 3875 1309 3950 de
1326 3895 1429 3970 rana,
1447 3895 1556 3950 mure
1580 3881 1617 3950 et
1641 3876 1764 3949 milvo.
1783 3875 1845 3950 oi-

675 4001 723 4076 cit
742 4019 851 4094 ergo:
873 4001 922 4070 Lo
939 4001 1009 4070 mio
1020 4017 1171 4090 pensero
1187 4017 1253 4070 era
1270 3999 1361 4070 votto
1377 3999 1414 4070 in
1430 4015 1472 4069 su
1488 3999 1525 4069 lo
1538 3997 1662 4090 [avolo
1678 3999 1845 4090 ‹l’lsopm

675 4125 711 4195 et
736 4119 794 4194 hic
820 4124 905 4193 nota
930 4117 1028 4210 quod
1053 4123 1162 4192 autor
1187 4117 1246 4191 iric
1271 4115 1486 4191 nominatim
1504 4116 1638 4211 allegat
1654 4116 1843 4212 AEsopum,

675 4247 753 4314 turn
782 4240 867 4333 quia
893 4238 1015 4312 sabula
1045 4239 1124 4313 eius
1153 4237 1367 4312 mirabiliter
1393 4237 1477 4311 iacit
1501 4236 1547 4311 ad
1573 4256 1683 4310 suum
1709 4257 1844 4332 propo-

674 4361 796 4453 situm,
815 4367 894 4432 tum
919 4359 1005 4452 quia
1031 4358 1099 4433 iste
1123 4357 1385 4432 celeberrimus
1410 4361 1516 4450 poeta
1538 4356 1616 4450 luit,
1633 4377 1745 4451 quem
1764 4357 1845 4452 plri-

674 4480 845 4574 losophus
869 4497 965 4572 saepe
989 4477 1122 4573 allegat
1147 4477 1184 4550 in
1207 4476 1282 4550 suis
1299 4476 1397 4550 libris
1416 4475 1627 4551 moralibus.
1646 4475 1728 4551 Fuit
1745 4477 1842 4552 enim

673 4599 829 4693 AEsopus
853 4597 1026 4690 antiquus
1051 4602 1158 4691 poeta
1182 4596 1341 4689 asianus,
1358 4596 1421 4690 qui
1448 4596 1597 4692 egregie
1609 4588 1646 4688 (¹)
1667 4597 1770 4671 linxit
1790 4597 1846 4672 la·

672 4718 777 4792 bulas
812 4716 946 4790 multas
975 4715 1021 4790 ad
1056 4716 1349 4791 informationem
1387 4716 1471 4792 vitm
1502 4717 1627 4812 civilis,
1653 4724 1691 4793 et
1721 4737 1845 4814 graece

672 4837 824 4932 scripsit
836 4855 1013 4933 maguum
1041 4856 1134 4932 opus
1158 4856 1205 4911 er
1226 4856 1301 4929 quo
1318 4836 1515 4914 defloratus
1535 4837 1602 4911 luit
1622 4837 1690 4914 iste
1707 4857 1843 4932 parvus

734 5089 1227 5156 conmemorans·
1352 5088 1742 5159 strumum*
