4534 6842
714 925 781 992 188
1101 933 1305 990 munuum
1329 935 1505 1016 nuruum

710 1085 906 1155 tractatum
932 1087 970 1154 et
993 1079 1205 1173 capitulum,
1230 1078 1376 1154 dicens:
1406 1082 1434 1152 it
1463 1081 1565 1172 duca,
1590 1077 1726 1154 scilicet
1758 1079 1879 1175 Virgi-

708 1199 789 1294 lius,
814 1221 876 1272 seu
898 1192 948 1292 pi,
973 1200 1075 1292 idest,
1101 1199 1250 1274 recessit
1273 1199 1322 1274 ab
1347 1197 1422 1273 istis
1446 1199 1652 1295 hypocritis,
1678 1219 1765 1274 cum
1796 1199 1878 1293 qui·

708 1319 778 1392 bus
805 1318 890 1392 satis
919 1325 1079 1412 steterat,
1106 1340 1287 1411 oppresse,
1305 1319 1406 1412 idest,
1429 1319 1707 1412 subsequenter,
1734 1341 1759 1392 a
1782 1341 1879 1411 prun

703 1457 827 1532 passo,
853 1437 939 1531 quia
963 1438 1080 1512 iverat
1110 1459 1196 1512 cum
1230 1438 1305 1512 istis
1334 1439 1440 1513 valde
1473 1439 1572 1513 lento
1605 1459 1712 1533 passu
1747 1446 1876 1514 contra

709 1565 838 1633 vntum
869 1579 995 1651 suum;
1027 1558 1109 1633 ideo
1142 1577 1241 1632 nunc
1274 1558 1389 1632 voluit
1421 1559 1591 1654 supplere
1622 1565 1660 1633 et
1694 1561 1877 1636 redimere

709 1686 873 1773 tempus3
899 1685 937 1753 et
961 1678 1068 1752 dicit:
1101 1679 1238 1752 turbato
1267 1681 1373 1752 dira
1396 1700 1444 1751 un
1469 1699 1559 1774 poco
1590 1683 1649 1752 nel
1675 1681 1875 1772 repudiante,

709 1797 810 1892 idest,
837 1799 874 1872 in
899 1804 1047 1892 aspectu
1073 1809 1221 1893 propter
1238 1819 1388 1872 causum
1403 1799 1482 1893 jam
1500 1799 1733 1895 assignatum,
1751 1805 1788 1874 et
1807 1820 1875 1874 nn-

709 1924 829 1994 tnnter
862 1918 968 1992 dicit:
994 1939 1099 2010 poce,
1131 1919 1217 2012 quia
1248 1919 1389 2014 sapiens
1402 1911 1439 2010 (¹)
1473 1938 1606 2014 parum
1641 1920 1808 1995 irascitur
1838 1927 1875 1996 et

636 2033 650 2052 '
709 2057 806 2111 raro.
832 2037 876 2110 Et
900 2037 1021 2110 subdit
1046 2037 1231 2130 quomodo
1256 2043 1403 2112 secutus
1420 2044 1475 2112 est
1491 2058 1579 2112 eum
1604 2039 1769 2133 libenter,
1787 2039 1874 2134 quia

709 2156 914 2230 necessario
939 2156 1097 2231 habebut
1121 2157 1177 2231 ire
1201 2157 1251 2231 ita
1275 2157 1379 2232 turde
1403 2178 1489 2231 cum
1523 2159 1590 2232 iilis
1619 2159 1781 2233 tristibus
1806 2162 1874 2256 hy-

708 2275 863 2370 pocritis.
889 2274 991 2349 Unde
1015 2275 1119 2351 dicit:
1142 2279 1265 2349 ond'io
1283 2259 1331 2348 mi
1342 2280 1451 2370 parti'
1463 2280 1558 2368 dupl'
1571 2280 1753 2367 incurat,
1770 2279 1874 2372 idest,

707 2395 755 2468 ab
780 2395 846 2467 iiiis
871 2393 1028 2469 oneratis
1045 2395 1207 2489 plumbo,
1226 2398 1337 2468 distre
1363 2416 1387 2467 a
1412 2400 1442 2468 ie
1462 2404 1572 2491 poste,
1593 2397 1694 2490 idest,
1713 2403 1792 2493 pust
1809 2417 1874 2473 ve-

708 2513 824 2608 stigia,
849 2515 893 2586 de
916 2516 947 2584 te
978 2517 1216 2605 omptume,
1249 2513 1384 2588 scilicet
1414 2515 1551 2610 Virgilii
1585 2535 1697 2608 quem
1730 2523 1874 2590 tantum

709 2633 866 2707 habehat
885 2653 1026 2725 carum,
1044 2638 1081 2706 et
1098 2633 1204 2706 cuius
1220 2633 1371 2728 vestigia
1388 2652 1534 2729 semper
1551 2642 1704 2710 conatus
1721 2643 1776 2711 est
1793 2638 1882 2714 imi-.

710 2755 789 2828 turi.
807 2755 861 2828 Er
886 2754 988 2829 dictis
1012 2775 1102 2850 ergo
1128 2755 1164 2829 in
1190 2757 1259 2830 hoc
1283 2757 1440 2851 capitulo
1466 2765 1568 2853 potes
1592 2761 1819 2855 perpendere
1844 2761 1875 2836 si

708 2879 818 2948 autur
837 2873 932 2948 bene
948 2873 1134 2968 descripsit
1151 2895 1297 2968 poenam
1318 2876 1468 2970 plumbi,
1489 2878 1582 2955 sicut
1598 2879 1634 2952 in
1654 2881 1873 2974 precedenti

709 2992 867 3087 capitulo
891 3013 1038 3086 poenam
1065 2992 1163 3087 picis,
1188 2993 1272 3068 iicet
1295 2995 1355 3068 illa
1380 2995 1425 3068 sit
1449 2997 1604 3071 materia
1628 2998 1851 3093 profundior.

769 3259 796 3320 (¹)
812 3257 843 3309 1³.
860 3259 960 3323 sapiens
975 3273 1036 3312 ruro
1051 3262 1180 3312 irascitur.
1196 3262 1231 3313 Et
1245 3263 1338 3314 subdit.
