4526 6836
733 941 780 1008 28
885 943 899 954 “
1128 951 1331 1008 munorum
1354 952 1504 1006 rurnnrn

733 1116 861 1172 emere
885 1102 961 1172 tam
986 1116 1075 1172 caro
1100 1096 1228 1192 praetio
1252 1095 1526 1192 poenitudinem.
1549 1095 1620 1172 Sed
1639 1097 1668 1172 si
1686 1097 1902 1176 Demosthe·

734 1237 799 1291 nes
824 1216 881 1291 vir
906 1217 1048 1313 sapiens
1073 1216 1201 1292 vitavit
1226 1236 1410 1292 venenum
1428 1216 1536 1293 dulce
1559 1217 1663 1292 istius
1688 1219 1903 1315 meretricis,

735 1343 958 1413 nontamen
992 1338 1052 1412 alii
1083 1343 1251 1434 poterant
1283 1338 1441 1414 evadere
1471 1359 1492 1413 a
1524 1339 1665 1434 laqueis
1689 1339 1779 1415 eius.
1810 1337 1903 1416 Nam

736 1459 830 1532 sicut
853 1457 977 1532 scribit
1002 1458 1203 1553 Terentius,
1221 1458 1285 1552 qui
1302 1459 1549 1558 propriissime
1573 1461 1761 1556 descripsit
1781 1481 1904 1538 mores

736 1578 911 1653 lenonum
937 1584 974 1652 et
998 1578 1244 1674 adulatorum,
1263 1578 1331 1653 ista
1354 1578 1461 1654 Thais
1485 1579 1553 1654 luit
1577 1582 1799 1656 astutissima
1825 1604 1905 1658 me·

736 1697 863 1793 retrir,
888 1699 993 1773 ouius
1018 1706 1118 1773 artes
1141 1705 1179 1774 et
1204 1698 1351 1774 fraudes
1378 1699 1509 1775 diffuse
1539 1701 1656 1797 tangit
1680 1703 1716 1774 in
1741 1704 1904 1779 secunda

736 1819 916 1894 comoedia
941 1840 1025 1914 quae
1050 1819 1255 1894 intitulatur
1279 1813 1490 1895 Eunuchus.
1521 1821 1654 1896 Narrat
1682 1822 1779 1898 enim
1805 1824 1905 1918 quod

737 1938 843 2014 Thais
862 1937 1012 2014 amabat
1036 1940 1234 2034 quemdam
1258 1939 1508 2016 atheniensem
1534 1941 1682 2018 nomine
1698 1943 1904 2038 Phodriam,

737 2066 774 2134 et
799 2066 880 2153 post
903 2061 1013 2134 istum
1041 2059 1139 2134 veuit
1164 2060 1312 2155 quidam
1344 2060 1449 2135 miles
1478 2061 1608 2136 Trasso
1621 2054 1670 2155 (¹),
1695 2063 1760 2155 qui
1788 2065 1906 2160 teligit

737 2200 834 2274 eam,
847 2185 884 2254 et
909 2180 983 2275 ipsa
1005 2179 1115 2275 coepit
1130 2199 1265 2255 vacare
1282 2179 1338 2254 isti
1355 2185 1504 2275 propter
1522 2180 1637 2276 pilare
1656 2201 1755 2256 eum.
1775 2184 1905 2258 Trasso

737 2306 862 2377 autem
888 2307 931 2374 ut
961 2307 1126 2375 servaret
1156 2300 1222 2374 sibi
1253 2319 1420 2375 amorem
1450 2300 1541 2395 eius,
1573 2307 1611 2376 et
1640 2303 1846 2378 retraheret
1867 2295 1903 2397 (¹)

738 2440 821 2494 eam
844 2421 893 2494 ah
917 2439 1048 2494 arnone
1077 2419 1240 2494 Phedriae
1272 2439 1384 2513 quem
1415 2419 1491 2514 ipsa
1520 2420 1714 2496 videbatur
1742 2423 1905 2520 diligere,

737 2538 902 2635 promisit
926 2539 1065 2612 donare
1090 2538 1157 2612 sihi
1181 2560 1295 2613 unam
1320 2539 1529 2614 ancillulam
1558 2541 1750 2637 virginem,
1777 2549 1815 2618 et
1839 2542 1906 2619 ista

737 2667 886 2757 propter
911 2660 981 2734 hoc
1006 2659 1152 2734 nolebat
1165 2651 1202 2753 (³)
1229 2661 1384 2756 perdere
1408 2681 1575 2736 amorem
1601 2663 1766 2738 Phodriae
1788 2685 1906 2758 aquo

738 2782 854 2858 multa
872 2787 1062 2877 rapuerat:
1081 2787 1118 2856 et
1138 2787 1179 2854 ut
1195 2781 1356 2858 breviter
1372 2782 1503 2877 dicam,
1521 2783 1652 2858 Trasso
1669 2783 1765 2858 misit
1782 2783 1906 2860 Thaidi

737 2903 916 3000 virginem
931 2902 1146 2998 promissam
1163 2921 1230 2998 per
1247 2902 1444 2996 quemdam
1459 2903 1628 2978 lenonem
1647 2903 1796 2979 nomine
1807 2904 1906 2978 Gua-

739 3031 874 3118 tonem,
901 3023 964 3117 qui
989 3021 1127 3118 optime
1152 3027 1306 3096 noverat
1329 3029 1449 3096 artem
1474 3021 1655 3117 adulandi,
1677 3023 1740 3117 qui
1763 3023 1906 3098 dicebat

736 3145 783 3220 de
799 3165 859 3220 se:
877 3163 963 3219 curn
981 3142 1143 3218 maxima
1160 3141 1300 3238 decipio
1317 3148 1406 3216 tunc
1424 3141 1625 3238 triumph03
1643 3150 1681 3218 et
1695 3142 1801 3238 bene,
1819 3142 1905 3237 quia

739 3264 819 3339 linis
843 3264 1042 3340 adulatoris
1066 3269 1121 3338 est
1145 3263 1325 3358 decipere,
1342 3262 1436 3337 siout
1459 3263 1588 3338 medici
1605 3283 1748 3360 sanare,
1766 3271 1803 3340 et
1820 3265 1906 3340 rhe-

738 3387 842 3461 torici
867 3384 1101 3482 persuadere.
1128 3383 1246 3457 Gnato
1275 3403 1367 3479 ergo
1391 3383 1574 3480 assignata
1598 3385 1742 3481 virgine
1770 3384 1905 3479 Thaidi,

740 3526 912 3582 reversus
936 3511 991 3580 est
1016 3505 1062 3579 ad
1087 3505 1303 3579 Trassonem
1329 3503 1520 3578 dominum
1546 3525 1669 3600 suum,
1694 3505 1758 3600 qui
1782 3505 1907 3601 petivit

739 3628 768 3700 si
794 3626 901 3702 Thais
927 3625 1104 3701 retulerat
1127 3630 1250 3721 grates
1276 3645 1438 3721 magnas.
1462 3624 1657 3722 Respondit
1676 3626 1813 3702 Gnate:
1831 3626 1906 3700 imo

738 3747 921 3844 ingentes3
949 3741 1052 3840 quasi
1069 3745 1176 3840 dicat,
1194 3745 1385 3840 maximas,
1404 3744 1501 3820 ultra
1522 3764 1685 3841 magnas,
1710 3746 1906 3839 mirabiles,

737 3868 874 3942 nedum
892 3885 1057 3962 magnas,
1071 3865 1157 3960 quia
1175 3865 1303 3962 ingens
1320 3865 1401 3960 plus
1418 3864 1591 3960 importat
1606 3886 1717 3958 quam
1737 3886 1904 3962 maguus.

738 3989 843 4062 Nunc
868 3987 915 4063 ad
940 3987 1095 4082 literam,
1119 3985 1205 4060 dicit
1228 3991 1362 4060 autor:
1389 3988 1422 4058 el
1444 3988 1548 4077 duco,
1566 3985 1702 4062 scilicet
1726 3987 1908 4084 Virgilius,

739 4112 788 4182 mi
804 4111 894 4182 disse
910 4129 1079 4202 appresso
1095 4099 1162 4199 ctd,
1179 4105 1270 4181 idest
1286 4112 1367 4201 post
1383 4125 1428 4180 ea
1448 4123 1532 4198 quie
1548 4104 1690 4180 dixerat
1706 4105 1753 4181 de
1768 4105 1907 4200 Alexio,

735 4233 786 4325 [α’
803 4231 864 4302 cte
882 4231 1024 4322 pinpte,
1045 4228 1143 4304 idest·
1161 4227 1325 4323 impellas
1350 4225 1516 4320 ulterius,
1536 4227 1564 4298 it
1582 4228 1674 4318 ouo,
1691 4225 1826 4302 rothom
1851 4227 1907 4299 in-

739 4348 995 4443 tellectualem,
1012 4369 1058 4420 on
1071 4367 1163 4440 poco
1178 4342 1239 4439 piri
1255 4353 1394 4437 ovouoe,
1411 4345 1503 4420 idest
1519 4346 1788 4439 aliquantulum
1811 4347 1907 4422 ultra

684 4503 689 4520 ·
738 4461 966 4562 hleidumei
989 4470 1050 4541 cte
1074 4469 1237 4558 munte
1256 4465 1348 4540 idest
1373 4465 1422 4540 ita
1448 4465 1546 4560 quod
1569 4465 1664 4542 hene
1687 4466 1846 4564 attingas
1870 4474 1908 4542 et

738 4607 948 4685 cognoscas,
974 4609 1041 4662 con
1064 4591 1115 4679 pli
1138 4587 1233 4660 occu
1257 4589 1293 4660 la
1313 4589 1429 4680 [aeda
1455 4589 1493 4660 dt
1516 4591 1630 4680 wella
1654 4609 1766 4660 sonno
1789 4591 1906 4680 scopi-

736 4713 846 4802 plioto
868 4713 975 4803 sone.
1003 4708 1047 4782 Et
1076 4707 1158 4782 vide
1188 4705 1374 4801 quomodo
1408 4707 1503 4781 bene
1531 4706 1701 4782 describit
1732 4706 1905 4781 Thaidam

738 4829 884 4927 proprie
891 4854 901 4924 ;
928 4829 1014 4923 quia
1040 4829 1137 4903 enim
1157 4835 1238 4904 erat
1260 4828 1485 4924 tampulcra
1512 4835 1549 4902 et
1574 4827 1695 4902 iurata
1711 4815 1747 4920 (⁸)
1767 4828 1803 4902 in
1820 4827 1905 4921 vita,

801 5017 827 5080 (¹)
845 5021 899 5078 lit,
915 5015 1020 5067 nomino
1037 5017 1131 5067 Tmo.
1407 5011 1435 5076 (¹)
1451 5013 1483 5065 Β.
1499 5013 1622 5064 inheret,
1688 5041 1691 5052 .

800 5091 828 5157 i'i
844 5094 875 5145 u
892 5092 1003 5145 rotetur.
1409 5093 1435 5155 ρ)
1453 5095 1506 5154 mc,
1523 5091 1614 5142 romu
1630 5091 1656 5140 nr
1671 5091 1731 5142 nu.
