4606 6840
740 984 881 1041 comus
906 985 1099 1041 vtdtssutus
1123 983 1309 1040 snmus.
1542 972 1613 1038 297

441 1127 589 1208 civitate
612 1129 853 1227 agrigentina,
871 1130 936 1224 qui
956 1130 1156 1204 inhumane
1180 1127 1411 1225 excogitabat
1436 1147 1532 1203 nova
1548 1147 1616 1224 ge-

442 1275 533 1330 nera
550 1272 760 1349 poenarnm,
773 1252 907 1346 quibus
923 1251 1091 1326 homines
1106 1249 1304 1325 crudeliter
1320 1247 1515 1324 cruciaret.
1525 1246 1616 1336 Qui·-

441 1374 528 1449 dam
540 1393 632 1469 ergo
643 1370 749 1448 taber
761 1371 893 1448 artifex
909 1371 1120 1467 ingeniosus
1137 1368 1285 1444 nomine
1302 1367 1466 1460 Perntus,
1480 1372 1615 1463 putans

442 1493 648 1591 promereri
672 1492 832 1589 gratiam
861 1499 899 1568 et
927 1491 1093 1568 levorem
1118 1489 1275 1588 tyranni,
1300 1486 1470 1564 contlavit
1495 1507 1613 1561 unum

442 1614 577 1689 bovem
601 1613 649 1686 de
673 1631 760 1706 ere,
784 1611 822 1684 in
847 1611 953 1686 cuins
978 1611 1094 1687 latere
1125 1609 1210 1684 lecit
1239 1610 1436 1704 portulam,
1462 1613 1500 1682 et
1524 1627 1613 1682 enm

443 1732 541 1808 dono
577 1731 676 1809 dedit
711 1730 867 1824 Phalari,
905 1731 1052 1806 dicens:
1086 1749 1174 1804 ecoe
1206 1728 1345 1803 donum
1370 1727 1523 1824 dignum
1557 1731 1614 1800 te:

444 1851 615 1928 adinveni
638 1851 737 1926 enim
765 1870 902 1926 novnm
928 1871 1046 1948 genus
1071 1871 1207 1946 poenae3
1232 1869 1318 1924 cum
1344 1848 1442 1924 enim
1473 1846 1616 1922 habue-

446 1971 497 2045 ris
509 1964 547 2062 (⁴)
565 1970 726 2065 aliquem
743 1991 852 2046 reum
869 1970 1069 2045 maiestatis
1085 1969 1347 2062 damnandnm,
1365 1967 1475 2044 iacies
1489 1959 1526 2060 (²)
1545 1968 1618 2041 im-

447 2090 540 2168 mitti
566 2090 603 2165 in
628 2091 775 2183 bovem,
801 2109 876 2184 qno
901 2090 1054 2183 incluso,
1079 2088 1189 2164 iacies
1204 2079 1239 2180 (³)
1266 2088 1383 2163 subici
1400 2088 1522 2184 ignem
1548 2087 1618 2162 snb

448 2215 615 2286 ventrem
639 2209 761 2303 bovis3
786 2209 839 2284 sie
863 2229 951 2285 enm
977 2208 1151 2303 inclusus,
1176 2208 1303 2284 dolore
1325 2214 1453 2302 taetus,
1479 2209 1618 2282 elama-

448 2328 512 2423 bit,
548 2349 623 2404 non
648 2328 830 2404 videbitur
855 2349 929 2404 vox
956 2330 1131 2421 hnmana,
1160 2327 1225 2402 sed
1247 2327 1388 2423 taralis,
1413 2327 1525 2403 etsie
1548 2326 1619 2402 mi-

449 2468 519 2522 nus
544 2447 753 2524 moveberis
767 2436 806 2541 (⁸)
836 2447 883 2523 ad
908 2447 1206 2522 misericordiam.
1233 2447 1466 2543 Respondens
1490 2454 1617 2523 autem

447 2567 621 2664 Phalaris,
654 2567 765 2642 dixit:
796 2587 887 2642 vere
917 2567 1013 2642 istud
1038 2577 1093 2644 ert
1117 2567 1310 2664 egregium
1336 2574 1374 2642 et
1397 2566 1620 2663 acceptabile

325 2710 330 2720 ·
447 2708 596 2781 munus,
621 2687 686 2762 sed
711 2694 751 2762 tu
769 2687 910 2783 primus
927 2687 1096 2762 inventor
1113 2688 1233 2784 operis
1257 2688 1457 2784 experieris
1481 2688 1619 2783 prim03

448 2814 487 2882 et
510 2806 684 2881 continuo
709 2806 795 2882 lecit
819 2807 921 2881 illum
955 2807 1048 2881 mitti
1063 2799 1100 2899 (⁵)
1126 2807 1164 2881 in
1192 2808 1327 2883 bovem
1360 2818 1398 2884 et
1423 2806 1620 2882 crudeliter

449 2925 583 3002 necari.
616 2926 675 3002 Sic
705 2946 796 3023 ergo
830 2925 993 3002 Phalaris
1029 2926 1153 3002 ielellit
1186 2945 1288 3022 spem
1322 2947 1456 3001 vanam
1486 2926 1619 3019 Perilli,

452 3046 513 3122 oui
539 3045 692 3122 reddidit
716 3045 927 3122 mercedem
953 3046 1182 3143 condignam.
1205 3046 1310 3122 Nunc
1326 3047 1453 3122 ordino
1472 3047 1524 3122 sie
1540 3046 1622 3122 lite·

450 3186 550 3241 ram:
576 3169 608 3240 le
629 3169 756 3259 parole
783 3187 922 3259 marm,
947 3164 1049 3260 idest,
1075 3165 1191 3240 tristia
1216 3165 1329 3242 verba
1354 3166 1448 3241 illins
1473 3167 1622 3262 spiritus

451 3286 516 3380 qui
539 3285 691 3360 ardebat
724 3285 762 3358 in
793 3286 889 3381 igne,
914 3307 951 3358 se
975 3289 1177 3360 menedon
1201 3289 1260 3360 oet
1278 3291 1373 3382 foco,
1398 3286 1501 3381 idest,
1527 3287 1622 3362 intre

452 3406 640 3479 dammam
666 3404 889 3500 praedictam,
902 3409 940 3480 io
963 3427 1028 3480 suo
1053 3408 1270 3498 lioyonyyio,
1295 3407 1381 3502 qnia
1407 3407 1542 3483 scilicet
1568 3407 1625 3482 lo-

452 3523 636 3620 quebatur
660 3524 791 3618 italice,
808 3524 872 3601 sed
888 3525 1052 3600 nondum
1070 3525 1352 3623 intelligebatur,
1364 3547 1433 3620 per
1449 3549 1522 3601 non
1536 3549 1625 3600 over

451 3647 510 3720 via
534 3637 580 3718 nd
598 3648 740 3739 serame
755 3647 821 3718 dol
828 3648 1017 3738 principio,
1036 3645 1214 3740 quianon
1234 3645 1393 3722 babebat
1408 3653 1622 3743 aperturam

451 3765 510 3840 vel
521 3764 719 3839 scissuram
733 3764 929 3860 inpunita,
944 3766 1030 3860 quia
1043 3765 1099 3840 isti
1112 3766 1223 3841 astuti
1233 3768 1437 3863 loquuntur
1446 3788 1533 3843 cnm
1544 3789 1624 3842 ma-

449 3903 524 3978 gna
538 3889 619 3958 arte
631 3888 669 3958 et
680 3882 879 3979 ingeniose,
892 3877 963 3958 cosi
975 3906 1071 3958 conte
1082 3889 1111 3959 it
1123 3887 1335 3978 bn'eieition,
1353 3887 1440 3982 qnia
1457 3887 1573 3964 lactus
1583 3878 1621 3978 (⁶)

450 4001 488 4075 in
519 4001 648 4095 Sicilia,
679 4008 718 4078 et
750 4023 775 4077 a
803 4003 980 4099 magistro
1011 4003 1138 4099 siculo,
1171 4010 1209 4078 et
1233 4004 1452 4101 ingratiam
1478 4007 1624 4102 tyranni

451 4121 567 4215 siculi,
592 4124 652 4196 cte
675 4115 815 4214 muglid
836 4126 970 4216 poma,
996 4122 1083 4217 quia
1109 4122 1255 4219 mugire
1277 4129 1332 4198 est
1348 4125 1538 4220 proprium
1559 4126 1627 4199 bo-

454 4261 556 4335 vum,
582 4244 639 4315 ool
650 4245 772 4335 pionte
788 4245 827 4316 di
841 4245 945 4334 colai,
963 4240 1099 4318 seilicet
1110 4241 1231 4316 Perilli
1243 4243 1416 4339 praedinti,
1429 4245 1489 4318 cte
1505 4247 1528 4318 i
1537 4267 1627 4318 aveo

455 4367 644 4453 temperato
675 4383 742 4436 coo
771 4383 839 4436 sna
863 4365 961 4454 limo,
987 4362 1079 4438 idest
1102 4383 1216 4459 opera
1242 4361 1446 4440 artificiosa.
1472 4363 1516 4439 Et
1541 4364 1627 4439 iacit

456 4486 567 4555 antor
601 4502 714 4556 nnam
747 4483 1006 4578 parenthesim,
1038 4482 1185 4558 dicens:
1218 4504 1237 4557 e
1266 4475 1319 4558 eid
1341 4488 1383 4579 su
1407 4486 1527 4577 drino,
1553 4485 1630 4560 imo

455 4597 620 4696 dignum,
654 4607 690 4677 et
710 4603 866 4696 J'ustnm.
894 4605 1087 4700 Tyrannus
1113 4603 1212 4678 enim
1238 4602 1493 4680 iniustissimos
1519 4605 1628 4682 istum

519 4785 547 4846 (¹)
563 4785 594 4835 Ε.
609 4787 717 4838 habetis.
843 4789 872 4854 (¹)
888 4792 918 4842 lt.
934 4791 1033 4842 iacietis
1049 4793 1126 4842 mitti.

519 4859 546 4920 (·)
561 4861 592 4911 li.
608 4863 708 4914 meletio
723 4865 806 4917 soblri
822 4867 908 4932 ignem
923 4869 972 4918 snb
988 4873 1087 4919 ventre.

518 4934 546 4998 )“)
562 4936 593 4988 B.
610 4939 778 4992 movebimini
794 4943 827 4992 ad
842 4943 1057 4995 maertcordtanr.
1074 4945 1201 4995 mmlom
1216 4958 1281 4996 vero
1295 4945 1414 4996 Phalaris
1429 4945 1501 4996 dixit.

518 5008 547 5146 g}
563 5013 746 5142 ἓίοξὲῗίῗίὲξιι
755 5017 783 5066 in
800 5017 893 5069 bovem
908 5023 944 5070 et.
953 5043 984 5057 -
995 5019 1026 5070 li.
1043 5019 1110 5070 mitit
1126 5018 1153 5068 in
1170 5019 1263 5070 bororn
1278 5019 1364 5079 illum,
1381 5025 1416 5069 et.
