4526 6836
727 999 773 1064 20
946 959 949 963 ι
1067 999 1069 1006 ⁴
1124 1007 1326 1062 comtum
1350 1007 1503 1062 turnum

725 1154 802 1226 lum
820 1151 1030 1248 impositum
1050 1151 1086 1225 in
1103 1151 1309 1226 naviculam
1323 1145 1361 1245 (¹)
1380 1150 1476 1257 misit
1493 1157 1598 1225 extra
1619 1151 1774 1225 insulam
1793 1171 1896 1226 coru-

724 1272 901 1348 mendans
933 1271 1051 1368 ipsum
1087 1270 1153 1346 diis
1178 1279 1216 1346 et
1245 1272 1419 1366 sortunae3
1447 1277 1484 1345 et
1508 1271 1604 1345 facto
1636 1271 1720 1367 igue
1744 1272 1895 1347 simula-

724 1391 789 1467 bat
809 1383 846 1486 (²)
885 1392 1006 1468 iacere
1042 1392 1152 1466 funus
1189 1391 1243 1486 ei;
1275 1397 1311 1466 et
1344 1391 1396 1467 sic
1428 1391 1547 1468 insula
1582 1391 1709 1467 nobilis
1742 1393 1895 1489 campis,

724 1512 866 1607 divitiis,
891 1512 977 1588 viris
1002 1518 1040 1586 et
1068 1512 1217 1607 viribus,
1248 1518 1285 1588 et
1310 1532 1428 1607 nuper
1457 1510 1567 1588 ditata
1592 1511 1784 1608 triumphis
1809 1513 1894 1587 hos·

724 1634 817 1710 tium
842 1632 996 1729 perdidit
1020 1632 1129 1706 simul
1154 1639 1192 1708 et
1216 1634 1329 1708 semel
1354 1652 1484 1706 omnes
1509 1634 1702 1707 masculos.
1733 1633 1776 1706 Et
1807 1653 1893 1708 ecce

724 1753 763 1826 iu
786 1753 915 1829 dicbus
940 1754 1006 1827 illis
1030 1761 1116 1828 ante
1140 1753 1298 1849 primam
1324 1752 1608 1828 destructionem
1626 1754 1743 1828 Troiae
1764 1775 1894 1851 super-

724 1873 825 1949 venit
847 1873 895 1948 ad
919 1873 1075 1948 insulam
1101 1873 1204 1948 uaris
1228 1894 1364 1970 magua
1389 1873 1529 1948 famosa
1554 1873 1647 1948 dicta
1672 1872 1784 1970 drgo,
1805 1895 1892 1949 curn

724 2015 798 2088 qua
823 1994 966 2069 inclitus
991 1995 1100 2069 Jason
1126 2014 1213 2068 curu
1238 1993 1451 2090 argonautis
1481 1993 1557 2068 suis
1583 1994 1783 2089 juvenibus
1815 1994 1895 2068 ani·

667 2187 669 2190 ,
723 2115 835 2188 mosis
873 2115 948 2190 ibat
985 2115 1022 2189 in
1060 2114 1248 2211 regionem
1293 2114 1506 2189 colchorum
1543 2114 1590 2189 ad
1626 2115 1890 2209 acquirendum

722 2255 881 2310 aureum
907 2236 1035 2310 vellus.
1061 2235 1105 2308 Et
1130 2234 1304 2310 continuo
1330 2234 1504 2309 mulieres
1533 2235 1678 2309 lemnias
1708 2235 1784 2310 visa
1809 2236 1892 2313 navi

722 2354 878 2429 mirabili
903 2354 1126 2451 suspicantes
1149 2355 1247 2449 quod
1264 2359 1360 2429 essct
1381 2353 1490 2428 missa
1504 2345 1543 2446 (³)
1569 2353 1740 2428 divinitus
1766 2355 1811 2429 ad
1837 2355 1892 2429 fa-

721 2475 892 2550 ciendum
912 2476 1052 2570 justam
1077 2473 1272 2549 vindctam
1302 2474 1349 2550 de
1380 2473 1630 2550 crudelissimo
1661 2475 1800 2551 scelere
1828 2495 1892 2550 ea·

723 2616 821 2691 rum,
834 2599 1103 2670 concurrerunt
1113 2582 1149 2687 (⁸)
1168 2593 1215 2668 ad
1228 2594 1365 2668 moenia
1383 2595 1536 2670 civitatis
1549 2593 1757 2672 munientes
1770 2602 1891 2670 turres

722 2715 910 2812 lapidibus,
928 2715 1036 2810 saxis
1053 2714 1153 2810 palis,
1171 2721 1209 2790 et
1228 2714 1419 2789 induentes
1436 2716 1551 2791 tristia
1576 2737 1682 2791 arma
1707 2719 1891 2792 maculata

721 2836 900 2932 sauguine
924 2857 1092 2930 suorum,
1116 2834 1294 2931 parabant
1311 2854 1352 2910 so
1367 2835 1413 2909 ad
1433 2835 1691 2912 defensionem.
1710 2838 1803 2912 Cum
1822 2859 1891 2912 au·-

603 3035 607 3044 ,
722 2965 797 3034 tem
824 2956 926 3032 navis
950 2957 1090 3032 Iasonis
1106 2956 1416 3053 appropinquaret
1431 2955 1478 3031 ad
1494 2956 1650 3032 insulam
1669 2978 1735 3053 per
1747 2959 1888 3053 jactum

720 3079 871 3176 sagittae,
897 3079 1057 3153 ioemiuae
1081 3099 1167 3154 cum
1198 3077 1376 3154 debilibus
1403 3078 1572 3168 manibus
1602 3079 1793 3154 mittebant
1818 3080 1890 3154 tela

720 3207 848 3276 contra
874 3200 971 3275 viros
996 3199 1220 3293 fortissimos,
1246 3200 1374 3294 quales
1406 3205 1512 3274 erant
1543 3201 1730 3296 Hercules,
1762 3201 1891 3276 Thela-

720 3342 819 3416 mon‚
845 3321 986 3415 Nestor,
1011 3320 1139 3395 Castor
1163 3325 1201 3394 et
1226 3319 1367 3414 Pollux,
1394 3327 1432 3394 et
1460 3319 1520 3394 alii
1555 3318 1622 3404 viri
1654 3320 1888 3417 magnanimi.

720 3444 821 3516 Tunc
838 3443 947 3516 Jason
968 3461 1054 3515 curu
1073 3460 1179 3514 ramo
1195 3439 1301 3514 olivae
1319 3446 1356 3515 et
1372 3440 1492 3515 fronte
1508 3461 1650 3535 serena,
1668 3440 1779 3536 petita
1796 3438 1890 3515 fidu-

718 3561 787 3656 cia,
813 3561 976 3637 narravit
1000 3579 1151 3634 causam
1184 3559 1241 3633 sui
1266 3558 1465 3654 adveutus3
1491 3565 1529 3634 et
1555 3561 1716 3635 breviter
1740 3561 1890 3635 inerunt

718 3680 855 3776 recepti
880 3679 1038 3775 benigne
1063 3699 1190 3753 omnes
1216 3678 1311 3753 intra
1336 3679 1519 3755 civitatem
1545 3681 1626 3755 loco
1646 3681 1812 3755 virorum
1833 3681 1888 3753 iu-

719 3802 977 3895 terfectorum3
1003 3805 1041 3875 et
1066 3798 1291 3874 invenientes
1315 3799 1364 3874 ibi
1390 3799 1535 3876 dulcem
1550 3792 1587 3894 (⁵)
1608 3807 1796 3897 pasturam
1815 3807 1889 3876 sta-

718 3929 843 3998 terunt
867 3941 933 4016 per
957 3941 1108 4014 anuum,
1135 3927 1173 3994 et
1196 3919 1339 4016 lsiphile
1365 3939 1558 4017 praegnaus
1587 3921 1633 3996 dc
1662 3921 1795 3996 Jasone
1823 3942 1889 4017 pe-

718 4043 812 4139 perit
836 4041 1022 4138 gemellos
1049 4042 1158 4115 Jasou
1183 4047 1309 4117 autem
1327 4041 1480 4136 cupidus
1500 4040 1638 4137 gloriae,
1656 4062 1730 4117 uon
1755 4041 1889 4118 oblitus

718 4163 866 4240 honoris
897 4164 954 4239 sui
992 4162 1106 4238 voluit
1130 4163 1186 4238 ire
1219 4163 1317 4238 viam
1351 4183 1471 4257 suam,
1496 4169 1534 4237 et
1563 4162 1727 4258 promisit
1758 4163 1888 4258 lsiphili

718 4292 948 4361 sacramento
974 4305 1014 4360 se
1045 4284 1251 4359 rediturum
1277 4304 1344 4383 per
1377 4284 1535 4358 insulam
1567 4285 1735 4378 Lemnos,
1762 4289 1799 4359 et
1828 4303 1889 4359 as-

718 4412 955 4502 sumpturum
980 4405 1095 4501 ipsam
1120 4405 1158 4479 in
1193 4425 1363 4501 sponsam
1394 4403 1543 4478 unicam
1577 4403 1608 4478 si
1638 4409 1889 4481 reverteretur

717 4526 792 4600 voti
818 4545 978 4620 compos.
1005 4524 1075 4598 Sed
1103 4528 1230 4618 captus
1264 4545 1361 4599 novo
1390 4543 1520 4599 amore
1550 4523 1685 4598 Medeae
1717 4545 1889 4600 reversus

717 4653 773 4722 est
797 4645 834 4722 in
858 4645 1027 4742 patriam,
1052 4644 1194 4740 lsiphile
1218 4645 1401 4720 derelicta.
1429 4644 1567 4720 Deinde
1593 4645 1690 4720 iama
1714 4644 1808 4720 iacta
1833 4650 1888 4720 est

716 4766 754 4840 iu
778 4766 897 4842 insula
921 4767 1079 4842 Lemnos
1100 4766 1199 4860 quod
1216 4765 1359 4860 lsiphile
1375 4764 1597 4841 liberaverat
1612 4774 1755 4861 patrem
1776 4785 1886 4840 suum

778 4994 807 5058 (¹)
824 5000 878 5055 ild,
894 4995 923 5046 in
938 4995 1064 5047 micula.
1394 4993 1421 5056 (¹)
1438 4993 1468 5044 Ε.
1485 4992 1621 5044 dmuhhat
1636 4991 1715 5044 munt
1729 4994 1794 5046 eim.

778 5071 805 5134 (¹)
821 5071 852 5122 R
867 5072 943 5122 mitt!
959 5072 1072 5124 mirtbffl
1088 5071 1222 5124 divinitae
1239 5071 1271 5121 td
1287 5069 1440 5123 ftclendflm.
1567 5121 1570 5126 .

779 5148 808 5212 (¹)
824 5149 855 5201 Ε.
871 5156 1054 5202 cucurrerunt.
1394 5149 1421 5213 (¹)
1438 5149 1469 5200 m
1485 5148 1616 5213 duplicem
1631 5152 1773 5212 putum
