4566 6844
728 945 800 1014 516
1125 955 1330 1014 mummii
1353 959 1506 1014 mmm

725 1123 814 1196 copo
840 1122 864 1173 o
889 1103 1018 1175 tulto
1035 1119 1100 1174 eru
1116 1105 1286 1197 cappello,
1307 1104 1395 1198 quia
1419 1104 1553 1180 scilicet
1574 1124 1700 1180 comes
1719 1105 1896 1202 Ugolinus

727 1223 874 1298 tenebat
900 1242 1011 1295 suum
1042 1229 1152 1316 caput
1181 1243 1293 1318 supra
1323 1231 1434 1320 caput
1465 1224 1737 1321 archicpiscopi,
1772 1233 1811 1301 ct
1844 1231 1901 1302 tc·

726 1343 836 1440 gebat
868 1340 958 1415 illud
992 1361 1098 1416 more
1131 1342 1271 1438 capelli,
1301 1364 1374 1419 nou
1404 1351 1530 1420 tumen
1558 1343 1605 1420 ud
1636 1343 1900 1441 defensionem,

727 1462 802 1537 imo
826 1461 874 1535 ad
898 1459 1188 1536 crudelissimum
1218 1461 1469 1538 offensionem.
1502 1464 1546 1538 Et
1575 1463 1759 1558 specificat
1788 1465 1899 1540 istam

725 1581 908 1656 rosioncm
936 1580 1061 1677 capitis
1094 1601 1304 1676 perunum
1337 1583 1651 1677 comparationem
1686 1583 1793 1659 raldo
1821 1585 1900 1660 clu-

725 1721 808 1776 ram
839 1707 877 1775 ct
904 1699 1156 1794 domesticam,
1185 1699 1328 1776 diceus:
1354 1723 1373 1774 e
1402 1705 1428 1775 r'i
1454 1723 1624 1794 sooraoo,
1656 1701 1804 1796 scilicet,
1835 1723 1899 1780 co-

726 1839 817 1913 mes,
841 1839 926 1912 pose
950 1823 976 1892 t·
1000 1821 1093 1892 doto
1113 1821 1172 1892 alt
1185 1821 1293 1912 altro,
1313 1819 1460 1914 scilicet,
1477 1821 1760 1917 archiepiscopo,
1778 1813 1899 1900 ldooc

724 1942 894 2013 dccccl
921 1959 959 2012 sc
986 1941 1113 2030 piunpc
1145 1959 1213 2012 cort
1245 1942 1282 2012 lu
1316 1960 1420 2032 nucu,
1450 1941 1554 2035 idest,
1587 1940 1763 2038 occipitio.
1794 1941 1897 2018 Unde

727 2064 824 2153 notu,
855 2057 954 2153 quod
987 2057 1081 2132 deut
1112 2057 1263 2134 tradunt
1292 2058 1499 2154 peritissimi
1529 2059 1667 2155 physici
1697 2061 1894 2135 cerebrum

725 2179 788 2252 dat
812 2179 986 2254 virtutem
1013 2199 1142 2254 sensus
1171 2185 1209 2252 et
1238 2185 1361 2252 motus
1390 2179 1455 2254 toti
1485 2179 1647 2274 corpori3
1677 2178 1759 2254 ideo
1784 2199 1896 2275 opor-

726 2297 796 2371 tuit
829 2295 926 2391 quod
963 2302 1080 2372 totum
1117 2298 1314 2373 cerebrum
1349 2298 1486 2393 aliquid
1518 2298 1741 2392 substantia,
1764 2305 1802 2374 et
1827 2298 1895 2374 ali-

727 2417 813 2513 quid
839 2417 1080 2492 similitudinis
1104 2437 1182 2491 suae
1208 2417 1370 2492 mitteret
1394 2437 1461 2512 per
1486 2422 1601 2493 totam
1626 2417 1789 2512 corporis
1814 2418 1895 2492 lou·

725 2537 939 2633 gitudinem.
966 2537 1042 2610 lloc
1066 2543 1193 2610 autem
1218 2536 1303 2611 lucit
1335 2535 1511 2613 mittendo
1543 2537 1742 2612 medullam
1772 2536 1894 2613 album

727 2677 811 2751 quae
837 2675 934 2730 nucu
959 2662 1135 2749 vocatur;
1166 2676 1250 2750 quae
1279 2656 1439 2731 medulla
1464 2657 1578 2732 tendit
1607 2677 1673 2752 per
1699 2655 1896 2753 longitudi-

726 2795 812 2850 nem
838 2775 921 2848 colli
947 2781 985 2850 et
1009 2775 1118 2869 dorsi,
1140 2774 1397 2850 administrans
1421 2781 1565 2850 motum
1592 2775 1656 2849 toti
1682 2775 1777 2869 porti
1804 2774 1895 2850 inie-

726 2896 815 2972 riori
839 2896 1002 2991 corporis
1026 2915 1092 2990 per
1121 2915 1255 2970 nervos
1283 2902 1384 2970 ortos
1413 2895 1461 2970 ab
1490 2896 1577 2991 ipsu.
1605 2895 1689 2970 ldeo
1714 2895 1894 2970 subtiliter

725 3016 810 3091 dicit
835 3016 967 3091 bootes
993 3015 1091 3109 quod
1110 3015 1179 3090 iste
1195 3035 1320 3090 comes
1345 3014 1498 3110 coeperit
1511 3009 1549 3106 (¹)
1573 3013 1889 3109 archiepiscopum

726 3137 859 3212 rodere
883 3156 928 3210 ea
951 3143 1056 3231 parte
1085 3156 1159 3230 qua
1184 3135 1383 3210 cerebrum
1408 3133 1644 3230 coniungitur
1669 3153 1755 3208 cum
1781 3153 1889 3227 nucu,

724 3249 796 3332 cosi
819 3275 916 3330 come
938 3259 967 3330 u
986 3276 1061 3347 pun
1082 3276 1150 3348 per
1173 3259 1270 3349 sonte
1293 3256 1326 3328 si
1349 3256 1533 3330 munduca.
1552 3254 1596 3328 lit
1612 3253 1671 3329 hic
1691 3260 1778 3330 notu
1794 3252 1894 3348 quod

724 3377 950 3471 comparatio
976 3375 1043 3450 ista
1060 3374 1207 3470 propria
1227 3375 1322 3450 bene
1338 3374 1510 3450 convenit
1526 3373 1612 3449 huic
1628 3373 1728 3450 aeui
1748 3381 1786 3449 et
1805 3393 1894 3470 ope-

726 3495 867 3570 rationi.
893 3495 994 3568 Sicut
1021 3495 1121 3569 enim
1151 3515 1197 3569 ex
1230 3495 1328 3568 lamo
1356 3495 1469 3569 homo
1498 3493 1706 3568 avidissime
1735 3493 1895 3568 comedit
1945 3517 1948 3526 ’

725 3635 857 3710 panem
876 3613 923 3688 ad
938 3614 1144 3688 satiandum
1161 3614 1364 3710 appetitum
1385 3635 1508 3708 suum,
1525 3613 1575 3688 itu
1593 3614 1661 3688 istc
1677 3633 1724 3688 er
1741 3614 1797 3687 ira
1813 3614 1899 3690 avi·

725 3733 872 3810 dissime
904 3732 1057 3807 rodebat
1087 3733 1283 3809 cerebrum
1305 3725 1422 3824 (²),ud
1454 3731 1659 3808 satiandum
1691 3732 1895 3828 appetitum

726 3851 903 3928 vindictae.
937 3853 1029 3926 Nota
1061 3851 1173 3928 ctiam
1203 3853 1302 3947 quod
1330 3858 1440 3927 autor
1473 3873 1539 3948 per
1572 3852 1678 3926 istam
1710 3851 1895 3928 fictionem

725 3974 787 4049 dat
810 3972 959 4069 intelligi
985 3971 1084 4067 quod
1109 3991 1211 4047 mors
1235 3971 1488 4048 crudelissima
1508 3972 1651 4048 comitis
1672 3971 1813 4069 Ugolini
1832 3991 1896 4046 ro·

724 4094 787 4187 dit,
804 4092 942 4168 lacerat
967 4097 1005 4167 ct
1029 4091 1181 4167 insumat
1198 4090 1418 4168 memoriam
1441 4091 1722 4186 archiepiscopi3
1739 4091 1822 4166 ideo
1838 4090 1896 4165 in-

725 4212 803 4286 linit
831 4213 958 4288 dentes
992 4212 1029 4286 in
1059 4211 1229 4288 cellulam
1263 4211 1518 4286 memorialem
1549 4210 1655 4306 illius,
1688 4210 1782 4285 sicut
1810 4229 1895 4286 mo-

725 4333 913 4410 morderat
936 4332 1004 4408 sibi
1028 4331 1095 4428 ipsi
1120 4352 1252 4408 manus
1277 4352 1325 4406 er
1356 4331 1494 4408 dolore.
1507 4335 1660 4406 -Norc
1688 4329 1754 4408 llic
1782 4337 1892 4406 autor

724 4455 850 4529 rolens
881 4451 1076 4530 ostendere
1107 4453 1201 4526 iram
1237 4451 1476 4529 insatiabilem
1508 4451 1652 4528 comitis
1674 4442 1710 4544 (³)
1745 4450 1893 4528 adducit

724 4576 833 4650 aliam
859 4573 1170 4668 comparationem
1196 4573 1313 4669 magis
1335 4573 1520 4669 propriam
1546 4571 1593 4648 de
1616 4571 1688 4648 clio
1713 4572 1777 4667 qui
1800 4591 1893 4646 usus

725 4702 781 4770 est
805 4694 910 4768 simili
937 4701 1022 4769 actu
1048 4693 1271 4768 bestialitatis
1290 4694 1328 4767 in
1344 4693 1450 4770 simili
1467 4713 1555 4768 cusu
1573 4715 1686 4788 supra
1703 4692 1893 4768 inimicum

786 4909 815 4972 (Ἰ
831 4909 862 4960 li.
879 4909 957 4973 cmplt
970 4887 1193 4972 archiepiscopum
1210 4908 1303 4960 rodere
1319 4913 1393 4972 parto
1408 4921 1468 4972 quc.

787 4985 814 5048 ι’)
832 4987 862 5038 n.
879 4986 1018 5038 cerebrum
1033 4986 1095 5038 lruic
1110 4986 1143 5038 cd
1157 4985 1310 5038 numum.

786 5063 813 5124 (¹)
830 5063 861 5114 lt
877 5063 978 5114 comitis
993 5062 1096 5128 Ugolinl
1112 5063 1227 5126 predicti
1243 5061 1354 5114 adducit.
