4606 6840
674 924 745 992 282
1069 933 1273 988 conauruu
1298 933 1451 986 norsum

673 1079 730 1155 hic
754 1079 872 1153 oritur
905 1079 1094 1173 dubitatio,
1120 1079 1307 1174 quomodo
1333 1077 1533 1154 Palladium
1560 1099 1651 1176 ergo
1676 1078 1843 1175 pervenit

670 1200 717 1274 ad
734 1220 866 1274 manus
883 1199 992 1284 Dneae
1009 1199 1039 1272 si
1057 1201 1189 1296 Ulyxes
1207 1206 1244 1274 et
1257 1199 1449 1274 Diomedes
1464 1199 1674 1274 babuerunt
1697 1200 1842 1294 ipsum?

672 1322 727 1395 De
750 1323 820 1394 boc
846 1319 950 1393 multi
969 1321 1085 1394 multa
1103 1319 1248 1413 dicunt;
1265 1319 1340 1413 sed,
1357 1325 1399 1393 ut
1416 1319 1540 1394 scribit
1557 1319 1706 1413 Plinius,
1723 1321 1841 1394 lineas

673 1447 864 1538 postquam
890 1440 1056 1535 pervenit
1071 1432 1107 1533 (⁴)
1134 1440 1170 1514 in
1196 1441 1337 1516 ltaliam
1363 1441 1410 1515 ad
1442 1440 1626 1515 civitatem
1655 1441 1842 1535 Laurenti,

673 1561 736 1635 ubi
762 1567 849 1634 tunc
876 1561 1052 1656 regnabat
1077 1581 1143 1635 rex
1164 1561 1324 1656 Latinus,
1343 1561 1479 1654 recepit
1496 1561 1699 1635 Palladium
1716 1582 1739 1635 a
1757 1560 1843 1635 Dio-

674 1681 790 1757 mede
819 1681 965 1754 Constet
990 1681 1087 1755 enim
1105 1681 1202 1777 apud
1223 1701 1351 1758 omnes
1367 1687 1518 1756 autores
1536 1681 1634 1776 quod
1652 1681 1845 1757 Diomedes

675 1809 755 1897 post
785 1801 967 1876 excidium
1002 1801 1119 1876 Vroiae
1154 1803 1319 1877 venitin
1351 1803 1509 1897 ltaliam3
1543 1803 1641 1878 unde
1675 1802 1845 1898 Virgilius

675 1923 809 2016 scribit
827 1922 926 2016 quod
942 1923 1088 1996 Turnus
1105 1922 1311 2018 imploravit
1328 1922 1506 1997 auxilium
1528 1943 1551 1997 a
1565 1923 1740 1998 Diomede
1756 1943 1847 1996 coo-

676 2051 731 2120 tra
749 2045 899 2137 Eneam,
926 2063 994 2120 nec
1019 2043 1184 2117 obtinuit.
1206 2044 1298 2118 Nota
1324 2043 1434 2118 etiam
1455 2042 1554 2136 quod
1580 2049 1688 2117 autor
1713 2043 1846 2117 merito

675 2162 777 2260 tingit
794 2163 984 2260 Virgilium
1009 2163 1077 2238 ista
1103 2183 1266 2256 narrare,
1285 2162 1371 2256 quia
1389 2161 1560 2259 Virgilius
1577 2162 1646 2238 ista
1662 2162 1844 2256 describit,

676 2304 787 2378 quem
819 2290 928 2358 autor
959 2284 1085 2358 nititur
1110 2284 1254 2358 imitari.
1282 2285 1373 2358 Nota
1399 2283 1509 2361 etiam
1536 2283 1635 2376 quod
1661 2282 1845 2356 excidium

675 2405 884 2480 Thebarum
898 2396 937 2498 (¹)
969 2405 1035 2478 suit
1066 2425 1198 2500 parum
1223 2411 1309 2479 ante
1334 2403 1517 2480 excidium
1543 2403 1660 2478 lrniae
1676 2393 1726 2496 (³).
1753 2405 1846 2478 Nam

676 2524 819 2620 tydeus
845 2525 1061 2600 fortissimus
1078 2531 1181 2620 pater
1197 2524 1382 2598 tortissimi
1401 2523 1584 2599 Diomedis
1607 2523 1676 2597 luit
1698 2522 1736 2596 in
1753 2521 1848 2598 bello

678 2646 847 2738 thebano,
861 2652 898 2719 et
913 2633 949 2737 (⁸)
968 2647 1159 2739 Capaneus
1176 2643 1243 2718 luit
1263 2644 1300 2718 in
1323 2643 1420 2718 bello
1443 2643 1614 2736 thebano,
1630 2642 1737 2718 cuius
1754 2641 1849 2717 filius

678 2766 845 2844 Stelenus
862 2766 929 2839 suit
946 2765 982 2838 in
1003 2764 1098 2840 bello
1115 2764 1256 2838 troiano
1270 2784 1357 2838 cum
1371 2763 1556 2856 Diomede,
1578 2764 1693 2858 Ulyxe
1710 2768 1747 2836 et
1767 2761 1846 2836 aliis

679 2886 827 2983 regibus
857 2905 1077 2983 graeoorum,
1104 2885 1167 2979 qui
1200 2884 1449 2959 militaverunt
1473 2883 1542 2958 sub
1567 2883 1848 2978 Agamemnone

679 3007 901 3101 imperatore
925 3006 1118 3080 exercitus.
1145 3004 1247 3080 Unde
1271 3005 1453 3079 Homerus
1473 3004 1565 3077 libro
1582 3003 1626 3078 lV
1645 3001 1772 3076 iliados
1790 3001 1848 3073 in-

680 3129 837 3202 troducit
861 3127 1186 3223 Agamemnonem,
1204 3126 1267 3220 qui
1285 3125 1369 3200 dicit
1385 3129 1513 3198 contra
1538 3125 1710 3219 Ulyxem:
1737 3123 1780 3194 Et
1806 3127 1847 3194 tu

680 3246 922 3342 vulpineficte
935 3246 1024 3322 dolis
1045 3247 1161 3321 malis.
1174 3287 1223 3300 -
1236 3249 1300 3320 Sei.
1320 3247 1424 3320 Nunc
1440 3255 1549 3322 autor
1566 3243 1732 3336 ostendit,
1754 3260 1849 3335 quo·-

680 3368 789 3442 modo
815 3369 890 3463 ipse
914 3368 1030 3442 lactus
1055 3367 1183 3442 avidus
1207 3366 1379 3460 loquendi
1404 3387 1490 3440 cum
1516 3365 1592 3438 istis
1618 3363 1759 3460 magnis
1776 3361 1849 3456 spi-

680 3489 809 3562 ritibus
841 3488 1025 3584 rogaverit
1040 3479 1076 3578 (⁵)
1112 3486 1302 3584 Virgilium
1336 3487 1434 3581 quod
1458 3486 1563 3560 daret
1588 3485 1654 3558 sibi
1688 3482 1846 3577 spatium

679 3606 852 3701 loquendi
877 3626 962 3680 cum
989 3607 1056 3700 eis;
1083 3606 1180 3682 unde
1200 3606 1345 3682 adiurat
1362 3626 1450 3681 eum
1471 3603 1745 3699 importunitate
1762 3620 1848 3696 pre-

680 3749 766 3802 cum
792 3726 938 3802 dicens:
959 3729 1042 3800 diss'
1055 3729 1114 3798 io:
1138 3747 1161 3798 o
1186 3733 1350 3818 moeson,
1368 3725 1514 3819 scilieet,
1527 3723 1665 3820 Virgili,
1682 3725 1780 3795 assui
1795 3728 1851 3794 ten

679 3852 817 3940 pepo,
843 3852 880 3922 et
905 3846 990 3940 quia
1020 3865 1151 3941 parum
1184 3845 1377 3920 videbatur
1408 3844 1541 3919 dixisse
1572 3842 1725 3919 dicendo
1750 3841 1849 3934 satis,

682 3969 835 4064 repetit:
862 3989 881 4040 e
905 3969 1074 4058 riprtcpo,
1100 3965 1201 4059 idest,
1227 3971 1265 4042 et
1290 3967 1426 4040 iterum
1451 3985 1594 4060 precor,
1611 3966 1709 4038 obe'l
1724 3965 1852 4055 priapo

683 4091 803 4180 captia
833 4089 936 4179 mille,
968 4086 1102 4161 scilicet
1134 4105 1273 4182 preces,
1298 4085 1404 4179 quasi
1428 4085 1546 4160 dicat:
1573 4094 1610 4160 et
1636 4103 1727 4180 rogo
1752 4081 1852 4176 quod

683 4210 792 4284 unica
823 4207 984 4303 precatio
1015 4206 1061 4279 sit
1092 4212 1167 4280 tam
1197 4205 1328 4280 efficax
1358 4215 1395 4282 et
1427 4210 1501 4279 tam
1527 4211 1655 4299 potens
1679 4201 1776 4297 apud
1802 4207 1850 4293 te,

683 4329 782 4424 quod
812 4330 930 4404 valeat
963 4333 1106 4400 tantum
1141 4332 1320 4420 quantum
1347 4325 1377 4399 si
1402 4326 1562 4400 lacerem
1588 4322 1688 4398 mille
1711 4339 1851 4416 preces,

682 4453 741 4524 cte
765 4471 837 4522 non
861 4453 910 4522 mi
930 4451 1023 4544 sacci
1046 4451 1160 4538 otepo,
1187 4446 1288 4540 idest,
1315 4445 1558 4544 negationem,
1582 4447 1641 4516 aa
1662 4445 1852 4534 manbre,

683 4571 784 4662 idest,
809 4569 856 4644 de
881 4575 1088 4662 expectare.
1117 4566 1217 4642 Unde
1242 4567 1324 4641 vido
1348 4566 1447 4660 quod
1472 4569 1581 4640 autor
1607 4569 1712 4660 rogat
1731 4561 1851 4660 Virgi-

682 4690 785 4783 lium,
803 4699 846 4765 ut
864 4689 1035 4785 dignetur
1061 4694 1256 4783 expectare
1282 4693 1425 4761 tantum
1451 4686 1550 4782 quod
1572 4686 1746 4779 loquatur
1764 4704 1851 4760 cum

685 4811 770 4904 istis,
791 4809 877 4904 quia
904 4809 932 4882 si
958 4808 1128 4906 Virgilius
1155 4807 1388 4902 processisset
1413 4809 1450 4881 in
1475 4807 1534 4882 via
1555 4827 1634 4899 sua,
1651 4813 1761 4880 autor
1778 4826 1853 4880 non

688 4948 768 4958 ..-—-

746 4995 775 5056 υ)
791 4999 844 5054 tlt,
861 4995 938 5045 venit
1127 4995 1155 5059 ξ’)
1172 4995 1202 5046 lt
1219 4994 1400 5046 tbebmoruno
1525 4993 1552 5057 (D
1568 4993 1594 5044 S.
1610 4993 1750 5043 troianum.

748 5071 775 5135 (⁸)
790 5071 821 5122 ll.
837 5075 864 5121 et
879 5075 969 5136 coptus
986 5071 1044 5124 tuit.
1126 5073 1153 5136 (⁸)
1171 5077 1224 5132 rto,
1240 5072 1349 5137 rogarit.
