4534 6842
701 864 839 922 caurus
863 865 1053 923 vrousruus
1078 867 1270 924 snouunus.
1497 860 1566 926 127

402 1008 609 1084 venientem
634 1010 945 1105 comparationem
969 1012 1016 1086 ad
1041 1011 1295 1108 explicandum
1320 1011 1415 1087 bene
1439 1022 1564 1089 actum

399 1131 602 1206 obscenum
627 1137 665 1206 et
687 1153 864 1226 spurcum
889 1132 984 1208 illius
1008 1132 1226 1208 Barbarioiae
1257 1133 1431 1208 baratarii
1461 1140 1563 1210 vete-

399 1250 467 1345 ris3
489 1251 572 1327 ideo
588 1252 771 1347 percurrit
786 1252 947 1328 breviter
964 1253 1079 1328 multa
1096 1271 1209 1348 opera
1226 1273 1309 1346 quae
1327 1252 1467 1328 viderat
1484 1252 1563 1328 lieri

399 1371 437 1446 in
462 1371 601 1446 mundo
626 1371 693 1446 isto
720 1373 1010 1468 unumquodque
1041 1373 1110 1448 sub
1144 1377 1245 1447 certo
1270 1371 1384 1467 signo.
1411 1372 1455 1445 Et
1479 1372 1565 1446 dicit

399 1491 612 1565 summatim
629 1511 670 1566 se
686 1491 816 1566 vidisse
832 1493 870 1566 in
887 1493 992 1588 mari,
1010 1492 1046 1567 in
1063 1500 1174 1587 terra,
1189 1492 1226 1566 in
1242 1511 1342 1587 paee,
1357 1491 1393 1564 in
1412 1509 1561 1587 guerra,

398 1610 477 1685 dari
501 1611 604 1688 varia
629 1617 667 1685 et
689 1610 833 1686 diversa
858 1612 961 1708 signa
985 1633 1052 1708 pro
1082 1612 1234 1688 diversis
1259 1612 1413 1708 negotiis
1443 1621 1480 1690 et
1507 1611 1563 1686 di-

398 1723 562 1823 versisl¹l
588 1731 741 1823 actibus,
764 1731 828 1806 sed
852 1751 1058 1826 numquam
1075 1732 1163 1808 vidit
1186 1732 1331 1829 signnm
1358 1732 1474 1806 simile
1499 1753 1563 1805 su·

397 1849 542 1944 periuri.
568 1850 622 1924 bd
654 1850 798 1925 literam
829 1871 920 1946 ergo
950 1851 1129 1928 reniendo
1160 1858 1269 1928 autor
1300 1852 1418 1948 primo
1447 1852 1562 1949 tangit

396 1972 499 2068 signa
523 1971 607 2046 belli
631 1970 777 2046 dicens:
804 1974 844 2044 lo
868 1974 941 2046 vidi
963 1962 1037 2063 rid,
1062 1993 1128 2067 per
1153 1974 1222 2047 boo
1252 1979 1353 2048 notat
1381 1992 1422 2048 se
1450 1973 1562 2046 luisse

395 2091 591 2187 aliquando
611 2091 647 2164 in
664 2090 841 2184 exercitu,
859 2091 952 2165 sicut
968 2093 1085 2186 patuit
1100 2093 1139 2167 in
1155 2093 1373 2188 praecedenti
1389 2093 1559 2189 capitulo,

397 2213 459 2288 ubi
479 2211 811 2302 leeitmentionem
836 2210 883 2285 de
906 2212 1083 2307 caprona,
1109 2218 1277 2306 eandm,
1302 2214 1463 2310 intellige
1483 2220 1559 2288 tarn

393 2333 440 2408 de
464 2330 690 2427 pedestribus
703 2321 754 2424 (¹),
780 2351 893 2424 quam
919 2331 966 2407 de
990 2331 1239 2428 equestribus,
1265 2353 1352 2408 nam
1377 2332 1481 2408 miles
1505 2337 1561 2406 est

392 2471 592 2528 commune
617 2470 753 2526 nomen
778 2456 853 2525 tam
883 2451 930 2525 ad
955 2453 1103 2558 pedites,
1129 2474 1243 2547 quam
1267 2454 1314 2528 ad
1339 2453 1491 2550 equites,
1517 2459 1559 2526 ut

392 2570 590 2667 sepissime
614 2573 714 2664 patet
745 2569 842 2665 apud
872 2570 994 2645 Titum
1027 2572 1183 2666 Livium,
1212 2573 1363 2650 stallos
1388 2572 1558 2666 antiquos

391 2691 712 2786 historiographos,
745 2710 865 2764 morer
894 2711 1043 2784 compo,-
1073 2692 1111 2765 in
1125 2683 1162 2784 (³)
1193 2694 1263 2767 hoo
1291 2693 1407 2789 tangit
1430 2698 1555 2768 artum

390 2812 574 2904 bellicum,
600 2810 637 2885 in
661 2831 737 2904 quo
762 2817 817 2885 ost
841 2831 933 2906 opus
950 2831 1084 2907 magna
1100 2813 1262 2906 cautela3
1280 2834 1366 2889 nam
1384 2813 1483 2888 nulla
1501 2820 1556 2890 est

391 2932 510 3006 maior
534 2929 712 3026 sagacitas
732 2929 826 3004 duce
841 2917 878 3021 (⁴)
894 2929 990 3024 belli,
1010 2950 1124 3023 quam
1142 2931 1235 3006 scire
1251 2930 1346 3006 bene
1361 2951 1500 3026 ponere
1517 2939 1556 3008 et
1625 3011 1626 3014 ι

391 3052 516 3126 levare
540 3070 659 3124 unum
684 3068 868 3144 campum,
893 3048 992 3142 quod
1008 3041 1045 3140 (⁵)
1072 3049 1283 3124 attribuitur
1308 3050 1388 3146 regi
1412 3051 1553 3146 Pyrrho

389 3171 436 3245 ad
460 3169 784 3266 singularissimum
801 3168 959 3262 laudern,
981 3174 1023 3243 ut
1038 3169 1089 3245 alt
1105 3169 1283 3244 Hannibal
1298 3171 1554 3266 sagacissimus

257 3359 261 3364 .
283 3281 287 3288 ’
386 3290 462 3365 dux
488 3289 583 3384 belli,
605 3294 642 3364 et
666 3287 770 3363 dicit:
791 3290 1036 3361 eoomiootore
1054 3295 1200 3378 sonno,
1217 3288 1319 3383 idest,
1339 3291 1553 3386 tumultum,
1659 3387 1662 3392 Ι

386 3418 424 3486 et
449 3429 639 3484 rumorem
657 3414 784 3483 eontra
803 3414 939 3483 terram
953 3408 1160 3502 obsessam,
1177 3409 1471 3504 oppugnandam,
1489 3411 1553 3504 qui

384 3537 490 3606 actus
515 3529 626 3604 etiam
651 3529 762 3603 babet
786 3524 866 3603 fieri
883 3527 952 3602 sub
968 3535 1071 3603 certo
1087 3527 1202 3624 signo,
1220 3532 1316 3622 osor
1332 3531 1389 3602 tor
1405 3537 1553 3622 nmero,

382 3650 477 3724 siout
500 3655 557 3724 est
585 3648 632 3724 de
661 3667 766 3723 more
800 3648 837 3722 in
870 3647 1007 3741 castris,
1033 3647 1157 3722 multis
1181 3646 1227 3722 de
1256 3647 1375 3724 causis
1389 3638 1440 3743 (⁶),
1465 3669 1551 3724 cum

381 3770 504 3864 aliquo
534 3770 788 3861 instrumento,
818 3789 837 3840 e
865 3770 1010 3841 talvolta
1033 3770 1154 3860 portir
1177 3788 1246 3860 per
1275 3772 1354 3842 loro
1377 3771 1551 3862 erumpo:

381 3887 483 3983 idest,
509 3888 640 3984 lugere
664 3886 712 3961 ad
735 3885 924 3961 vitandum
940 3876 976 3978 (⁷)
1003 3887 1180 3961 damnum
1206 3894 1243 3962 et
1267 3887 1549 3983 verecundiam,

380 4008 428 4083 ad
453 4007 552 4102 quod
577 4007 688 4082 etiam
714 4005 805 4080 solet
830 4005 909 4080 dari
933 4011 1077 4080 certum
1102 4006 1259 4102 signum.
1283 4006 1326 4080 Et
1342 4007 1463 4080 subdit
1479 4027 1550 4082 au·

379 4133 450 4220 tor,
476 4147 516 4204 se
540 4125 649 4204 etiam
676 4125 808 4202 vidisse
832 4143 945 4198 unam
971 4129 1110 4199 terram
1141 4125 1380 4218 tumultuare,
1406 4125 1443 4198 in
1473 4145 1548 4219 qua

381 4247 667 4322 tumultuatione
689 4246 799 4324 datur
822 4243 970 4340 aliquod
990 4245 1136 4348 signum
1160 4265 1182 4320 a
1203 4245 1377 4340 partibus,
1395 4252 1433 4320 et
1449 4247 1548 4322 buno

379 4373 505 4443 aetum
531 4366 615 4441 dicit
640 4385 813 4462 expresse
835 4385 876 4441 se
900 4365 1031 4441 vidisse
1055 4365 1093 4439 in
1116 4365 1263 4442 civitate
1286 4366 1440 4462 aretina,
1461 4387 1546 4463 quae

378 4492 434 4562 est
458 4485 609 4562 cononis
634 4506 711 4562 suae
736 4486 862 4580 patriae
891 4485 1093 4562 Florentiae.
1120 4485 1204 4561 ldeo
1235 4488 1470 4584 apostropbat
1498 4487 1545 4564 ad

440 4738 469 4806 (Ι)
485 4747 539 4805 tto,
556 4748 583 4795 et
598 4745 625 4796 in
640 4745 754 4797 direrds.
969 4741 998 4806 (¹)
1015 4749 1069 4808 tlt,
1086 4747 1222 4810 peditibus,
1239 4759 1316 4811 quam
1332 4745 1366 4796 de
1380 4747 1517 4812 aqntttbnr.

440 4817 468 4884 (¹)
483 4820 514 4871 R
531 4825 559 4872 et
573 4822 600 4872 in
614 4822 674 4874 boo.
972 4820 999 4884 (⁸)
1014 4822 1046 4874 E.
1062 4837 1077 4874 e
1095 4827 1149 4884 llo,
1164 4823 1191 4874 ln
1207 4823 1273 4875 duee
1290 4821 1360 4874 belli.

440 4893 468 4958 (¹)
483 4895 514 4946 Ε.
529 4897 600 4961 qnod
615 4903 655 4950 ort
669 4897 824 4950 attributum
840 4897 904 4961 regi.
970 4896 998 4960 (⁸)
1014 4896 1046 4949 E.
1061 4900 1152 4959 esuris,
1169 4903 1196 4950 et
1212 4899 1241 4950 tlt
1256 4912 1317 4950 oum
1332 4898 1430 4964 aliquo.

440 4967 469 5034 0)
482 4971 514 5024 ll.
528 4973 686 5028 sumtum.
