4526 6836
727 921 773 990 to
1116 929 1321 988 nonnarum
1344 929 1495 984 rursum

725 1076 910 1153 confessor
935 1074 1142 1152 necessario
1164 1075 1312 1150 inclinat
1335 1093 1467 1149 aurem
1493 1093 1600 1148 suam
1623 1071 1671 1148 ad
1695 1078 1842 1148 terram
1856 1078 1895 1148 et

723 1203 861 1272 attente
880 1197 1063 1272 auscultat
1086 1196 1209 1290 illum3
1233 1195 1282 1270 ita
1306 1215 1330 1269 a
1354 1193 1462 1269 simili
1480 1191 1598 1268 stabat
1618 1198 1727 1269 autor
1753 1192 1812 1268 bic
1836 1193 1894 1266 in-

722 1319 877 1394 clinatus
909 1323 1106 1414 expectans
1137 1322 1278 1392 attente
1307 1315 1581 1412 respomionem
1608 1313 1703 1389 illius
1732 1313 1894 1410 plantati.

723 1439 815 1514 Dicit
840 1457 955 1534 ergo:
981 1441 1022 1510 lo
1037 1443 1153 1528 stava,
1170 1436 1305 1512 scilicet
1322 1455 1409 1510 cum
1426 1453 1520 1524 aure
1538 1435 1648 1530 juxta
1673 1455 1715 1510 os
1741 1435 1893 1513 torami-

724 1559 791 1654 nis,
817 1579 913 1633 eome
928 1561 954 1633 ’t
972 1561 1080 1653 frate,
1106 1557 1197 1633 idest
1221 1556 1352 1652 aliquis
1377 1554 1569 1654 religiosus
1593 1555 1774 1650 saoerdos
1801 1555 1896 1632 sicut

724 1677 873 1776 quidam
899 1677 1011 1754 irater
1036 1677 1157 1752 minor
1182 1678 1241 1753 vel
1265 1675 1493 1772 praedicator,
1510 1677 1570 1748 ete
1594 1679 1753 1770 consessa
1768 1677 1796 1750 it
1807 1697 1893 1768 per·

721 1801 795 1894 fido
820 1800 1011 1890 ossasstrw,
1037 1797 1129 1873 idest
1153 1796 1367 1893 perdentem
1399 1794 1507 1871 fidem
1538 1795 1604 1889 qui
1633 1795 1753 1891 prodit
1777 1795 1892 1872 alium

723 1939 791 2016 pro
807 1919 963 2015 pecunia
976 1911 1014 2012 (¹)
1032 1918 1090 1995 vel
1107 1917 1213 1993 simili
1231 1917 1353 2012 modo,
1370 1918 1430 1990 cte
1445 1918 1618 1991 nonanta
1634 1919 1695 2010 tat,
1712 1916 1804 1992 idest
1830 1938 1891 1994 re-

724 2045 831 2116 vocat
856 2039 958 2114 illum
984 2038 1243 2133 confessorem,
1264 2038 1328 2132 qui
1348 2039 1427 2134 jam
1454 2037 1647 2112 recedebat
1670 2059 1693 2112 a
1717 2037 1836 2134 lovea,
1854 2045 1892 2114 et

723 2159 994 2236 confortaverat
1018 2158 1137 2254 ipsum
1163 2177 1358 2254 usquequo
1377 2158 1500 2232 luerat
1514 2157 1653 2253 positus
1669 2178 1755 2234 oum
1773 2158 1891 2255 capite

723 2278 915 2372 deorsum;
941 2285 979 2353 et
1003 2278 1084 2354 ideo
1110 2285 1260 2356 revocat
1283 2297 1371 2354 eum
1397 2284 1439 2353 ut
1464 2278 1560 2354 dicat
1582 2279 1702 2356 adbuc
1731 2280 1798 2356 sibi
1823 2281 1891 2355 ali-

723 2398 810 2494 quid
835 2419 989 2476 enorme
1013 2405 1218 2496 peccatum,
1250 2399 1357 2476 euius
1382 2398 1503 2475 iuerat
1532 2399 1676 2496 oblitus,
1701 2403 1766 2494 po'i
1793 2399 1889 2476 clt'de

719 2522 809 2614 fillo,
834 2519 968 2594 scilicet
992 2518 1030 2594 in
1054 2519 1200 2595 foveam
1225 2529 1355 2614 terrae;
1373 2525 1409 2594 et
1431 2539 1518 2596 ecee
1542 2539 1682 2613 quare:
1700 2515 1829 2616 percle*
1850 2525 1887 2596 tn

722 2645 833 2712 morte
857 2659 967 2730 sema,
985 2638 1077 2715 idest
1100 2639 1187 2733 quin
1210 2660 1344 2736 parum
1362 2639 1528 2714 tardatur
1547 2639 1692 2714 interim
1710 2640 1771 2716 illa
1787 2661 1889 2716 mors

722 2759 868 2854 anema,
899 2758 987 2855 quia
1020 2759 1124 2834 lictor
1155 2758 1204 2834 ibi
1228 2764 1379 2856 paratus
1403 2759 1524 2834 dillert
1547 2759 1733 2836 modicum
1761 2761 1889 2856 jacere

723 2885 862 2954 terram
887 2879 925 2953 in
949 2879 1112 2975 loveam3
1135 2881 1193 2956 vel
1218 2879 1295 2956 dic:
1316 2873 1447 2973 percle*
1468 2883 1505 2954 ta
1530 2888 1653 2972 morte,
1671 2880 1762 2956 idest
1787 2902 1887 2957 mors

721 2999 866 3095 animm,
890 3020 1000 3093 cena,
1026 3000 1114 3094 quia
1138 2999 1273 3076 soilioet
1290 2999 1425 3094 aliquid
1437 2991 1474 3092 (²)
1491 3006 1696 3096 peccatum,
1713 3001 1812 3095 quod
1828 3023 1889 3076 so·
1989 3059 2003 3081 .

721 3121 800 3195 lum
817 3130 898 3198 erat
916 3120 1102 3197 sufficiens
1117 3120 1165 3196 ad
1184 3126 1343 3196 mortem
1359 3120 1503 3215 animas,
1523 3120 1722 3197 revellatur
1735 3111 1773 3214 (³)
1794 3128 1889 3198 tam-

721 3263 835 3336 quam
860 3242 961 3337 spina
985 3241 1032 3316 de
1056 3241 1168 3316 corde
1193 3241 1289 3337 eius;
1314 3248 1352 3316 et
1376 3241 1443 3316 ista
1468 3247 1525 3318 est
1549 3241 1679 3316 melior
1704 3252 1742 3319 et
1766 3244 1889 3319 verior

721 3362 908 3458 expositio.
923 3367 1030 3434 -Et
1052 3365 1084 3434 ei
1106 3353 1224 3454 prtdd.
1250 3361 1315 3438 llio
1345 3367 1454 3438 autor
1482 3361 1585 3458 ponit
1615 3363 1886 3460 responsionem

721 3480 816 3558 illius
840 3482 987 3578 spiritus
1011 3481 1075 3577 qui
1100 3481 1418 3558 subalternaverat
1441 3482 1561 3578 ipsum
1586 3489 1769 3578 autorem,
1791 3485 1888 3562 aoei-

720 3601 821 3697 piens
845 3602 965 3698 ipsum
991 3601 1072 3676 loco
1095 3595 1279 3678 Ronilaoii.
1298 3602 1353 3678 ld
1375 3602 1482 3678 cuius
1506 3603 1710 3700 peregrinae
1735 3597 1910 3680 omionisl

720 3723 994 3820 intelligentiam
1020 3730 1075 3798 est
1100 3722 1385 3819 praevidendum,
1408 3723 1507 3817 quod
1531 3745 1623 3820 papa
1648 3724 1817 3802 Nicotaus
1841 3727 1888 3802 de

719 3843 857 3920 Ursinis
882 3843 1018 3918 sciebat
1042 3863 1109 3938 per
1134 3843 1332 3939 qnamdam
1353 3844 1593 3941 prophetiam,
1612 3867 1724 3940 quam
1747 3846 1887 3922 viderat

720 3964 840 4058 rivus,
858 3962 916 4038 vel
933 3983 1000 4059 per
1016 3963 1230 4039 relationem
1244 3951 1281 4057 (⁸)
1300 3963 1453 4039 alicuius
1473 3964 1660 4061 demonis,
1677 3966 1778 4060 quod
1792 3986 1886 4062 papa

720 4083 925 4162 molamus
949 4083 1105 4161 debebat
1130 4090 1229 4161 stare
1253 4085 1290 4160 in
1315 4091 1450 4181 papatu
1466 4085 1571 4160 annis
1592 4093 1675 4162 octo
1693 4093 1732 4162 et
1751 4087 1887 4162 mensi-

720 4205 788 4280 bus
813 4223 964 4300 novem3
991 4210 1028 4280 et
1053 4205 1140 4299 quia
1165 4205 1371 4281 Boniiacius
1396 4210 1476 4282 erat
1500 4205 1641 4302 primus
1666 4206 1887 4284 simoniacus

721 4331 801 4422 post
825 4345 925 4419 eum,
943 4325 1024 4400 ideo
1041 4325 1137 4400 bene
1160 4333 1270 4400 autor
1295 4325 1475 4401 subtiliter
1495 4323 1607 4422 fingit,
1625 4327 1725 4420 quod
1740 4327 1801 4402 ille
1817 4348 1886 4402 au-

718 4446 821 4521 diens
840 4453 1010 4520 autorem
1028 4443 1178 4519 credidit
1195 4443 1314 4540 ipsum
1333 4465 1413 4520 esse
1426 4436 1464 4538 (⁵)
1482 4444 1719 4542 Boniiaoium‚
1736 4447 1824 4541 qnia
1840 4447 1887 4525 ad

718 4563 816 4638 illam
842 4561 1005 4658 bulgiam
1032 4582 1105 4637 non
1137 4569 1243 4638 erant
1272 4563 1366 4638 soliti
1397 4564 1453 4640 ire
1484 4565 1551 4640 nisi
1577 4566 1808 4642 solummodo
1839 4567 1889 4642 si·

718 4681 887 4776 moniaci,
912 4688 950 4756 et
981 4701 1186 4777 numquam
1216 4690 1296 4781 post
1327 4691 1485 4759 mortem
1513 4685 1592 4760 eius
1617 4692 1770 4762 venerat
1793 4687 1887 4762 alius

717 4823 814 4901 papa
837 4801 1074 4897 simoniacus;
1092 4803 1173 4878 ideo
1190 4804 1406 4899 expectabat
1424 4825 1524 4902 eum,
1546 4825 1614 4880 nec
1631 4810 1775 4901 poterat
1793 4807 1887 4882 ima-

779 4991 807 5054 (Ἰ
822 4991 853 5042 lt.
870 4991 986 5055 pontinia,
1003 4991 1045 5044 rel
1060 4992 1161 5054 ooeidit,
1178 4991 1220 5044 rel
1236 4991 1287 5042 alio
1303 4991 1381 5042 simili
1397 4992 1484 5042 modo.
1617 4991 1646 5056 β)
1661 4991 1692 5043 B.
1708 4991 1823 5057 aliquod.

780 5065 807 5130 ι’)
822 5067 855 5120 B.
871 5067 1002 5120 relevavit
1064 5068 1090 5131 (ll
1107 5069 1137 5120 lt
1154 5069 1347 5122 revelationem.
1409 5065 1437 5132 (Ἴ
1454 5072 1508 5132 tlt.
1524 5080 1580 5122 m
1594 5081 1687 5134 papam
1701 5069 1869 5124 bombum
