4606 6840
661 899 732 964 27⁰
1052 904 1256 960 comedumt
1281 905 1431 958 turnum

662 1051 931 1126 multitudinem
956 1049 1175 1124 luctolarum
1189 1042 1226 1142 (¹)
1258 1047 1460 1123 lucentium
1489 1066 1556 1141 per
1584 1045 1828 1141 campaniam,

661 1174 711 1248 ita
736 1192 835 1246 nnuc
851 1177 959 1244 autor
977 1169 1122 1244 videbat
1141 1188 1314 1265 magnam
1331 1165 1602 1242 multitudinem
1619 1167 1830 1240 animarum

662 1295 848 1369 clarorum
874 1289 1074 1364 volantium
1101 1309 1166 1383 per
1191 1288 1368 1386 bulgum,
1387 1307 1470 1382 quae
1490 1293 1575 1362 suut
1592 1289 1692 1362 leues
1714 1293 1751 1361 et
1769 1307 1834 1360 va-

664 1419 792 1509 gantes
829 1410 876 1484 ad
913 1409 1063 1484 modum
1102 1408 1318 1484 luciolarum
1335 1401 1384 1500 (²).
1418 1409 1463 1483 Et
1494 1407 1601 1482 dicit:
1635 1401 1666 1480 si
1699 1409 1834 1479 com’io

666 1533 868 1620 m'cccoroi,
886 1529 986 1622 idest,
1008 1527 1101 1602 sicut
1121 1548 1192 1623 ego
1208 1527 1479 1623 comprehendi,
1498 1535 1585 1601 msto
1602 1530 1661 1600 che
1673 1530 1728 1621 fui
1746 1528 1836 1599 dooc

665 1653 831 1746 tlsmrdo
858 1668 988 1742 porca,
1017 1647 1119 1741 idest,
1150 1647 1272 1721 statim
1304 1668 1390 1722 cum
1425 1648 1574 1743 perveni
1609 1647 1654 1722 ad
1687 1648 1835 1721 culmen

668 1771 785 1868 pontis
810 1767 939 1861 octavI,
965 1767 1012 1842 de
1037 1788 1112 1860 quo
1137 1773 1302 1861 poteram
1328 1769 1443 1843 libere
1460 1769 1643 1863 respicere
1660 1764 1833 1862 quicquid

669 1897 748 1966 erat
773 1889 810 1963 iu
834 1887 947 1962 tundo
972 1886 1118 1982 bulgiae,
1144 1887 1193 1962 ita
1219 1888 1317 1981 quod
1335 1908 1408 1962 uon
1426 1888 1588 1982 oportuit
1604 1887 1662 1961 hic
1682 1887 1838 1961 descen-

669 2012 758 2086 dero
782 2009 827 2082 ad
852 2006 1007 2082 iundnm
1033 2006 1177 2102 bulgiae,
1205 2007 1299 2081 sicut
1329 2006 1490 2101 oportuit
1523 2007 1558 2080 in
1587 2006 1711 2102 bulgia
1742 2023 1839 2099 prae·

670 2130 823 2222 cedenti,
849 2128 934 2222 quia
960 2128 1020 2200 illa
1044 2127 1168 2222 bulgIa
1194 2133 1275 2200 erat
1300 2127 1456 2201 obscura
1482 2128 1587 2222 plena
1609 2126 1840 2221 serpentibus

670 2251 770 2344 atus,
791 2249 858 2324 ista
876 2269 965 2322 vero
983 2254 1063 2322 erat
1080 2247 1179 2322 clara
1196 2249 1302 2341 plena
1320 2247 1464 2344 ignibus
1484 2249 1621 2322 lucidIs.
1636 2253 1731 2320 -E
1745 2249 1839 2338 print

671 2371 736 2444 Ilio
766 2379 874 2444 autor
909 2367 1078 2442 describit
1110 2374 1252 2441 motum
1287 2368 1432 2442 illarum
1457 2359 1493 2459 (³)
1527 2368 1737 2442 animarum
1775 2385 1842 2460 per

675 2511 785 2564 unam
813 2488 970 2562 nobilem
1004 2487 1327 2586 comparationem,
1354 2507 1449 2582 quae,
1482 2488 1569 2582 quia
1599 2487 1743 2564 videtur
1775 2486 1844 2560 ob·-

674 2629 793 2702 scura,
820 2608 866 2681 ad
892 2607 985 2681 illius
1011 2608 1149 2682 claram
1167 2595 1203 2698 (⁴)
1237 2607 1481 2703 coguitionem
1514 2615 1659 2703 oportet
1689 2627 1843 2704 percur-

677 2751 761 2805 rore
786 2731 933 2825 longam
960 2727 1157 2802 historiam.
1177 2729 1238 2801 Est
1255 2729 1366 2824 Igitur
1384 2729 1573 2802 sciendum
1599 2749 1666 2823 pro
1692 2727 1845 2803 eviden-

678 2850 726 2924 tia
755 2849 853 2942 quod
889 2848 935 2921 de
973 2846 1049 2920 Elia
1087 2855 1124 2921 et
1161 2846 1278 2921 Elisoo
1303 2853 1482 2922 tractatur
1521 2850 1679 2921 multum
1713 2846 1846 2921 dilluse

679 2971 785 3043 tertio
811 2969 903 3042 libro
928 2967 1072 3064 Regum
1099 2987 1228 3042 versus
1252 2966 1375 3060 finem,
1402 2975 1439 3042 et
1470 2968 1563 3042 libro
1589 2978 1722 3062 quarto
1747 2967 1844 3041 circa

679 3090 907 3187 principium.
929 3088 1011 3162 Fuit
1037 3107 1126 3184 ergo
1152 3087 1247 3162 lllias
1273 3091 1449 3183 propheta
1475 3080 1699 3181 mirabilisl5)
1718 3095 1755 3162 et
1771 3087 1848 3161 sin-

679 3209 827 3307 gularis,
862 3208 948 3302 quia
980 3209 1079 3312 solus
1109 3207 1176 3280 luit
1208 3227 1319 3282 verns
1344 3208 1519 3303 propbeta
1545 3209 1673 3283 diebus
1699 3209 1785 3302 suis,
1812 3214 1849 3282 ot

680 3330 858 3404 miracula
893 3329 1009 3401 multa
1043 3333 1080 3401 et
1116 3347 1250 3421 magna
1286 3327 1381 3421 lecit,
1418 3327 1481 3422 qui
1519 3328 1649 3405 claruit
1683 3335 1851 3424 tempore

681 3449 804 3524 Achab
830 3448 926 3544 regis
951 3447 1086 3521 Israhel
1111 3445 1148 3519 in
1177 3447 1354 3522 Samaria.
1386 3449 1468 3523 Fuit
1493 3455 1530 3524 et
1555 3450 1649 3523 Elias
1680 3450 1737 3526 vir
1769 3469 1850 3521 ma·

682 3589 765 3666 gnae
778 3557 814 3660 (⁶)
841 3565 1038 3641 sanctitatis
1062 3565 1340 3660 et'autoritatis,
1366 3568 1501 3662 pilosus
1518 3589 1684 3663 corpore,
1701 3567 1851 3642 indutus

683 3687 833 3784 pellicia.
859 3686 924 3760 illc
949 3684 1042 3760 Elias
1073 3691 1239 3778 tempore
1264 3705 1410 3781 magnae
1434 3688 1603 3764 siccitatis
1628 3707 1712 3781 quae
1736 3687 1852 3761 dura·

685 3807 736 3882 vit
760 3826 826 3901 per
850 3805 1060 3898 triennium,
1087 3825 1173 3878 cum
1191 3804 1307 3880 sames
1324 3826 1457 3902 magna
1475 3815 1571 3882 esset
1592 3807 1688 3882 intra
1707 3808 1852 3900 urbem,

685 3928 731 4001 de
756 3925 928 4000 mandato
952 3925 1096 3998 bomin
1123 3924 1234 3999 exivit
1259 3925 1297 3999 in
1321 3926 1565 4022 solitudinem,
1584 3929 1646 4003 nbi
1666 3929 1767 4004 corvi
1793 3947 1854 4001 so-

687 4047 772 4122 liciti
788 4054 969 4143 paverunt
994 4067 1080 4121 cum
1107 4067 1201 4142 pano
1225 4053 1263 4121 et
1283 4048 1475 4141 carnibus;
1493 4047 1721 4144 deindepost
1741 4049 1854 4123 trien-

688 4167 791 4242 nium
834 4187 1004 4242 reversus
1038 4169 1084 4242 de
1118 4173 1301 4262 praecepto
1334 4169 1479 4242 Domini
1514 4169 1613 4243 veuit
1650 4170 1698 4244 ad
1731 4171 1854 4244 hobab

691 4309 829 4384 regem,
848 4288 910 4382 qui
936 4289 1062 4364 videus
1086 4308 1176 4363 eum
1193 4287 1306 4361 dixit:
1327 4307 1447 4363 noune
1464 4297 1504 4361 tu
1528 4309 1568 4363 os
1593 4288 1653 4364 ille
1677 4289 1740 4383 qui
1766 4309 1855 4362 con-

692 4410 816 4484 turbas
840 4410 1006 4484 Israhel?
1031 4409 1098 4484 Cui
1129 4406 1224 4482 Elias
1253 4409 1428 4484 audacter
1453 4408 1659 4503 respondit:
1686 4429 1758 4483 non
1784 4429 1854 4505 ego

693 4528 836 4603 turbavi
853 4529 1000 4622 Israhel,
1018 4528 1082 4602 sed
1099 4535 1138 4603 tu
1163 4535 1199 4604 et
1216 4528 1347 4603 domus
1367 4529 1479 4624 patrIs
1497 4531 1562 4623 tui,
1578 4529 1641 4623 qui
1658 4529 1856 4624 dereliqui-

692 4648 754 4722 stis
779 4647 947 4721 mandata
960 4647 1105 4722 Domini
1128 4648 1327 4726 servientes
1353 4649 1464 4724 idolis.
1483 4650 1528 4726 Et
1547 4648 1672 4744 petivit
1688 4650 1782 4724 Elias
1803 4657 1856 4744 ut,

754 4868 780 4931 (¹)
796 4868 827 4918 B.
843 4867 1024 4932 lucIcolarnm,
1041 4872 1076 4921 ita
1092 4885 1161 4922 nnnc
1177 4877 1254 4922 antor
1270 4873 1339 4923 ridet
1354 4887 1483 4938 magnam.
1572 4873 1600 4939 (¹)
1616 4876 1647 4927 lt.
1663 4875 1843 4926 lacteolamm.

754 4943 781 5007 (¹)
798 4943 827 4994 It.
840 4943 948 4996 istarum
957 4947 1103 4998 antmrrnm
1120 4960 1166 5010 per
1182 4961 1261 4998 unam
1273 4951 1453 5002 rationabilem
1462 4953 1697 5016 campumbonum
1708 4965 1774 5016 qun,
1786 4953 1855 5016 qnia.

756 5017 782 5084 (⁸)
800 5024 852 5081 tto,
869 5034 933 5086 ergo
950 5023 1056 5074 claram.
1119 5022 1146 5084 (¹)
1163 5023 1193 5074 E.
1210 5025 1338 5076 maximus
1353 5027 1486 5080 mirabills.
1572 5027 1598 5088 ι’)
1615 5028 1646 5080 E.
1661 5030 1788 5080 mima.
