4526 6836
688 973 825 1030 usurus
851 975 1006 1031 nncruus
1029 975 1198 1032 ocrxrus.
1485 966 1529 1032 l'l

356 1117 518 1191 occurrit
542 1117 608 1192 sibi
623 1109 660 1211 (¹)
687 1118 882 1194 Veneticus
908 1120 1192 1216 Gaeianemicns,
1217 1139 1304 1194 enm
1330 1140 1406 1214 qno
1430 1119 1529 1194 lacto

356 1239 459 1315 brevi
484 1259 668 1334 sermone,
685 1260 783 1314 nunc
804 1241 972 1336 parvenit
985 1233 1022 1334 (¹)
1041 1241 1088 1316 ad
1106 1241 1295 1316 introitum
1313 1241 1421 1337 primi
1438 1260 1531 1336 pon-

357 1359 416 1455 tis3
442 1359 524 1434 ideo
548 1359 652 1435 dicit:
679 1383 698 1434 e
721 1365 871 1453 snotimo
896 1363 1021 1454 quello,
1047 1361 1140 1438 idest
1165 1361 1396 1436 ascendimus
1421 1359 1527 1434 illum

355 1481 546 1576 scopulum
572 1482 650 1558 sive
673 1492 821 1578 pontem
849 1483 1023 1578 primum,
1049 1485 1147 1556 assai
1171 1485 1417 1574 manenda,
1441 1481 1530 1575 quia

355 1622 428 1677 non
454 1609 534 1677 erat
557 1605 653 1678 altus
679 1605 737 1679 vel
764 1604 913 1698 arduus,
931 1603 1026 1678 sicut
1044 1603 1122 1699 ripa
1144 1623 1210 1698 per
1236 1624 1349 1698 quam
1372 1621 1530 1678 venera-

356 1742 450 1796 mus.
476 1723 521 1796 Et
549 1723 732 1820 specificat
765 1723 915 1799 modum
947 1723 1117 1818 intrandi,
1142 1723 1288 1798 dicens:
1315 1744 1335 1797 e
1362 1725 1424 1796 not
1448 1722 1531 1794 volti

356 1865 381 1915 a
404 1845 523 1918 dextro
545 1863 587 1917 su
607 1866 675 1938 per
699 1848 735 1918 to
759 1865 826 1918 aaa
845 1848 1019 1937 serenata,
1045 1844 1136 1920 idest
1161 1844 1240 1919 eius
1266 1865 1366 1939 saxo,
1384 1847 1417 1917 ct
1433 1863 1528 1936 par-

357 1966 474 2038 timmo
499 1967 548 2038 dn
573 1969 681 2058 quelle
700 1967 832 2040 cerame
848 1973 975 2059 emme,
993 1965 1085 2040 idest
1101 1965 1320 2040 recessimus
1343 1986 1365 2040 a
1391 1964 1529 2038 circulo

356 2084 529 2159 exteriori
547 2084 610 2180 qni
626 2085 763 2159 claudit
779 2106 920 2180 omnes,
933 2093 976 2160 nt
994 2085 1130 2160 dictum
1153 2092 1208 2160 est
1223 2077 1273 2179 (³),
1287 2092 1324 2160 et
1340 2095 1396 2163 est
1420 2091 1529 2159 aeter·

356 2225 402 2278 na
421 2194 458 2298 (⁸)
486 2210 523 2280 et
547 2212 646 2281 totus
671 2205 845 2281 internus.
863 2207 907 2280 Et
931 2205 1053 2280 subdit
1074 2205 1259 2300 quomodo
1284 2205 1454 2301 Virgilius
1473 2204 1529 2278 di-

356 2325 494 2401 rexerit
527 2346 614 2400 enm
647 2325 684 2400 in
715 2326 999 2423 speculationem
1021 2317 1058 2419 (⁵)
1084 2346 1190 2401 novae
1213 2326 1346 2422 gentis⁸
1361 2325 1526 2402 nondum

355 2447 460 2542 visae3
487 2451 524 2521 et
548 2448 627 2521 vult
644 2447 806 2523 breviter
827 2446 961 2542 dicere,
979 2446 1077 2542 quod
1103 2467 1190 2522 cnm
1217 2447 1268 2521 sic
1293 2446 1414 2522 eundo
1439 2466 1528 2542 per·

356 2568 538 2643 venissent
557 2567 604 2643 ad
621 2569 784 2644 medium
809 2569 939 2664 pontis,
957 2567 1127 2665 Virgilius
1144 2567 1256 2643 dixit:
1279 2569 1450 2665 Expecta,
1468 2587 1529 2642 re-

356 2688 463 2763 volve
489 2699 537 2784 te,
563 2695 605 2762 ut
629 2688 752 2764 videas
777 2688 868 2764 alios
899 2688 1060 2764 infelices
1084 2709 1178 2783 quos
1208 2689 1371 2763 nondum
1397 2687 1527 2781 vidisti,

357 2807 443 2900 quia
468 2829 541 2883 non
558 2799 595 2902 (⁶)
621 2807 816 2884 veniebant
840 2829 926 2884 cum
958 2808 1077 2885 fronte
1106 2829 1237 2884 versus
1269 2829 1334 2884 nos
1360 2808 1453 2882 sicut
1478 2805 1528 2882 illi

356 2927 474 3021 primi,
500 2927 576 3002 imo
600 2929 740 3004 vadunt
771 2929 864 3004 sicut
897 2949 974 3003 nos.
1005 2929 1139 3004 Ordine
1172 2929 1224 3003 sio
1255 2929 1412 3024 literam,
1441 2947 1527 3022 quae

356 3067 429 3122 non
454 3053 509 3123 est
533 3049 627 3124 bene
644 3051 762 3124 clara:
780 3053 830 3123 Lo
855 3052 947 3124 daca
963 3051 1074 3124 disse:
1090 3052 1239 3142 almodo,
1258 3049 1349 3124 idest
1366 3049 1471 3123 firma
1490 3054 1527 3123 te

354 3167 390 3240 in
416 3168 537 3243 medio
561 3169 672 3244 huius
697 3169 827 3266 pontis,
845 3192 864 3243 e
876 3173 919 3265 sa
938 3172 997 3243 cte
1013 3173 1039 3242 'l
1057 3172 1131 3242 mco
1150 3171 1189 3243 di
1204 3173 1314 3262 onusti
1329 3172 1414 3242 altri
1433 3171 1525 3242 mol-

353 3292 440 3381 nati,
466 3289 553 3383 quia
578 3289 743 3366 similiter
769 3297 853 3364 sunt
878 3289 1039 3365 damnati
1056 3296 1205 3386 propter
1221 3289 1331 3364 vilem
1355 3289 1523 3364 fraudem

353 3409 587 3485 commissam
617 3410 654 3484 in
680 3411 865 3507 mulieres,
892 3415 930 3485 oi
960 3413 1056 3504 ᾳιιαὶι·
1082 3433 1155 3484 non
1188 3414 1316 3486 cadmei
1348 3431 1459 3485 aanor
1490 3413 1526 3482 la

349 3534 479 3626 foedo,
504 3538 542 3607 et
566 3551 653 3607 ecce
677 3552 840 3628 cansam,
859 3525 948 3626 ilerd
968 3535 1027 3606 cae
1051 3553 1139 3607 sono
1163 3535 1289 3607 andott
1302 3535 1442 3606 insumo
1458 3551 1525 3604 oon

351 3656 425 3746 not,
442 3674 489 3729 eo
514 3651 624 3727 modo
649 3658 836 3748 portantes
853 3653 982 3727 taciem
1001 3673 1076 3748 quo
1097 3674 1163 3729 nos
1180 3652 1408 3749 portavimus
1433 3652 1526 3726 truc·

290 3855 294 3864 ⁸
352 3795 481 3870 usque,
504 3777 637 3869 segma,
663 3773 755 3849 idest
780 3774 959 3870 feriatio
984 3781 1027 3869 te,
1054 3775 1159 3870 qnasi
1182 3774 1295 3849 dicat:
1320 3780 1363 3849 ut
1395 3774 1525 3848 cordus

352 3901 438 3970 tuus
463 3895 558 3971 bene
583 3893 752 3989 respiciat
777 3915 861 3989 eos;
887 3900 925 3969 et
949 3895 1019 3969 hoc
1044 3894 1133 3968 dixit
1162 3893 1351 3991 Virgilius:
1383 3895 1526 3986 warado

350 4018 412 4088 noi
432 4019 566 4110 ummo
583 4005 619 4088 ld
635 4015 755 4089 doo'cl
778 4017 964 4106 somogia,
985 4013 1076 4089 idest
1094 4014 1157 4089 ubi
1179 4013 1240 4090 ille
1260 4015 1433 4110 scopulus
1449 4013 1526 4090 sive
1589 4001 1591 4006 ’

350 4157 441 4232 pons
466 4142 522 4210 est
547 4156 700 4230 vacuus,
718 4137 756 4207 di
770 4141 859 4208 sotto
872 4154 941 4226 per
957 4135 1028 4208 dar
1041 4154 1150 4227 passo
1167 4155 1191 4206 n
1209 4135 1415 4227 desociati,
1433 4133 1525 4208 idest

350 4264 392 4330 nt
418 4255 466 4330 illi
492 4254 652 4352 instigati
669 4254 802 4330 iaciant
819 4253 1014 4329 transitum
1032 4275 1143 4328 suum
1160 4253 1298 4328 directe
1315 4253 1385 4326 sul)
1404 4252 1525 4328 medio

351 4377 445 4453 illius
469 4377 609 4474 pontis3
635 4377 733 4473 quia,
748 4382 789 4451 ut
813 4375 944 4450 audisti
970 4396 1093 4472 supra,
1114 4374 1234 4450 media
1259 4394 1344 4470 pars
1369 4374 1523 4449 istorum

351 4498 499 4574 tenebat
523 4498 656 4573 vallem
682 4497 774 4572 citra
799 4495 974 4590 medium,
991 4494 1063 4571 alia
1086 4493 1262 4570 medietas
1281 4495 1390 4590 ultra,
1411 4501 1448 4570 et
1464 4494 1525 4570 iu·

349 4617 489 4716 gientes
513 4614 599 4694 ante
624 4616 754 4692 laniem
779 4617 992 4692 daemonum
1023 4615 1203 4692 iratorum
1235 4615 1317 4691 hinc
1347 4616 1431 4692 inde
1455 4636 1523 4712 per

351 4740 446 4836 ripas
470 4757 600 4815 omnes
626 4738 909 4816 revertebantur
925 4736 971 4813 ad
988 4736 1101 4811 istum
1117 4756 1277 4833 passum.
1291 4777 1342 4792 -
1354 4740 1429 4812 Dat
1446 4759 1525 4810 oee-

412 4975 440 5040 l'J
454 4973 480 5029 8.
497 4979 521 5030 el
537 4974 684 5032 Venetiam
935 4972 963 5038 (¹)
980 4977 1034 5038 tlt,
1051 4976 1168 5040 pervenit
1185 4991 1248 5028 cum
1264 4975 1375 5041 Vlrglllo
1391 4977 1433 5028 sd.

411 5049 438 5116 ω
454 5054 485 5105 lt.
502 5052 602 5106 dictum
618 5061 665 5108 ιιι
683 5056 716 5107 ltt
732 5055 826 5108 abdit.
936 5053 963 5118 (¹)
981 5057 1035 5115 llo,
1052 5059 1149 5106 aterna
1171 5055 1238 5106 slent
1254 5059 1282 5106 ct
1297 5059 1367 5108 totus
1383 5055 1508 5108 lntarnnn.

412 5127 482 5194 tls.
499 5131 726 5196 umorum.
935 5130 1009 5196 (ιιι.
1026 5131 1228 5196 muman.

482 5235 514 5284 u.
1375 5237 1391 5281 8
