4580 6844
539 1052 543 1058 Ι
701 970 839 1030 murus
863 973 1053 1030 mansurus
1076 970 1247 1028 onrtvos.
1490 957 1561 1028 339

390 1119 514 1196 mum
544 1122 797 1194 extraolorum
829 1135 875 1194 ox
906 1117 1026 1214 digitis
1060 1115 1348 1192 interfectorum.
1383 1114 1436 1188 Ex
1467 1133 1564 1210 praa-

253 1319 262 1334 ,
389 1236 493 1315 dictis
518 1256 609 1332 orgo
632 1243 737 1331 potes
760 1235 934 1335 colligere
958 1244 1050 1332 quot
1068 1244 1107 1313 et
1124 1241 1261 1331 quanta
1285 1235 1441 1311 vulnera
1466 1234 1562 1310 lacta

389 1361 476 1432 sunt
499 1355 537 1434 in
562 1354 663 1432 ltalia
689 1365 857 1450 tempore
874 1356 1083 1432 Hannibalis
1107 1359 1144 1432 et
1168 1354 1332 1430 maxime
1349 1354 1387 1428 in
1412 1353 1560 1450 Apulia3

389 1474 475 1552 iecit
498 1473 608 1552 oliam
635 1475 752 1552 mulla
775 1475 850 1552 alia
874 1475 1005 1570 proelia
1025 1495 1113 1550 cum
1134 1472 1297 1549 romanis
1313 1491 1412 1548 nunc
1432 1472 1562 1568 victor,

390 1609 490 1670 nnnc
515 1593 645 1688 victus,
670 1601 708 1672 et
732 1595 966 1692 singulariter
990 1615 1077 1670 cum
1103 1595 1226 1670 llarco
1245 1593 1428 1685 HarceHo,
1445 1612 1469 1668 a
1486 1611 1563 1688 quo

391 1733 489 1808 saepe
524 1713 653 1808 molus,
688 1714 836 1790 landem
871 1714 974 1788 illum
1012 1720 1161 1809 captum
1199 1711 1334 1786 insidiis
1370 1711 1561 1788 interiecit.

392 1832 509 1908 Huius
532 1831 636 1910 ducis
661 1838 737 1908 mm
762 1831 949 1928 fortunati,
975 1839 1051 1908 tam
1077 1831 1262 1908 victoriosi
1286 1829 1464 1926 impetum
1490 1830 1561 1905 Fa-

392 1951 476 2028 bius
501 1952 679 2028 tardando
710 1951 889 2050 fatigavit3
914 1953 1107 2028 Marcellus
1122 1944 1159 2044 (¹)
1179 1950 1348 2028 audendo
1373 1969 1564 2047 compres-

394 2071 456 2165 sit3
473 2070 593 2167 Scipio
617 2071 749 2146 ultimo
773 2070 995 2167 experiendo
1020 2070 1209 2169 confregit
1233 2069 1411 2146 Hannibal
1436 2071 1564 2146 volens

393 2189 551 2268 liberare
562 2190 726 2286 l’apnam
746 2190 795 2267 ab
811 2189 999 2268 obsidione
1015 2211 1268 2286 romanorum,
1286 2211 1371 2285 que
1387 2211 1428 2266 se
1444 2189 1565 2286 primo

391 2309 544 2388 dederat
558 2309 639 2405 sibi,
654 2316 693 2388 et
712 2309 750 2384 in
766 2331 841 2404 qua
855 2301 892 2402 (²)
911 2310 988 2406 ipse
1004 2311 1122 2387 iverat
1134 2301 1172 2404 (θ)
1195 2330 1282 2386 cnm
1303 2310 1469 2387 exercitu
1494 2330 1563 2385 suo

393 2429 430 2508 in
454 2430 602 2524 deliciis,
619 2430 741 2526 posuit
756 2437 876 2506 castra
893 2431 1012 2506 tribus
1028 2430 1243 2506 milliaribus
1263 2431 1372 2526 longa
1388 2431 1437 2505 ab
1454 2429 1561 2524 urbe,

394 2557 434 2624 ot
466 2549 544 2645 ipsc
573 2565 659 2626 cum
687 2547 833 2626 duobus
870 2549 1029 2626 millibus
1058 2550 1226 2644 equitum
1261 2549 1463 2624 electorum
1499 2549 1565 2626 ivit

394 2667 441 2744 ad
467 2674 592 2763 portas
617 2667 735 2763 nrbis;
752 2675 881 2745 contra
898 2689 1010 2764 mem
1029 2669 1225 2745 exiverunt
1241 2669 1383 2745 romani
1401 2689 1487 2743 cum
1504 2668 1562 2742 in·

393 2786 602 2883 dignatione
625 2795 663 2864 ct
687 2788 742 2862 ira
767 2788 917 2884 furiosa,
942 2789 1006 2864 scd
1037 2788 1183 2864 duobus
1213 2788 1342 2864 diebus
1374 2787 1493 2863 subita
1525 2795 1563 2864 ct

393 2907 563 2986 torribilis
588 2914 785 3004 tempestas
809 2907 965 2984 inhibuit
987 2928 1162 3006 pugnam,
1179 2908 1226 2984 ad
1249 2928 1364 3004 quam
1389 2907 1563 2982 continuo

392 3034 519 3105 mum
544 3035 601 3104 est
624 3029 725 3104 clara
748 3028 938 3123 serenitas,
962 3047 1049 3103 cum
1074 3035 1197 3123 partes
1222 3027 1270 3104 nd
1289 3035 1410 3104 castra
1436 3028 1563 3104 rediis-

392 3154 474 3224 sent
487 3133 524 3238 (ἢ
551 3167 625 3222 non
649 3153 725 3222 lam
751 3147 968 3224 naturaliter
983 3167 1098 3241 quam
1116 3147 1287 3223 divinitus
1311 3148 1358 3223 ad
1383 3147 1564 3223 auxilium

393 3269 501 3342 almae
525 3265 639 3341 urbis
663 3266 746 3354 Quo
769 3265 950 3342 miraculo
978 3266 1156 3342 Hannibal
1187 3267 1356 3342 turbatus
1375 3258 1412 3362 (⁵)
1431 3267 1564 3342 dixisse

393 3386 525 3481 fertur,
548 3385 648 3480 quod
672 3385 719 3462 nd
744 3385 956 3481 capiendam
975 3387 1131 3462 Romam
1157 3407 1256 3464 nunc
1280 3386 1471 3464 deficiebat
1496 3388 1563 3464 sibi

393 3505 563 3583 voluntas
586 3503 711 3599 animi,
738 3524 836 3582 nunc
860 3504 1017 3582 fortuna.
1051 3507 1131 3601 lpse
1162 3507 1273 3582 otiam
1299 3507 1477 3584 Hannibal
1503 3528 1565 3584 re-

392 3624 488 3721 cepit
511 3624 548 3700 in
573 3624 674 3702 ltalia
698 3645 722 3700 a
747 3623 909 3700 mmanis
933 3624 1051 3702 nmile
1075 3625 1252 3702 damnum
1283 3626 1384 3720 quod
1412 3625 1565 3703 dederat

392 3746 439 3821 ad
464 3746 608 3822 tannae
636 3743 714 3820 illis.
749 3744 841 3819 Nam
872 3743 986 3821 irater
1010 3745 1091 3822 dns
1123 3745 1314 3840 Asdrubal,
1341 3747 1492 3824 veniens
1515 3767 1563 3823 ex

391 3864 562 3960 Hispania
586 3883 651 3959 par
675 3863 828 3939 Galliam
855 3864 892 3938 in
916 3864 1069 3959 ltaliam,
1094 3864 1162 3938 luit
1179 3863 1421 3940 infelicissime
1436 3855 1473 3956 (⁶)
1498 3865 1565 3942 de-

391 3983 547 4060 bellatus
570 4004 595 4059 a
619 3982 769 4058 Claudio
794 3983 940 4058 Nerone
967 3989 1006 4058 et
1034 3981 1135 4058 livio
1170 3983 1374 4059 Salinatore
1404 3983 1565 4058 consuli·

392 4103 463 4180 bus
491 4102 589 4198 apud
617 4103 755 4178 flumen
789 4087 1022 4178 Meibaurnm
1055 4100 1154 4196 quod
1186 4101 1298 4176 intrat
1329 4121 1436 4178 marc
1465 4102 1564 4198 apud

393 4223 546 4298 Fanum.
563 4221 723 4298 Domum
744 4241 830 4296 cnm
855 4219 1011 4296 stetisset
1031 4217 1191 4296 sedecim
1211 4219 1317 4295 annis
1341 4241 1427 4296 cum
1454 4240 1565 4297 exer-

393 4342 468 4419 citu
493 4342 531 4416 in
555 4341 656 4419 ltalia
681 4348 876 4416 revocatus
900 4345 957 4416 est
979 4339 1027 4415 ad
1052 4339 1208 4435 patriam
1230 4359 1318 4416 cum
1339 4340 1458 4437 Scipio
1474 4340 1565 4416 Car-

393 4462 580 4560 thaginem
604 4466 792 4558 premeret
815 4460 923 4555 bello,
950 4465 991 4534 ut
1020 4459 1170 4536 babebis
1202 4459 1308 4556 pleno
1337 4459 1431 4536 inira
1464 4459 1565 4556 capl-

394 4583 472 4658 tulo
497 4582 623 4658 lllllll.
649 4583 704 4658 lie
729 4579 898 4656 laudibus
922 4587 960 4657 et
984 4579 1174 4656 fraudibus
1193 4581 1402 4656 Hannibalis
1421 4581 1564 4656 dicetur

394 4702 535 4796 plenius
559 4702 718 4798 capitulo
743 4703 788 4778 Vl
812 4701 984 4778 Paradisi.
1006 4701 1112 4777 Nunc
1135 4709 1325 4778 revertere
1340 4701 1388 4778 nd
1406 4702 1563 4795 literam,

454 4913 482 4976 (¹)
498 4913 529 4964 E.
544 4913 686 4966 hoellus
701 4915 844 4968 avertendo
857 4913 1017 4978 comprenit.
1129 4913 1157 4976 (b
1173 4913 1205 4966 E.
1220 4914 1248 4964 ln
1263 4927 1351 4978 qnam

454 4987 481 5052 (¹)
499 4990 554 5048 tto,
571 4990 677 5040 rlxerrt.
1129 4988 1157 5049 ς’)
1172 4988 1204 5038 H.
1217 4988 1386 5040 nnuma.

456 5065 484 5130 (¹)
500 5065 532 5117 li.
547 5067 656 5120 miratos
671 5067 771 5118 dlrlsre.
1128 5063 1156 5128 (⁸)
1172 5068 1226 5124 tto.
1243 5063 1390 5116 inlelloltsr.
