4606 6840
819 969 957 1028 CANTUS
980 973 1173 1028 atomus
1197 974 1341 1028 SEXTUS.
1578 967 1646 1032 291

483 1111 536 1186 bit
550 1105 588 1204 (¹)
613 1113 883 1190 contentionem
909 1135 1102 1192 armorum
1134 1116 1281 1192 Achillis
1312 1115 1405 1191 inter
1437 1116 1583 1192 Aiacem
1614 1125 1652 1194 et

483 1233 651 1328 Ulyrcm,
670 1233 735 1306 ubi
755 1231 888 1330 Ulyxes
912 1235 1158 1310 astutissimus
1178 1256 1265 1311 cum
1283 1233 1492 1331 eloquentia
1510 1259 1577 1314 sua
1595 1237 1651 1312 vi-

482 1349 533 1425 cit
556 1369 706 1426 causam
732 1352 916 1428 tortissimi
941 1354 1070 1450 Aiacis,
1088 1353 1138 1431 ita
1163 1355 1263 1449 quod
1286 1375 1393 1430 arma
1420 1355 1570 1431 luerunt
1586 1357 1652 1432 ad-

478 1470 642 1566 judicata
666 1471 744 1546 sibi.
774 1473 871 1570 Ergo
885 1466 922 1566 (²)
955 1475 1052 1550 bene
1083 1481 1193 1550 autor
1224 1475 1282 1550 laic
1316 1473 1417 1572 lingit
1447 1476 1649 1552 efficaciam

484 1590 702 1688 eloquentiae
722 1592 856 1688 Ulyxis,
873 1593 937 1687 qui
960 1593 1121 1671 breviori
1147 1613 1318 1670 sermone
1343 1595 1523 1690 persuasit
1545 1596 1652 1672 sociis

484 1709 619 1804 quibus
643 1709 874 1786 dissuadebat
899 1720 1020 1788 metus
1045 1714 1257 1790 futurorum
1282 1715 1547 1809 periculorum,
1567 1736 1651 1810 quae

484 1830 763 1906 considerabant
786 1851 872 1906 cum
899 1834 1089 1908 tolerantia
1107 1834 1377 1929 praeteritorum
1399 1835 1652 1910 malorum.-

485 1955 519 2022 E
539 1953 643 2023 cotto.
669 1951 734 2026 Hic
759 1951 927 2048 Virgilius
955 1953 1111 2030 ostendit
1140 1955 1325 2048 quomodo
1355 1955 1461 2030 sociis
1486 1954 1537 2030 sic
1562 1955 1653 2030 inci·

485 2069 568 2144 tatis
585 2068 661 2164 ipse
677 2069 867 2147 intraverit
886 2072 1085 2168 Oceanum,
1103 2081 1142 2150 et
1157 2074 1310 2170 coepcrit
1330 2074 1505 2172 navigare
1521 2095 1651 2150 versus

484 2188 598 2264 aliurn
624 2190 760 2284 polum.
787 2192 888 2266 Unde
912 2192 1016 2266 dicit:
1044 2197 1254 2288 esocenmo
1270 2197 1322 2268 oli
1337 2195 1390 2268 dc'
1397 2197 1486 2268 remi
1511 2199 1550 2270 ol
1570 2199 1654 2290 folle

486 2311 578 2398 volo,
603 2307 705 2404 idest,
738 2311 945 2386 temerariae
976 2311 1207 2408 navigationi,
1241 2313 1327 2406 quia
1344 2303 1380 2405 (³)
1416 2315 1513 2389 male
1546 2313 1655 2389 cessit

485 2428 608 2521 nobis3
646 2435 685 2504 el
721 2437 777 2504 est
814 2430 1035 2525 pulcerrima
1073 2434 1299 2527 metaphora,
1337 2433 1424 2526 quia
1459 2433 1562 2508 naris
1596 2441 1652 2508 est

483 2547 563 2623 aris
591 2547 721 2644 lignem
756 2569 840 2644 que
874 2550 973 2626 volat
1005 2571 1091 2626 cum
1126 2552 1237 2626 remis
1269 2558 1308 2628 ot
1338 2552 1427 2628 valis
1461 2559 1652 2646 tamquam

485 2667 581 2761 avis3
605 2673 644 2742 et
668 2669 748 2742 vult
771 2668 895 2746 dicere
920 2669 1103 2746 breuiter:
1130 2677 1167 2746 et
1195 2670 1363 2746 dedimus
1396 2671 1442 2746 de
1474 2671 1585 2747 remis
1615 2673 1652 2746 in

484 2807 634 2882 aquam,
659 2791 753 2862 cotto
776 2797 900 2864 nosco
921 2811 1054 2884 poppo,
1080 2790 1165 2885 quia
1196 2790 1331 2866 scilicet
1360 2791 1540 2869 vertimus
1565 2813 1652 2887 pro-

486 2926 567 2981 ram
604 2925 734 2981 versus
763 2908 966 3003 meridiem,
998 2915 1035 2984 et
1066 2909 1215 3005 puppim
1258 2929 1388 2984 versus
1422 2912 1654 3005 septemtrio-

486 3045 584 3120 nem,
614 3029 673 3099 oel
703 3029 846 3118 modam,
879 3026 969 3102 idest
1000 3027 1037 3101 in
1068 3029 1159 3104 hora
1194 3029 1407 3123 matutinali,
1442 3029 1579 3106 scilicet
1608 3031 1655 3106 de

487 3163 597 3220 mane
621 3145 846 3240 tempestive.
868 3144 971 3220 Unde
995 3145 1101 3220 dicit:
1117 3167 1254 3240 compre
1271 3150 1500 3239 mpoismodo
1516 3151 1565 3224 do
1582 3153 1654 3222 toto

486 3267 660 3359 marino,
686 3264 789 3358 idest,
806 3285 952 3360 semper
968 3265 1091 3340 cundo
1107 3286 1131 3340 a
1150 3263 1302 3342 sinistris
1319 3287 1449 3344 versus
1465 3269 1653 3344 Austrum.

486 3382 532 3456 Et
554 3382 676 3460 subdit
700 3383 800 3478 quod
819 3383 898 3478 jam
917 3389 1060 3458 tantum
1079 3385 1221 3461 iverant
1237 3387 1336 3480 quod
1353 3387 1523 3463 videbant
1539 3389 1654 3464 alium

486 3502 623 3596 polum.
650 3501 705 3578 Ad
729 3502 835 3578 cuius
860 3503 915 3578 rei
940 3503 1212 3600 intelligentiam
1226 3494 1264 3598 (⁸)
1298 3511 1354 3582 est
1382 3507 1536 3606 dignum
1565 3528 1655 3584 con-

484 3621 648 3696 siderare
660 3612 698 3713 (⁶)
726 3622 825 3717 quod
849 3623 924 3698 duo
948 3627 1034 3698 sunt
1058 3625 1130 3720 poli
1159 3625 1236 3702 sive
1268 3626 1405 3721 puncti,
1431 3647 1543 3723 super
1573 3627 1656 3723 qui-

484 3739 555 3815 bus
588 3739 749 3816 volvitur
778 3741 950 3816 continuo
984 3743 1137 3838 coelum3
1171 3764 1333 3839 quorum
1368 3767 1465 3820 unus
1496 3747 1656 3842 appella-

485 3867 547 3933 tur
560 3850 598 3951 (⁶)
620 3859 799 3955 arcticus,
820 3860 922 3956 idest,
940 3863 1243 3958 septemtrionalis
1269 3863 1306 3938 in
1331 3884 1407 3958 quo
1432 3872 1517 3939 sunt
1541 3866 1654 3940 stellae

484 3984 673 4072 perpetue
697 3979 941 4074 apparitionis,
967 3999 1053 4054 nam
1074 3987 1130 4056 est
1149 3981 1313 4056 elevatus
1330 4003 1442 4078 supra
1459 4003 1542 4058 nos:
1560 3985 1655 4059 alius

485 4101 639 4170 vocatur
672 4095 918 4192 antarcticus,
957 4097 1062 4193 idest,
1089 4100 1296 4174 contrarius
1329 4101 1484 4196 arctico,
1520 4102 1654 4178 scilicet

486 4215 743 4312 meridionalis,
768 4217 806 4292 in
831 4237 906 4312 quo
930 4224 1017 4292 sunt
1040 4217 1153 4292 stellae
1177 4225 1366 4314 perpetuae
1390 4220 1655 4316 occultationis,

485 4336 573 4430 quia
598 4343 654 4412 est
679 4344 822 4412 tantum
848 4338 987 4431 bassus,
1005 4347 1186 4433 quantum
1212 4347 1336 4415 noster
1352 4346 1408 4415 est
1426 4341 1539 4436 altus,
1559 4343 1656 4418 unde

486 4477 560 4532 non
584 4457 764 4534 habemus
788 4477 933 4554 speram
959 4465 1098 4534 rectam
1125 4457 1189 4534 sed
1214 4459 1412 4554 obliquam.
1439 4460 1544 4535 Modo
1565 4461 1655 4546 ,dicit

547 4696 577 4833 ἐξ
592 4695 804 4835 witgarium
820 4771 863 4823 laic
872 4771 944 4837 fingit
955 4769 1086 4822 adlmoem
1097 4769 1273 4835 eloquentiam
1283 4771 1382 4835 ulyxis,
1394 4771 1439 4836 qul
1450 4771 1523 4823 brari
1534 4785 1655 4824 sermore

485 4847 609 4908 parendi
625 4847 701 4898 moll·
708 4847 770 4908 mla,
782 4849 877 4912 qulbus
885 4847 1048 4900 dmumltat
1059 4851 1146 4899 mam
1155 4847 1308 4899 tatarorum
1317 4847 1449 4898 mdornm
1460 4847 1655 4912 periculorum·

484 4933 628 5058 Μιξῗ
636 4997 697 5060 qula
712 4998 766 5049 arla
781 4997 835 5049 alm
850 4999 926 5050 canit
941 4997 1023 5050 nous
1158 4997 1187 5057 ι’)
1202 4995 1229 5048 s.
1244 4997 1408 5048 addendam.

548 5072 576 5138 (Ἴ
591 5073 623 5126 Β.
639 5073 765 5126 conscire.
1158 5072 1185 5135 (¹)
1201 5073 1232 5123 E.
1249 5077 1365 5124 roratur.
