4566 6844
724 968 865 1028 caurus
888 969 1103 1026 ruomnrus
1127 969 1289 1024 rnnrrus.
1519 957 1590 1028 523

420 1131 517 1208 cere,
542 1105 685 1206 selbod,
709 1120 747 1190 et
771 1134 846 1190 non
870 1136 908 1189 se
931 1105 1020 1206 bod,
1038 1112 1089 1188 ita
1114 1111 1213 1208 quod
1238 1111 1348 1188 debet
1372 1113 1530 1210 proferri
1555 1123 1593 1192 et

419 1231 527 1308 scribi
552 1233 763 1330 oomposite
786 1213 862 1310 non
887 1233 1043 1328 divisim,
1064 1232 1151 1328 quia
1176 1237 1265 1308 tunc
1290 1240 1387 1310 esset
1412 1233 1592 1310 sententia

418 1351 643 1448 imperfecta,
663 1359 702 1429 et
718 1353 824 1430 litera
848 1372 922 1429 non
947 1359 1069 1450 posset
1089 1353 1273 1447 construi3
1290 1354 1355 1427 dot
1365 1355 1456 1446 lieo
1469 1361 1591 1448 posto,

419 1470 521 1567 idest
547 1493 570 1548 a
594 1473 677 1548 cibo
701 1473 819 1549 serino
843 1479 882 1549 et
905 1493 980 1548 non
993 1465 1031 1565 (⁴)
1055 1473 1237 1568 buman03
1255 1473 1473 1550 naturaliter
1489 1473 1589 1550 enim

418 1591 531 1667 homo
556 1612 631 1667 non
653 1591 812 1668 eomedit
828 1591 1028 1685 hominem,
1046 1589 1115 1666 nisi
1131 1590 1226 1667 sorte
1243 1597 1339 1668 osset
1354 1591 1487 1686 aliquis
1502 1591 1591 1666 bar-

420 1711 533 1786 barus
551 1711 787 1804 inhumanus,
803 1710 867 1787 sed
883 1710 973 1786 iere
992 1709 1056 1805 sic,
1069 1709 1281 1805 sorberdoto
1301 1713 1336 1783 α’
1348 1713 1484 1803 rnpettt,
1502 1709 1591 1805 quia

420 1851 506 1906 cum
535 1836 636 1907 tanta
665 1829 839 1906 auditne
872 1830 1037 1924 vorabat,
1068 1829 1169 1924 quod
1199 1829 1420 1926 deturpabat
1443 1829 1510 1904 sibi
1535 1849 1590 1924 os,

419 1949 515 2025 sicut
538 1948 676 2026 iaciunt
699 1948 789 2026 ierae
813 1956 852 2024 et
881 1947 1048 2024 homines
1078 1947 1260 2044 bestiales,
1286 1957 1325 2026 et
1358 1949 1525 2046 tergebat
1549 1967 1591 2024 se

419 2067 466 2143 ad
490 2061 649 2164 capillos,
675 2068 762 2164 quia
789 2087 862 2142 non
888 2065 1046 2142 babebat
1075 2066 1176 2142 aliud
1200 2068 1363 2142 mensale
1370 2091 1381 2162 3
1406 2069 1465 2142 del
1487 2087 1591 2160 copo,

420 2186 566 2281 seilicet,
596 2185 869 2282 archiepiscopi,
901 2185 964 2281 qui
991 2191 1117 2261 tamen
1150 2185 1307 2262 debebat
1336 2186 1474 2263 habere
1498 2207 1592 2284 pau-

419 2325 482 2382 oos
493 2297 531 2399 (²)
547 2311 697 2402 propter
714 2305 899 2399 clericam,
916 2305 969 2378 ot'
982 2307 1051 2396 eno
1072 2324 1161 2379 ooeo
1177 2307 1215 2378 u·
1228 2311 1325 2378 retro
1340 2312 1478 2398 prosto,
1495 2305 1592 2380 sciti·

418 2432 478 2504 net
501 2447 589 2502 cum
614 2424 800 2518 dentibus3
827 2425 897 2502 boo
921 2423 1017 2519 dicit,
1052 2423 1141 2518 quia
1173 2425 1411 2520 retorquebat
1439 2444 1590 2500 ornnem

418 2545 564 2640 cuipam
589 2543 628 2618 in
654 2564 754 2619 eum.
768 2547 906 2620 -Pot
930 2543 996 2619 Hic
1020 2549 1131 2620 autor
1147 2542 1303 2619 ostendit
1321 2544 1507 2638 quomodo
1527 2564 1592 2620 oo-

417 2683 498 2738 mes
525 2669 753 2759 preparatus
784 2663 895 2759 coepit
923 2662 1129 2738 orationem
1163 2683 1271 2738 suam
1303 2660 1523 2758 dolorosam,
1554 2662 1591 2736 in

417 2803 491 2876 qua
516 2782 636 2878 primo
659 2782 789 2862 invitat
813 2782 933 2879 ipsum
959 2780 1006 2857 ad
1032 2781 1218 2878 pietatem,
1240 2788 1277 2858 et
1301 2780 1591 2858 oommiseratio-

417 2921 523 2995 nem3
551 2901 649 2976 unde
672 2900 782 2976 dicit:
806 2905 870 2994 pot
895 2893 1077 2993 mucro,
1101 2900 1247 2994 scilieet,
1273 2900 1374 2994 ioqui
1402 2906 1440 2976 et
1468 2899 1591 2975 dioere

418 3020 528 3096 mibi:
555 3027 591 3095 ta
615 3024 696 3096 aunt
717 3023 817 3095 orto
847 3022 1020 3112 martti,
1048 3019 1143 3096 idest
1156 3010 1206 3114 (³),
1232 3019 1279 3094 de
1303 3038 1401 3095 noro
1430 3019 1590 3094 reseram

419 3139 494 3234 tibi,
519 3142 696 3233 ἀίῳοναιο
719 3141 824 3214 dolor
847 3142 951 3214 oter
973 3159 1037 3214 σον
1065 3141 1114 3212 mi
1125 3159 1260 3232 mene,
1276 3137 1378 3234 idest,
1395 3137 1590 3234 angustiat,

418 3264 457 3334 et
480 3259 617 3334 lacerat
641 3258 796 3332 stimulis
815 3258 903 3353 suis,
920 3278 997 3333 non
1022 3257 1145 3334 minus
1164 3277 1278 3353 quam
1298 3277 1368 3356 ego
1393 3257 1589 3334 cerebrum

418 3374 521 3452 istius
545 3395 632 3452 cum
656 3376 836 3472 dentibus,
856 3367 919 3468 nu
934 3398 1007 3470 pur
1029 3379 1229 3470 pentura,
1244 3379 1331 3470 prio
1354 3377 1453 3450 ct'io
1468 3397 1513 3450 ne
1529 3380 1591 3472 so-

417 3499 504 3570 veto.
535 3496 579 3570 Et
612 3495 700 3590 quia
730 3502 840 3570 autor
869 3495 1094 3592 promiserat
1123 3517 1164 3572 se
1194 3496 1370 3572 daturum
1402 3496 1589 3570 infamiam

417 3615 565 3690 inimioo
589 3635 670 3710 suo,
686 3635 812 3692 onmes
835 3616 990 3712 cupidus
1008 3615 1178 3694 vindictae
1201 3616 1310 3693 otiert
1334 3635 1376 3692 se
1404 3616 1590 3690 dicturum

418 3734 454 3811 id
478 3735 577 3830 quod
601 3735 758 3831 petierat
781 3736 861 3831 sibi,
882 3736 966 3812 licet
991 3755 1066 3812 non
1093 3737 1171 3812 sine
1186 3737 1353 3834 planctu3
1371 3735 1471 3812 unde
1485 3734 1589 3810 dicit:

417 3875 478 3928 ma
498 3857 631 3946 parur
654 3877 674 3930 e
699 3857 875 3946 uniemur
895 3857 1021 3929 oedroi
1044 3858 1198 3946 eniens,
1221 3855 1357 3930 scilicet
1389 3874 1450 3930 me
1474 3853 1590 3928 comi·

418 3977 491 4047 tem
518 3970 601 4065 tibi;
626 3993 664 4046 re
688 3975 719 4046 te
743 3974 810 4046 mie
829 3976 957 4065 parole
985 3993 1079 4046 esser
1104 3975 1170 4046 deu
1195 3993 1299 4065 seme,
1324 3974 1384 4046 cte
1404 3975 1506 4066 fruiti
1534 3975 1590 4046 tn-

414 4093 529 4186 (omr'n
553 4093 593 4164 ot
615 4093 767 4164 ooddor
791 4092 890 4164 rt’io
912 4093 1019 4182 rodo,
1036 4091 1142 4187 quasi
1162 4089 1275 4166 dicut:
1297 4091 1466 4186 quamvis
1485 4090 1590 4166 dolor

419 4229 526 4286 meus
538 4210 700 4286 maxime
716 4209 932 4287 incendatur
949 4231 996 4286 ex
1017 4209 1256 4287 renovatione
1272 4209 1391 4288 amari
1407 4209 1487 4284 finis
1504 4209 1589 4306 mei,

419 4336 543 4406 tamen
569 4331 639 4405 boo
667 4330 799 4406 iaobm
832 4331 862 4406 si
891 4331 937 4405 sit
970 4350 1109 4424 semen,
1144 4329 1244 4426 quod
1275 4330 1394 4428 pariat
1426 4329 1587 4404 fructum

418 4449 576 4524 intamie
591 4438 628 4543 (⁴)
648 4450 694 4528 ei.
712 4451 756 4524 Et
772 4449 823 4526 sic
840 4449 924 4528 vide
944 4448 1044 4544 quod
1067 4468 1193 4525 onmes
1212 4470 1286 4526 non
1305 4449 1538 4546 respondebit
1551 4442 1587 4542 (⁶)

416 4569 464 4646 ad
489 4569 699 4666 petitionem
726 4569 879 4666 autoris,
897 4570 985 4665 quia
1007 4574 1150 4664 querat
1162 4559 1199 4662 (θ)
1222 4568 1289 4644 sibi
1311 4569 1447 4646 tamam
1474 4589 1588 4664 quam

479 4826 508 4888 (¹.)
523 4828 554 4880 lt.
571 4835 598 4880 et
613 4830 767 4882 naturaiiter
782 4831 932 4884 inhumano.

478 4905 506 4964 (¹)
523 4905 553 4958 Ε.
569 4907 614 4970 qui
629 4911 716 4958 tumen
731 4907 839 4958 debsbd
856 4907 952 4960 umere
968 4919 1065 4972 procos
1080 4905 1188 4968 capiiloe
1203 4910 1319 4970 proptor.

479 4979 506 5042 (Ἴ
522 4980 554 5031 lt.
569 4980 642 5042 idest,
659 4983 729 5046 qnod
745 4983 778 5034 de
794 4997 871 5034 noro.
1090 4980 1118 5042 (⁸)
1133 4981 1159 5032 S.
1175 4981 1289 5032 nomin
1304 4981 1368 5034 etus.

479 5056 507 5120 (¹)
523 5057 554 5107 B.
570 5058 748 5122 respondebat.
1090 5055 1117 5120 (Ἴ
1134 5056 1165 5107 Ε.
1181 5057 1322 5122 qnmbd.
