4566 6844
723 911 794 980 tuo
1117 923 1321 980 counrtruu
1346 923 1497 978 mnam

718 1067 936 1144 continuans
961 1087 1001 1142 se
1025 1067 1073 1144 ad
1096 1068 1258 1163 primum
1283 1067 1434 1161 dictum,
1457 1065 1562 1142 dicit:
1587 1054 1650 1156 pot
1675 1085 1766 1140 marr
1789 1069 1890 1160 dest,

719 1187 857 1262 scilicet
881 1187 946 1282 ipsi
972 1185 1034 1260 lilii
1061 1187 1147 1281 mei,
1170 1209 1189 1260 e
1214 1191 1319 1261 t'oro
1338 1190 1612 1280 suppressum,
1637 1185 1774 1262 seilicet
1798 1188 1891 1264 bora

718 1307 924 1400 tertiarum,
950 1308 1010 1380 obe
1026 1307 1052 1379 ’t
1074 1307 1149 1381 otoo
1172 1328 1217 1380 ue
1231 1311 1350 1382 rotato
1366 1327 1460 1380 esser
1477 1308 1633 1398 uddouo,
1651 1306 1756 1400 quasi
1774 1305 1887 1384 dicat:

719 1425 1035 1521 appropinquabat
1057 1427 1160 1520 bora,
1178 1446 1251 1520 qua
1277 1446 1429 1502 eramus
1453 1425 1546 1500 soliti
1572 1425 1765 1522 prandere,
1783 1433 1891 1502 ante-

720 1568 835 1642 quam
860 1565 1026 1621 essemus
1050 1546 1155 1641 capti.
1183 1547 1248 1622 Vel
1273 1546 1349 1621 dic:
1376 1547 1478 1640 bora,
1499 1565 1574 1640 qrra
1599 1545 1739 1620 solebat
1763 1544 1889 1622 allerri

722 1666 826 1742 nobis
854 1665 969 1760 cibus,
1000 1672 1202 1760 antequam
1237 1685 1462 1761 poneremur
1500 1664 1537 1740 in
1566 1664 1699 1739 turrim
1713 1658 1771 1760 (¹);
1800 1665 1889 1761 quia

723 1806 796 1860 non
825 1785 946 1860 statim
978 1785 1129 1860 luerunt
1159 1784 1353 1862 adiudicati
1384 1784 1469 1860 buin
1501 1784 1676 1880 supplicio
1708 1790 1888 1878 extremo,

723 1905 790 1980 nisi
815 1910 897 2001 post
921 1905 1120 1981 adventum
1146 1905 1287 1982 oomitis
1307 1903 1482 1980 Guidonis
1499 1904 1547 1980 de
1566 1903 1804 2000 llonteleltro,
1825 1904 1890 1998 qui

723 2025 841 2100 lactus
865 2031 920 2099 est
945 2024 1157 2120 capitaneus
1182 2024 1347 2098 Pisarum
1374 2044 1462 2098 oum
1486 2023 1607 2118 ampla
1632 2029 1822 2119 potestate,
1849 2031 1891 2098 ut

721 2144 807 2219 alibi
832 2144 969 2218 dictum
996 2150 1061 2218 est
1089 2145 1133 2218 Et
1157 2143 1260 2218 dicit:
1288 2164 1309 2216 e
1335 2163 1404 2236 per
1427 2164 1492 2218 ruo
1520 2163 1632 2235 sopito
1656 2146 1797 2218 musmo
1822 2146 1890 2218 dtr-

720 2269 851 2360 bitooa,
872 2267 958 2361 quia
984 2267 1136 2362 quilibet
1157 2267 1315 2343 filiomm
1333 2266 1471 2343 lecerat
1487 2267 1672 2342 somnium
1689 2267 1807 2342 simile
1823 2289 1891 2364 pa-

723 2387 780 2462 tri.
807 2387 851 2460 Et
875 2387 997 2462 subdit
1020 2386 1177 2482 primam
1204 2407 1328 2462 arram
1344 2377 1381 2478 ξ’)
1403 2386 1502 2480 mali,
1519 2386 1662 2462 disens:
1679 2394 1714 2460 et
1733 2389 1769 2459 io
1791 2391 1889 2462 renti

725 2510 871 2612 abusor
899 2511 1022 2582 toruo
1047 2510 1084 2581 ot
1107 2514 1244 2580 sottoo
1273 2507 1446 2581 rombus
1475 2513 1591 2600 torre·
1616 2505 1777 2604 intellige
1801 2527 1888 2583 cum

723 2628 835 2702 claris
860 2623 1000 2721 ferreis,
1029 2637 1072 2704 ut
1104 2626 1261 2721 amplius
1290 2646 1364 2701 non
1392 2626 1610 2720 aperiretur.
1637 2627 1730 2702 Nam
1746 2617 1783 2720 (³)
1809 2629 1887 2724 jam

723 2746 908 2822 clavatum
936 2746 1058 2823 luerat
1086 2765 1172 2822 cnm
1199 2746 1375 2841 clavibus,
1401 2765 1486 2841 quse
1499 2733 1537 2838 (⁸)
1567 2745 1719 2821 abiectae
1744 2746 1891 2823 fuerant

723 2867 761 2942 in
780 2866 944 2961 brnnm3
961 2869 1091 2941 ood'io
1114 2869 1271 2960 mrordot
1294 2871 1353 2942 oet
1374 2870 1448 2942 υίεο
1472 2869 1507 2939 u
1523 2869 1603 2940 miei
1622 2868 1758 2960 fiptiuoi
1780 2888 1889 2941 rotza

719 2991 784 3082 sor
808 2995 926 3078 molto,
951 2987 1056 3081 quasi
1081 2987 1205 3062 dioens
1230 2987 1357 3064 tacite:
1383 3005 1450 3060 nos
1473 2991 1616 3060 stamus
1640 2985 1702 3060 sio
1720 2986 1765 3062 Et
1783 2986 1888 3061 dicit:

721 3112 758 3182 to
781 3129 855 3181 rwo
885 3111 1053 3202 ptonpoo,
1084 3107 1176 3183 idest
1207 3108 1353 3203 plorare
1385 3127 1459 3184 non
1495 3115 1673 3202 poteram,
1703 3098 1735 3180 sl
1765 3109 1889 3182 deamo

720 3230 909 3321 impetrat,
945 3226 1045 3321 idest,
1083 3220 1232 3301 indurui
1264 3225 1311 3300 ad
1345 3225 1497 3300 modom
1531 3231 1657 3320 petrae,
1686 3228 1891 3320 putrem

721 3351 792 3439 etti,
817 3352 1007 3440 umquam
1034 3345 1254 3421 teneriores:
1280 3352 1315 3419 et
1337 3347 1575 3420 losebouocto
1604 3349 1688 3436 mio,
1718 3345 1781 3439 qui
1810 3352 1892 3422 erat

723 3489 819 3544 unus
844 3488 890 3542 en
917 3467 1011 3558 libis,
1036 3469 1148 3540 dore.-
1186 3472 1236 3540 lb
1259 3468 1391 3559 prrorctt
1420 3458 1463 3558 ol,
1492 3468 1626 3558 poure:
1649 3468 1710 3540 abe
1739 3469 1830 3538 tori?
1854 3472 1892 3541 el

721 3588 830 3663 dicit:
851 3581 943 3680 pml
966 3607 1039 3660 noo
1062 3589 1244 3677 taptintot,
1262 3585 1337 3660 imo
1363 3585 1480 3682 magis
1505 3583 1696 3662 induratus
1720 3603 1826 3678 sum;
1852 3591 1891 3659 et

724 3726 798 3781 non
823 3707 944 3780 solum
966 3725 1040 3780 non
1069 3704 1170 3800 potui
1204 3703 1375 3782 emittere
1403 3705 1595 3801 lacrymas,
1619 3702 1683 3780 seo
1708 3722 1777 3780 nec
1802 3723 1889 3778 rer-

722 3827 833 3920 bum3
863 3824 963 3901 unde
989 3823 1098 3899 dicit:
1123 3816 1365 3918 nammatio
1395 3831 1478 3898 tutto
1508 3827 1588 3918 puel
1614 3827 1757 3916 mono,
1780 3819 1826 3898 mi
1854 3825 1891 3896 tu

721 3953 814 4020 noue
837 3964 1019 4038 oppresso,
1035 3961 1103 4038 per
1129 3963 1244 4018 unam
1261 3943 1358 4020 diem
1380 3944 1599 4037 naturalem,
1616 3945 1703 4036 lofin
1717 3945 1778 4016 cte
1803 3946 1890 4018 t’ut·

722 4072 778 4138 tro
802 4068 858 4139 sot
879 4067 937 4138 nel
959 4067 1088 4138 mondo
1121 4055 1227 4156 moto,
1258 4063 1360 4159 idest,
1393 4084 1513 4158 usque
1541 4063 1588 4138 ad
1618 4063 1731 4139 alium
1762 4072 1888 4140 ortum

721 4185 816 4260 solis.
829 4223 879 4240 -
894 4188 1006 4258 come.
1032 4183 1097 4258 Hic
1122 4201 1246 4260 eomes
1271 4189 1409 4277 narrat,
1431 4181 1617 4278 quomodo
1642 4182 1889 4260 invalescente

721 4304 860 4400 dolore,
889 4301 1049 4380 secunda
1078 4301 1148 4398 die,
1174 4304 1292 4380 laetus
1321 4309 1376 4378 est
1402 4301 1550 4378 rabidus
1573 4303 1659 4378 risis
1684 4301 1764 4378 liliis
1789 4303 1890 4398 snis;

722 4425 820 4501 unde
844 4424 948 4501 dicit:
981 4423 1085 4497 orabo
1113 4426 1270 4498 tentoni
1288 4443 1358 4516 per
1385 4425 1490 4498 dolor
1517 4424 1566 4496 mi
1592 4426 1714 4517 morri,
1739 4422 1889 4516 scilieet,

720 4551 808 4620 tunc
833 4564 933 4636 cum,
957 4563 1006 4616 uo
1024 4563 1118 4636 poco
1142 4544 1180 4615 rb·
1203 4545 1347 4634 rappio,
1373 4542 1508 4618 seiboet
1532 4541 1628 4634 solis,
1652 4545 1685 4616 ri
1709 4545 1750 4636 (tt
1774 4561 1887 4616 merso

719 4666 777 4737 ort
794 4664 960 4737 doloroso
981 4681 1137 4752 amorre,
1154 4660 1300 4756 scilieet,
1318 4679 1385 4756 par
1401 4659 1571 4736 fissuram
1592 4659 1650 4736 vel
1675 4660 1890 4756 fenestram,

720 4803 739 4858 e
762 4785 798 4854 io
821 4783 945 4872 roorrr',
971 4779 1076 4873 idest,
1102 4780 1257 4877 respexi,
1279 4802 1346 4874 per
1367 4789 1508 4874 quatuo
1532 4783 1598 4854 oiri
1619 4783 1647 4854 tt
1665 4782 1735 4854 nso
1755 4788 1888 4874 ospello

783 4969 900 5034 pinu
916 4970 993 5022 um.
1204 4969 1279 5031 ron
1295 4969 1396 5021 mim.
1508 4943 1537 5054 ¹,

783 5049 810 5115 (Ἴ
826 5051 856 5102 ll.
873 5052 942 5116 qula
1205 5052 1233 5113 (¹)
1249 5051 1279 5104 ll.
1295 5063 1359 5116 quas
1375 5049 1522 5103 abtaberunt
1537 5052 1573 5102 in.
