4566 6844
705 909 844 965 caurus
868 911 1082 966 retorsimus
1106 911 1285 979 ausurus.
1509 899 1579 966 569

411 1058 527 1130 morbo
539 1059 572 1130 si
582 1057 748 1148 morde,
762 1055 864 1152 idest,
879 1055 1043 1132 internus
1058 1057 1122 1153 qui
1134 1062 1189 1132 est
1205 1056 1392 1153 sepultura
1411 1056 1579 1131 omnium

411 1184 645 1253 mortuorum
671 1177 943 1252 damnaturum.
961 1179 1006 1251 Et
1030 1178 1116 1292 dicit
1140 1178 1238 1272 quod
1268 1177 1327 1252 bio
1351 1178 1454 1252 loous
1479 1177 1581 1254 lora·

412 1304 481 1392 tus,
499 1302 698 1373 excavatus
722 1305 778 1372 est
802 1297 1007 1395 incognitus
1033 1297 1138 1391 visui,
1155 1297 1218 1372 sed
1234 1297 1354 1371 solum
1381 1296 1581 1392 percipitur

409 1417 563 1492 auribus
588 1422 737 1512 propter
770 1437 902 1491 sonum
928 1438 1048 1514 aquae,
1080 1438 1164 1512 quae
1189 1417 1323 1492 labitur
1349 1437 1416 1512 per
1440 1417 1579 1512 ipsum3

411 1536 509 1613 unde
534 1536 637 1612 dioit:
664 1539 723 1610 cle
746 1534 767 1611 e*
789 1545 871 1612 noto
896 1559 969 1612 noo
987 1561 1056 1632 per
1077 1541 1189 1631 visto;
1215 1539 1273 1614 bio
1297 1539 1400 1613 locus
1426 1543 1481 1612 est
1511 1537 1580 1611 ab·

411 1657 596 1732 sconditus
621 1663 658 1732 et
683 1651 951 1752 inaspectus(¹),
970 1658 1197 1752 quianullus
1222 1657 1270 1732 ibi
1296 1664 1478 1752 moratur,
1495 1657 1581 1734 nul-

412 1777 470 1852 lus
487 1777 533 1853 ibi
553 1777 716 1874 punitur,
734 1779 833 1854 unde
857 1778 961 1854 dicit:
979 1800 1039 1853 mo
1050 1801 1119 1872 per
1133 1799 1245 1852 suarm
1262 1781 1296 1853 d’
1305 1800 1354 1852 aa
1373 1782 1579 1868 morttella,

412 1898 513 1994 idest,
531 1898 659 1974 rivuli:
685 1918 754 1974 neo
778 1899 906 1974 credas
926 1898 1025 1994 quod
1050 1899 1117 1974 iste
1142 1899 1284 1974 rivulus
1310 1904 1434 1975 manat
1458 1918 1482 1972 a
1508 1899 1577 1974 Gu-

411 2025 506 2115 oyto,
532 2017 625 2094 sicut
648 2018 761 2113 aliqui
787 2019 883 2093 male
908 2019 1116 2113 opinantur,
1134 2019 1222 2112 quia
1241 2017 1337 2092 istud
1362 2025 1419 2094 est
1443 2018 1580 2114 impos-

410 2139 512 2214 sibile
537 2158 604 2234 per
629 2145 813 2233 naturam,
831 2139 918 2232 quia
943 2145 1031 2214 tunc
1052 2159 1150 2233 aqua
1175 2139 1405 2233 ascenderet;
1426 2139 1490 2213 sed
1515 2159 1581 2234 po—

411 2260 483 2362 tius
508 2265 693 2353 econtra,
719 2258 786 2334 iste
811 2258 953 2333 rivulus
976 2259 1093 2333 oritur
1119 2279 1142 2333 a
1169 2264 1293 2333 monte
1317 2257 1522 2358 purgatorii
1543 2264 1581 2332 et

410 2379 546 2454 labitur
569 2371 748 2472 contrad)
767 2378 951 2455 internum
970 2377 1151 2474 usquead
1171 2385 1352 2474 centrum,
1374 2379 1460 2474 quia
1481 2399 1580 2473 aqua

411 2500 613 2598 purgatorii
638 2509 675 2578 et
699 2519 797 2593 aqua
827 2498 957 2574 interni
987 2505 1073 2574 sunt
1103 2499 1314 2594 contrariae3
1347 2498 1444 2574 unde
1468 2499 1577 2574 dicit:
1638 2593 1641 2600 Ι

412 2621 471 2692 cle
495 2622 589 2712 qrdei
613 2621 772 2693 discendo
793 2639 859 2712 per
885 2622 921 2692 lo
945 2619 1046 2712 bueo,
1071 2617 1173 2714 idest,
1191 2639 1257 2714 per
1283 2619 1462 2713 toramen,
1487 2621 1579 2691 d’ua

412 2761 512 2814 russo
541 2741 592 2813 ot'
608 2741 677 2830 elli,
708 2739 843 2814 scilicet
879 2739 1030 2834 rivulus,
1055 2741 1103 2812 tn
1135 2760 1220 2814 roso
1245 2742 1301 2814 ool
1323 2760 1426 2813 corso
1458 2740 1509 2812 olr’
1522 2741 1579 2813 elli

412 2861 570 2952 ovuolpe,
596 2859 697 2953 idest,
723 2865 883 2954 torquet,
907 2881 926 2932 e
946 2880 1038 2953 poco
1057 2863 1184 2952 pendo,
1209 2858 1284 2935 imo
1304 2860 1403 2955 jacet
1427 2865 1578 2954 propter

413 2979 660 3055 revolutiones
691 2999 835 3054 cursus.
854 3019 904 3034 -
918 2984 966 3054 Lo
997 2983 1099 3054 dua.
1129 2982 1234 3055 Nunc
1267 2986 1377 3055 autor
1408 2979 1580 3054 claudens

411 3100 612 3194 capitulum
638 3104 676 3173 et
699 3099 835 3174 librum
861 3105 980 3174 totum
1005 3100 1188 3176 concludit
1202 3090 1252 3194 (³),
1279 3099 1377 3193 quod
1399 3119 1464 3194 per
1481 3098 1578 3173 viam

411 3219 628 3314 descriptam
647 3219 843 3294 exiverunt
858 3220 905 3295 de
921 3240 1076 3316 corpore
1092 3239 1211 3315 poenae
1223 3206 1261 3312 (⁸)
1278 3225 1315 3295 et
1331 3225 1581 3314 pervenerunt

410 3339 456 3416 ad
489 3339 587 3415 illam
621 3339 852 3435 superficiem
887 3349 1009 3435 terrae,
1043 3340 1106 3414 ubi
1139 3344 1194 3414 est
1229 3359 1333 3414 mons
1366 3338 1578 3435 purgatorii.

411 3460 513 3536 Unde
537 3459 645 3535 dicit:
671 3463 707 3534 lo
731 3462 835 3554 deoc,
860 3460 993 3535 scilicet
1019 3457 1189 3557 Virgilius
1214 3459 1277 3553 qui
1308 3458 1467 3536 duxerat
1491 3477 1579 3533 eum

410 3579 634 3655 incolumem
653 3599 720 3674 per
732 3581 812 3656 loca
825 3579 948 3656 omnia
965 3580 1072 3675 plena
1086 3579 1229 3675 timore,
1244 3579 1370 3671 laboro
1387 3586 1425 3654 et
1440 3579 1580 3674 doloro,

410 3707 443 3774 ot
464 3703 513 3790 io,
539 3700 603 3793 qui
629 3721 832 3795 numquam
856 3701 1095 3776 deserueram
1113 3699 1264 3796 vestigia
1280 3699 1372 3794 eius,
1390 3702 1580 3772 inbommo

404 3840 473 3912 por
497 3823 577 3913 quel
598 3823 737 3894 comino
762 3839 898 3909 ascero,
924 3819 1009 3912 quia
1042 3819 1144 3893 loous
1175 3818 1438 3894 subterraneus
1463 3825 1581 3894 estet

410 3939 499 4014 nulli
524 3946 645 4036 notus,
672 3939 758 4035 quia
783 3940 906 4014 nullus
932 3938 1031 4014 vadit
1055 3957 1121 4034 per
1146 3937 1278 4034 ipsum,
1295 3959 1320 4010 o
1345 3941 1508 4012 mernor
1523 3943 1583 4014 ael

308 4053 311 4060 ’
409 4063 531 4134 otiare
552 4064 694 4154 modo,
712 4060 814 4155 idest,
832 4061 878 4134 ad
895 4059 1099 4135 claritatem
1117 4058 1310 4154 virtutum,
1331 4058 1417 4152 quia
1442 4061 1580 4136 bucus-

410 4202 484 4275 que
508 4187 659 4256 steterat
684 4181 722 4256 iu
748 4181 899 4256 tenebra
925 4179 1111 4274 vitiorum,
1129 4182 1323 4254 ecolimmo
1338 4201 1393 4272 sa,
1412 4181 1475 4256 ubi
1496 4202 1580 4257 era-

412 4324 495 4376 mus
507 4302 599 4378 soliti
612 4301 846 4397 descendere,
863 4304 1039 4394 elpram,
1055 4307 1246 4395 tamquam
1263 4301 1446 4395 dominus,
1461 4308 1579 4396 pater,

328 4449 331 4456 ·
409 4423 485 4498 dux
510 4429 548 4498 et
573 4421 758 4519 magister,
784 4428 817 4495 ol
839 4423 874 4494 io
895 4424 1058 4512 secondo,
1085 4427 1275 4514 tamquam
1303 4441 1444 4514 servus,
1471 4420 1578 4515 lilius,

409 4543 626 4640 peregrinus
652 4549 689 4616 et
713 4541 920 4635 discipulus,
937 4563 1046 4614 senza
1062 4562 1149 4615 aaa
1168 4561 1256 4614 ouro
1279 4543 1314 4613 d’
1327 4543 1429 4614 moun
1443 4543 1578 4634 ripere,

410 4663 511 4757 idest,
537 4663 615 4737 sine
639 4661 912 4757 interpositione
937 4661 1069 4755 quietis
1096 4659 1155 4736 rel
1185 4659 1452 4736 intermissione
1475 4661 1579 4736 labo-

410 4783 469 4856 ris.
496 4783 540 4855 ut
565 4768 621 4856 bio
640 4788 738 4876 nota,
756 4781 881 4876 lector,
901 4781 998 4875 quod
1015 4781 1074 4855 bio
1095 4779 1269 4855 mirabilis
1286 4787 1393 4876 poeta
1411 4801 1484 4856 non
1501 4780 1579 4856 sine

471 4970 498 5032 (¹)
515 4969 546 5020 E.
562 4970 700 5034 inspectus.
1082 4967 1109 5030 (¹)
1125 4968 1157 5019 lt.
1172 4980 1219 5031 per
1235 4966 1376 5018 racemum.

469 5045 497 5110 (⁸)
513 5045 544 5098 r.
561 5047 694 5098 conolndlt
709 5045 804 5108 dicens,
822 5045 900 5111 qued.
1080 5044 1109 5108 (⁸)
1124 5045 1156 5095 E.
1171 5057 1187 5096 e
1204 5047 1259 5105 uo,
1275 5047 1363 5096 terro.
