4566 6844
725 963 798 1031 502
1120 971 1323 1030 commu!
1344 973 1499 1030 mmm

723 1120 983 1220 indignissime,
1009 1118 1185 1196 contiuuo
1207 1121 1360 1198 uccmsit
1383 1121 1430 1198 ad
1454 1121 1609 1198 domum
1634 1121 1751 1220 petris
1775 1121 1895 1219 pueri,

725 1240 791 1335 qui
815 1244 896 1314 eret
920 1246 1075 1335 patruus
1099 1261 1201 1336 suus,
1228 1247 1265 1318 et
1289 1239 1393 1316 illum
1419 1240 1671 1318 crudelissime
1694 1241 1897 1318 obtrunco·

726 1362 788 1436 vit.
815 1361 870 1434 Ex
894 1380 970 1455 quo
989 1367 1066 1435 tum
1083 1361 1286 1436 detestabili
1306 1360 1498 1457 parricidio
1516 1368 1602 1435 nete
1619 1367 1677 1437 est
1694 1361 1897 1456 peruiciosa

722 1480 905 1556 discordia
928 1480 967 1557 iu
991 1480 1102 1557 domo
1125 1481 1199 1575 iile,
1224 1480 1262 1556 iu
1285 1501 1363 1576 que
1386 1481 1483 1558 tuctu
1513 1487 1570 1556 est
1600 1487 1690 1556 turm
1721 1481 1783 1558 iiie
1814 1503 1900 1579 pur·

726 1599 859 1674 tielitas
883 1599 1061 1674 Alborum
1083 1606 1121 1676 et
1137 1600 1347 1697 Nigrorum,
1371 1619 1456 1695 que
1481 1605 1607 1696 postea
1632 1600 1798 1676 transivit
1814 1601 1899 1677 Fiu-

727 1718 896 1814 rentiam,
914 1718 1008 1793 sicut
1019 1719 1099 1815 jam
1119 1719 1372 1813 sepedictum
1390 1726 1456 1815 est,
1474 1725 1512 1796 et
1531 1718 1675 1795 duetur
1691 1719 1789 1815 oliui,
1811 1720 1900 1815 quia

726 1838 862 1914 Dentes
886 1837 953 1910 fuit
977 1837 1023 1912 de
1046 1843 1152 1936 perte
1170 1839 1254 1914 elba
1271 1847 1308 1916 et
1329 1837 1378 1913 ch
1394 1839 1466 1914 hoc
1487 1837 1606 1914 fuctus
1622 1844 1678 1914 est
1695 1840 1793 1916 exul.
1812 1839 1898 1915 ideo

727 1958 844 2032 uoluit
866 1957 1056 2054 preterire
1079 1957 1304 2052 Fomcciem,
1321 1957 1386 2052 qui
1402 1957 1570 2034 accendit
1593 1964 1738 2036 uotum
1759 1959 1920 2071 focum„

727 2097 862 2174 magua
894 2075 1080 2173 sauguinis
1105 2077 1284 2153 eiiusioue
1317 2076 1622 2174 extinguendum.
1657 2075 1714 2152 Ad
1752 2077 1896 2155 ucemm

726 2217 836 2294 ergo:
862 2197 946 2272 dicit
970 2197 1039 2272 iste
1063 2197 1246 2293 proditor:
1271 2217 1346 2271 ooo
1371 2199 1554 2288 Focoociu,
1569 2195 1676 2291 idest,
1696 2217 1770 2271 nou
1794 2197 1898 2274 iure-

727 2318 806 2393 nies
830 2317 1042 2394 Fooucciam
1067 2317 1186 2414 magis
1209 2317 1362 2416 dignum
1384 2317 1447 2415 figi
1465 2317 1505 2392 iu
1528 2316 1743 2413 gelidiiium,
1761 2337 1895 2412 urrum-

727 2439 782 2512 vis
807 2437 934 2514 iecerit
963 2437 1081 2512 muita
1106 2437 1204 2512 mala
1229 2443 1365 2532 praeter
1397 2435 1610 2533 predictam
1641 2435 1895 2533 proditionem,

729 2577 814 2651 que
847 2555 1100 2652 pretermitto,
1125 2555 1211 2651 quia
1242 2576 1316 2630 nou
1345 2555 1486 2632 iaciunt
1512 2554 1560 2631 ed
1588 2555 1829 2651 propositum.
1846 2595 1897 2612 -·

729 2679 811 2748 Nou
832 2678 948 2766 quood.
974 2674 1040 2748 ilio
1065 2675 1132 2750 iste
1164 2674 1313 2770 spiritus
1337 2676 1465 2750 transit
1498 2697 1521 2750 a
1558 2674 1711 2750 Pistorio
1743 2674 1897 2750 Floren-

730 2796 837 2891 tiam3
863 2803 900 2872 et
931 2797 1096 2876 nominat
1126 2796 1241 2872 elium
1271 2797 1412 2873 tristem
1441 2797 1677 2894 proditorem
1709 2797 1764 2872 Ad
1794 2797 1900 2873 cuius

729 2915 974 3012 coguitionem
999 2922 1056 2992 est
1079 2915 1241 2991 breviter
1266 2915 1468 3012 sciendum,
1495 2915 1594 3012 quod
1625 2917 1693 2992 iste
1722 2917 1791 2991 suit
1815 2917 1898 3012 qui-

585 3117 592 3136 2
728 3033 812 3108 dem
839 3035 927 3109 civis
952 3035 1166 3112 florentinus
1191 3035 1237 3112 de
1265 3034 1402 3111 iumiliu
1430 3041 1648 3130 tuscorum3
1673 3035 1738 3130 qui
1763 3041 1805 3109 ut
1828 3035 1898 3110 hu·

727 3153 833 3228 beret
857 3153 1096 3230 hereditatem
1124 3154 1234 3230 unius
1259 3154 1381 3230 fratris
1406 3152 1475 3250 sui,
1501 3154 1633 3230 rmuue
1659 3153 1789 3230 occidit
1814 3154 1897 3228 uui-

729 3297 816 3352 oum
848 3277 964 3354 filium
998 3299 1123 3374 suum,
1155 3285 1304 3376 propter
1334 3279 1433 3374 quod
1462 3278 1531 3354 fuit
1562 3279 1726 3356 clevatus
1752 3279 1792 3353 iu
1822 3297 1898 3358 uua

730 3403 872 3494 vegete,
885 3404 923 3473 et
934 3398 1066 3474 ductus
1083 3405 1281 3494 portorum
1298 3398 1482 3474 civitatem
1499 3398 1702 3494 Florentiae,
1719 3406 1757 3474 et
1772 3405 1897 3495 postue

730 3515 796 3590 iuit
822 3517 1055 3613 decapitatus.
1082 3518 1175 3594 Dicit
1199 3538 1314 3614 ergo:
1342 3522 1423 3592 Nou
1454 3522 1573 3611 questi,
1605 3518 1707 3612 idest,
1739 3539 1814 3594 uou
1842 3519 1899 3594 iu·

730 3635 856 3711 venies
872 3637 983 3712 istum
1001 3638 1117 3735 mugis
1134 3637 1286 3735 dignum
1312 3637 1375 3734 figi
1400 3637 1437 3711 iu
1462 3637 1685 3734 gelicidum,
1701 3639 1762 3712 otc
1786 3641 1898 3712 m'iu·

729 3758 893 3850 portora,
918 3757 1020 3852 idest,
1046 3757 1110 3853 qui
1125 3751 1160 3850 (¹)
1187 3758 1336 3853 impedit
1361 3777 1423 3834 me
1439 3760 1495 3832 col
1511 3777 1613 3852 copo,
1630 3756 1717 3851 quie
1737 3757 1899 3833 habebut

731 3884 841 3973 ceput
867 3878 975 3954 ultius
999 3897 1046 3954 eo
1070 3884 1156 3954 ante
1180 3898 1279 3973 eum,
1297 3871 1340 3970 si,
1356 3880 1408 3952 clr’
1420 3881 1455 3952 io
1479 3899 1551 3951 nou
1570 3880 1707 3970 cepeto,
1723 3877 1825 3973 idest,
1843 3877 1899 3952 ui-

730 4000 820 4075 dere
844 4020 918 4074 nou
942 4019 1103 4094 possum,
1123 3995 1187 4092 piu
1211 4002 1323 4093 ottre,·
1347 4004 1385 4073 et
1401 3998 1583 4094 specificat
1602 4018 1690 4074 eum
1711 3997 1899 4074 auomiue

730 4118 888 4214 proprio,
910 4118 1050 4193 diceus:
1077 4139 1096 4192 e
1117 4121 1157 4212 su
1181 4124 1324 4192 rwmmo
1349 4119 1472 4191 Sussol
1488 4119 1731 4211 Mmcdcrooi5
1752 4123 1790 4192 et
1810 4135 1898 4192 vere

730 4259 864 4314 saxeus
881 4239 958 4333 suit,
976 4229 1169 4330 abolens(²)
1179 4238 1267 4333 jura
1283 4237 1624 4334 comauguiuitutis3
1646 4237 1733 4333 quie
1755 4237 1785 4311 si
1801 4238 1898 4312 itior-

729 4359 856 4437 dretus
880 4357 1035 4456 prodidit
1048 4349 1097 4452 (²¹),
1115 4359 1185 4432 hoc
1211 4357 1294 4433 iecit
1319 4357 1515 4452 cupiditate
1538 4357 1709 4434 dominii:
1727 4357 1756 4431 si
1772 4347 1809 4448 (⁸)
1827 4357 1897 4431 Fo-

730 4481 864 4574 ouccie,
888 4481 959 4555 hoc
984 4478 1067 4554 iecit
1091 4499 1139 4553 er
1164 4479 1326 4572 appetitu
1353 4477 1538 4572 uindictae3
1559 4477 1623 4553 sed
1647 4478 1715 4552 iste
1740 4475 1828 4570 ruiis,
1855 4481 1897 4549 ut

731 4601 883 4675 haberet
903 4598 1013 4672 vilem
1030 4597 1280 4672 hereditatem.
1307 4597 1351 4670 ut
1376 4596 1482 4672 dicit:
1509 4599 1574 4669 beu
1588 4599 1645 4669 sci
1665 4597 1761 4668 ooroi
1776 4595 1830 4668 ou
1842 4597 1897 4690 fir,

730 4740 768 4792 se
793 4725 886 4792 tocco
910 4719 971 4808 se',
996 4716 1098 4810 quusi
1115 4717 1229 4792 dicut:
1246 4717 1342 4792 bene
1363 4723 1465 4812 potes
1488 4716 1582 4792 scire
1606 4716 1689 4810 quis
1710 4714 1793 4811 'suit
1811 4714 1898 4811 quie

794 4931 822 4993 (¹1
840 4936 893 4994 mu,
909 4932 978 4996 quie.
1210 4929 1239 4996 (¹)
1254 4932 1281 4984 S.
1297 4932 1358 4997 quir
1373 4932 1487 4983 choicus.

794 5007 821 5071 (¹)
837 5009 862 5060 S.
879 5009 991 5074 prodidit
1006 5012 1115 5073 putrem,
1132 5009 1182 5060 hoe
1198 5009 1261 5060 iecit
1276 5007 1416 5072 cupidinis
1431 5008 1588 5060 domiumdi.
1604 5007 1631 5060 Si
1647 5007 1773 5060 Focuoeiu
1788 5005 1901 5071 prodidtt

733 5089 864 5148 petreum,
881 5085 932 5136 hoe
947 5086 1017 5138 iecit.
1209 5086 1236 5148 (⁴)
1254 5089 1308 5146 iio,
1324 5083 1369 5136 ud
1385 5083 1519 5136 Foceectu.
