4580 6844
709 979 849 1036 carrus
874 979 1067 1036 rrcnsfflos
1091 977 1262 1034 omarus.
1501 961 1572 1033 853

401 1125 619 1222 propbetnm
645 1123 736 1220 eius,
762 1144 874 1220 quem
900 1123 1027 1199 dicunt
1051 1121 1196 1197 coelitus
1220 1120 1374 1194 missum
1400 1119 1465 1213 eis,
1482 1117 1576 1194 sicut

401 1244 568 1320 Christus
594 1243 727 1318 missus
751 1250 806 1319 est
831 1242 1046 1336 christianis,
1067 1247 1105 1317 et
1128 1240 1270 1337 Moyses
1290 1237 1433 1335 Judaeis.
1454 1237 1576 1312 llaco-

403 1365 550 1440 metbns
583 1363 720 1437 multas
754 1363 853 1458 leger
872 1360 1030 1437 'tradidit
1061 1361 1148 1455 suis,
1173 1360 1233 1437 rel
1266 1358 1450 1454 praecepit,
1475 1357 1575 1452 quod

401 1484 517 1558 semel
542 1483 578 1556 in
604 1502 703 1558 anno
727 1481 916 1559 visitarent
944 1481 1079 1556 urbem
1111 1480 1288 1574 llecbam,
1314 1478 1378 1552 ubi
1410 1483 1466 1552 est
1496 1477 1575 1552 eius

403 1603 571 1677 mirabile
595 1603 819 1696 sepulcrum.
846 1600 996 1676 Dicebat
1010 1593 1047 1693 (¹)
1065 1599 1251 1675 Christum
1268 1597 1379 1674 luisse
1396 1617 1573 1695 magnum

402 1724 631 1818 prophetam,
665 1722 728 1797 sed
766 1741 807 1796 se
839 1721 1015 1797 maiorem
1048 1719 1237 1814 omnibus3
1263 1719 1350 1813 quia
1374 1725 1574 1813 antequam

403 1844 502 1917 Deus
515 1834 554 1935 (²)
579 1841 762 1918 creaverit
792 1841 985 1917 materiam
1018 1860 1159 1934 rernm,
1192 1859 1328 1916 nomen
1360 1837 1575 1916 llaoometbi

404 1969 486 2038 erat
510 1961 547 2036 in
572 1968 769 2058 conspectu
796 1961 888 2054 eius,
914 1967 951 2035 et
970 1960 1097 2034 decem
1117 1961 1269 2056 angelos
1293 1959 1409 2034 alleo
1427 1959 1576 2033 collatos

404 2082 651 2158 ministrantes
670 2072 706 2174 (³)
741 2081 794 2156 ei:
828 2079 917 2156 dixit
945 2069 982 2172 (⁴)
1016 2100 1089 2153 non
1126 2099 1206 2155 esse
1238 2077 1499 2175 disputandum
1530 2077 1578 2152 de

403 2224 535 2280 eorum
562 2202 644 2297 fide,
670 2209 708 2278 et
726 2193 763 2294 (ὅ)
790 2200 913 2275 statim
946 2219 1010 2274 eos
1042 2199 1275 2275 trucidandos
1305 2219 1393 2275 ense
1421 2201 1485 2294 qni
1510 2199 1577 2272 sibi

404 2322 679 2416 contradicunt3
712 2321 811 2395 unde
845 2319 1025 2394 malitiose
1063 2319 1147 2396 lecit
1180 2320 1416 2395 exterminari
1449 2338 1578 2394 ornnes

404 2442 503 2517 viros
528 2441 691 2516 literatos
716 2461 764 2514 ne
789 2446 936 2535 possent
954 2439 1122 2515 refellere
1140 2439 1248 2514 tidem
1270 2461 1388 2514 suam.
1410 2441 1521 2515 llulta
1541 2430 1578 2532 (⁶)

404 2564 475 2638 alia
492 2561 660 2636 dicentur
677 2559 884 2656 Purgatorii
910 2559 1009 2634 finali
1034 2559 1203 2654 capitulo.
1222 2561 1327 2635 Nunc
1350 2559 1397 2634 ad
1416 2560 1578 2634 literam:

405 2688 516 2757 autor
539 2679 712 2754 describit
735 2679 1006 2753 Macometbum
1032 2684 1069 2754 et
1094 2679 1174 2755 eius
1203 2700 1351 2776 poenam
1373 2701 1440 2776 per
1465 2701 1580 2754 unam

409 2798 720 2895 comparationem
742 2817 979 2873 communem
1002 2804 1038 2872 et
1063 2799 1220 2893 claram3
1247 2805 1284 2874 et
1307 2799 1394 2875 dicit
1418 2801 1579 2876 breviter

409 2921 507 3015 quod
533 2919 621 2992 vidit
651 2918 850 3012 quemdam
883 2917 1039 2993 divisum
1074 2939 1140 3013 per
1155 2909 1192 3010 ζ’)
1230 2926 1346 2994 totum
1377 2941 1398 2994 a
1432 2940 1580 2995 summo

406 3039 524 3134 capite
542 3058 661 3132 usque
680 3036 727 3112 ad
743 3037 883 3130 culum,
901 3037 996 3111 sicut
1011 3043 1164 3132 apparet
1182 3057 1395 3134 regesque
1412 3039 1449 3112 in
1467 3038 1580 3113 lundo

406 3159 560 3257 perdidit
575 3158 711 3254 degam
727 3157 775 3232 de
792 3157 914 3232 medio
931 3159 989 3233 vel
1006 3178 1030 3233 a
1050 3159 1176 3232 latere.
1202 3158 1295 3233 llicit
1319 3178 1427 3251 erpo:
1454 3161 1580 3252 veppia

406 3301 479 3353 non
494 3301 532 3352 se
543 3280 722 3370 percipio,
736 3275 838 3371 idest,
853 3296 926 3350 non
943 3276 1165 3372 perforatur,
1177 3269 1238 3369 pid
1251 3299 1319 3370 per
1331 3281 1464 3370 perdet
1484 3299 1579 3352 mez-

406 3402 480 3491 zui,
510 3397 612 3492 idest,
646 3395 805 3472 mediam
839 3402 983 3492 partem
1014 3395 1071 3471 sui
1105 3397 1219 3494 lundi,
1253 3398 1317 3472 ubi
1350 3399 1527 3494 aperitur,
1559 3420 1582 3472 o

406 3523 506 3611 latin,
530 3518 632 3612 idest,
658 3517 821 3611 aliquam
847 3517 981 3612 degam
1007 3517 1267 3594 collateralem.
1289 3520 1352 3595 Fst
1376 3519 1474 3596 enim
1493 3520 1581 3594 lulla

406 3660 491 3736 pars
516 3638 617 3713 tundi
643 3637 783 3734 vegetis
798 3637 906 3734 juxta
924 3643 1092 3712 extrema
1109 3637 1156 3714 ad
1178 3640 1331 3715 modum
1352 3642 1462 3736 lnnae,
1484 3640 1582 3716 unde

405 3759 610 3855 appellatur
634 3759 735 3852 lulla,
761 3757 866 3851 quasi
891 3777 1005 3852 parva
1031 3757 1132 3853 luna,
1164 3759 1259 3834 sicut
1287 3767 1325 3836 et
1353 3762 1451 3837 culla
1476 3759 1581 3855 quasi

406 3899 521 3974 parva
546 3898 655 3972 cuna,
680 3869 752 3951 cosi
775 3879 912 3951 com’io
942 3879 1015 3950 cidi
1037 3897 1099 3968 ua,
1124 3879 1270 3974 scilicet,
1295 3881 1580 3976 Macometbum,

402 4001 498 4093 sesso
522 3999 586 4070 dc'l
608 4005 721 4070 meam
745 3999 832 4090 infin
856 3999 945 4071 doce
968 4000 1001 4070 si
1025 4001 1151 4070 tullo:
1176 3998 1279 4093 idest,
1296 4000 1345 4076 ab
1369 4020 1436 4075 ore
1461 4021 1581 4096 usque

405 4117 452 4193 ad
474 4137 590 4192 annm
616 4117 678 4190 ubi
703 4116 898 4212 praedictus
916 4123 997 4192 erat
1023 4123 1121 4192 totus
1145 4117 1283 4193 divisus
1299 4120 1348 4194 ab
1365 4119 1449 4194 inde
1466 4119 1580 4215 inlra3

407 4245 445 4315 et
476 4245 563 4313 nota
597 4237 696 4332 quod
727 4239 862 4313 vulnus
899 4237 1001 4313 istius
1039 4238 1232 4334 incipiebat
1268 4261 1289 4314 a
1328 4247 1492 4337 gutture,
1519 4239 1581 4314 ubi

407 4367 469 4436 est'
493 4359 629 4456 lingna,
663 4378 750 4432 cnm
782 4377 858 4451 qua
887 4357 955 4434 iste
988 4358 1172 4434 commisit
1200 4359 1401 4456 pessimum
1434 4361 1577 4435 scisma.

407 4481 500 4556 Nota
525 4479 636 4556 etiam
663 4477 762 4572 quod
787 4484 897 4552 autor
928 4478 1076 4574 proprie
1106 4478 1280 4554 assimilat
1308 4481 1580 4556 ldaoometbnm

305 4637 309 4646 ·
408 4599 540 4697 vegeti,
566 4599 651 4693 quia
678 4597 747 4672 luit
773 4619 839 4672 vas
865 4619 1011 4695 magnae
1037 4599 1257 4696 capacitatis,
1276 4602 1426 4697 plenum
1454 4601 1583 4696 nequi-

470 4787 497 4850 i')
514 4788 544 4837 B.
560 4787 701 4838 membri
716 4787 787 4838 enlm
803 4787 943 4838 Christum.

468 4861 497 4924 (¹)
513 4864 544 4913 R.
560 4864 630 4914 bour
645 4865 809 4927 omnipotens
824 4864 954 4916 creaverit
970 4867 1091 4914 naturam
1107 4877 1198 4915 rernm

468 4939 495 5002 (¹)
512 4944 566 5000 tlt,
583 4941 762 4992 ministrabant
777 4943 810 4992 ai.
940 4939 968 5003 (¹)
986 4941 1016 4991 lt
1034 4941 1097 4992 dlxlt
1113 4900 1269 4994 etlam'non.
1332 4939 1360 5004 ζ’)
1376 4941 1407 4994 ll.
1423 4941 1468 4995 red
1484 4941 1580 4992 rtatim.

468 5016 498 5079 (⁸)
512 5017 542 5067 lt
559 5015 644 5068 llnltr
660 5015 740 5066 etiam
755 5017 805 5067 alin
820 5017 940 5068 dieram
957 5017 989 5066 da
1005 5029 1037 5069 eo
1054 5017 1210 5082 Purgatorii.

469 5091 496 5156 θ)
513 5093 544 5144 ll.
561 5105 608 5157 per
625 5105 720 5156 corpur
736 5106 752 5143 ι
766 5107 879 5144 summo.
