4606 6840
756 983 894 1040 CANTUS
919 985 1111 1040 vlumus
1136 986 1312 1052 QUARTUS·
1548 979 1618 1044 213

447 1131 700 1204 calumniando
723 1147 801 1224 qrroe
825 1133 863 1204 in
892 1131 991 1205 loru
1019 1137 1221 1206 sanctorum
1239 1124 1276 1225 (⁴)
1305 1137 1509 1227 templorum
1535 1155 1621 1208 con-

446 1254 579 1344 sorpta
603 1250 940 1345 resonantiarum
964 1250 1010 1327 ad
1033 1252 1199 1347 liieram3
1216 1260 1336 1348 autor,
1356 1253 1442 1348 quia
1467 1273 1527 1329 ras
1552 1255 1617 1328 isia

448 1370 594 1448 viderur
619 1371 725 1446 valde
749 1370 925 1445 mirabilis
950 1376 988 1447 et
1018 1371 1246 1466 incredibilis,
1272 1373 1376 1448 dicit:
1402 1366 1486 1466 cosi,
1517 1373 1619 1472 idest,

446 1512 493 1567 ao
518 1489 628 1566 modo
652 1511 728 1584 quo
754 1490 821 1565 ista
851 1490 911 1565 iur
925 1484 963 1585 (²)
989 1491 1056 1565 init
1087 1492 1296 1568 destructus
1325 1501 1362 1568 et
1393 1494 1620 1590 reiectus,si

446 1617 606 1708 consessa
629 1633 695 1706 per
723 1616 750 1687 a·
780 1632 878 1704 yrun
907 1615 997 1703 suoi,
1023 1613 1116 1688 siout
1146 1633 1212 1708 per
1243 1613 1412 1710 Plinium,
1439 1615 1617 1712 Solinum,

448 1740 485 1810 et
509 1735 599 1810 aiios
625 1735 777 1828 mulios3
796 1738 920 1808 tamen
941 1733 1111 1810 Albanus
1131 1755 1289 1831 magnus
1308 1735 1542 1832 philosophus
1562 1737 1618 1809 di-

448 1857 506 1949 cit,
526 1853 624 1950 quod
643 1855 713 1929 hoc
737 1853 857 1950 potius
883 1853 1009 1928 dicunt
1025 1853 1073 1928 iiii
1095 1854 1158 1948 qui
1175 1854 1291 1951 magis
1311 1863 1518 1950 sequnntur
1536 1878 1617 1954 my-

446 1976 535 2051 stica
566 1974 781 2072 theologica,
807 1994 920 2068 quum
947 1975 1126 2048 naturalia
1160 1981 1460 2071 perscrutantur5
1492 1983 1616 2053 tamen

446 2104 555 2173 unior
590 2103 690 2170 nacte
724 2095 892 2189 sequitur
916 2095 975 2169 hio
1000 2093 1170 2169 Ovidium
1194 2095 1258 2168 XV
1284 2095 1617 2191 Metamorphosuos

446 2217 540 2292 sicut
564 2223 668 2312 potas
693 2215 927 2310 perscrutari,
949 2218 1010 2288 cire
1033 2218 1070 2288 lo
1095 2218 1217 2289 Fenice
1241 2235 1375 2307 maore,
1402 2223 1523 2293 morie
1548 2237 1616 2292 no-

446 2337 506 2412 bili
520 2327 569 2432 (³),
585 2346 626 2412 ut
639 2337 770 2412 melius
787 2337 991 2432 reviviscat,
1010 2339 1152 2430 quoodo
1173 2357 1344 2430 oppressa
1362 2339 1400 2412 αἱ
1414 2342 1616 2431 cinquecm-

446 2461 552 2532 teo'm’
565 2478 674 2549 anno,
700 2464 737 2533 et
762 2459 813 2533 sic
834 2457 922 2534 vivit
945 2477 1011 2553 por
1028 2457 1247 2554 quingentos
1263 2479 1388 2533 annos.
1407 2459 1475 2534 Alii
1493 2467 1617 2536 tamen

445 2577 570 2653 dicunt
594 2578 641 2654 de
665 2579 832 2673 pluribus
857 2579 1028 2673 millibus,
1046 2577 1109 2654 sud
1130 2579 1218 2653 nihil
1242 2579 1288 2654 ad
1313 2581 1551 2676 propositum.
1574 2583 1618 2658 ut

446 2698 505 2771 hic
531 2704 616 2773 nota
643 2699 741 2791 quod
766 2700 991 2795 comparatio
1016 2705 1071 2774 ast
1096 2699 1343 2795 propriissima
1363 2708 1543 2795 quantum
1569 2705 1617 2778 ad

446 2818 598 2894 modum
625 2819 803 2895 moriendi
835 2828 872 2896 et
901 2820 1135 2914 renascendi3
1162 2821 1248 2915 quia
1278 2820 1371 2898 sicut
1395 2824 1542 2917 phoenix
1569 2826 1615 2900 ad

445 2940 605 3015 calorum
631 2940 716 3015 solis
732 2941 938 3016 incenditur
955 2947 990 3016 ot
1009 2941 1205 3018 resolvitur
1230 2943 1266 3016 in
1292 2943 1325 3017 ci
1352 2963 1467 3040 arem,
1488 2946 1538 3021 ita
1555 2946 1615 3019 iur

443 3061 511 3135 isia
535 3060 582 3134 ad
608 3079 775 3135 morsum
800 3061 978 3156 serpentis
1003 3061 1173 3137 incensus
1199 3067 1236 3136 ot
1261 2965 1446 3256 rosarius
1471 3073 1525 3140 est
1551 3089 1614 3140 su-

441 3181 541 3275 bito3
567 3187 604 3255 et
629 3181 724 3255 sicut
747 3182 897 3276 phoenix
923 3202 971 3256 ex
996 3181 1126 3256 audem
1158 3182 1281 3258 cinare
1365 3182 1538 3281 evivisoit,
1564 3185 1613 3262 ita

443 3301 504 3374 iur
529 3322 575 3377 ax
609 3302 739 3378 eodem
772 3291 979 3396 cinere*(⁸)
1010 3310 1160 3378 renatus
1185 3309 1259 3397 ast3
1292 3323 1365 3378 non
1398 3311 1524 3380 autem
1558 3313 1614 3382 est

442 3422 591 3518 propria
615 3423 645 3497 si
672 3423 819 3519 respicis
835 3425 881 3499 ad
899 3424 1057 3500 nobilem
1079 3431 1251 3499 naturam
1269 3430 1305 3499 et
1325 3427 1491 3520 pulcram
1519 3425 1614 3525 figu-

443 3564 524 3618 ram
551 3543 653 3617 istius
677 3544 765 3638 aris,
792 3565 877 3639 quae
902 3545 990 3620 vivit
1015 3566 1081 3640 per
1106 3551 1159 3620 tot
1184 3547 1308 3622 sucula
1329 3547 1440 3622 nobili
1459 3547 1551 3624 cibo.
1571 3549 1615 3626 m

442 3665 622 3762 descripta
647 3665 804 3741 mirabili
830 3676 951 3743 mortu
976 3671 1012 3741 et
1044 3668 1315 3743 resurrectione
1337 3669 1523 3765 phoenicis,
1549 3669 1615 3744 de·

443 3784 567 3860 scribit
591 3785 672 3860 eius
697 3785 856 3862 nobilem
882 3787 1008 3882 vitam,
1031 3787 1173 3863 dicens:
1195 3789 1272 3883 ipsa
1289 3789 1435 3884 phoenix
1455 3811 1527 3864 non
1541 3811 1614 3882 pa-

443 3927 499 3979 sce
522 3907 621 3997 erba,
646 3903 692 3981 ne*
713 3907 832 3999 Modo,
858 3911 896 3982 in
918 3927 984 3981 rua
1014 3910 1099 4000 nita,
1124 3908 1219 3984 sicut
1243 3907 1381 3983 iaciunt
1406 3909 1614 3983 communi-

445 4032 502 4101 ter
526 4025 607 4100 aiiae
635 4046 723 4101 avos
753 4048 826 4101 non
859 4047 1022 4122 rapaces,
1049 4047 1108 4099 mo
1136 4031 1203 4117 sol,
1234 4026 1335 4120 idest,
1370 4028 1612 4123 solummodo,

443 4149 592 4240 Iuor-ime
615 4149 846 4222 d'inoensoe
878 4150 913 4221 d’
926 4167 1080 4239 amomo,
1109 4146 1211 4241 idest,
1237 4147 1394 4243 granula
1426 4147 1519 4222 iliius
1550 4169 1613 4222 ar-

441 4267 541 4342 boris
566 4269 789 4363 aromaticae,
806 4289 891 4365 quae
916 4265 1048 4343 emittit
1063 4267 1206 4364 gummi
1219 4257 1255 4360 (⁵)
1276 4271 1466 4361 tamquam
1491 4270 1612 4367 lacry-

442 4407 533 4483 mas,
552 4388 645 4463 sicut
662 4390 789 4463 multae
805 4388 958 4464 arbores
975 4387 1111 4464 iaciunt
1130 4388 1227 4483 apud
1246 4407 1322 4482 nos,
1342 4387 1435 4462 sicut
1454 4388 1560 4484 pinus
1573 4379 1609 4482 (⁰)

440 4517 477 4585 et
502 4530 663 4604 cerasus
690 4531 709 4583 e
732 4513 851 4584 nardo
875 4530 894 4582 e
919 4510 1047 4602 mirra,
1065 4529 1149 4604 quae
1167 4509 1332 4586 similitor
1348 4514 1433 4583 sunt
1450 4507 1532 4584 duae
1549 4530 1611 4585 ar-

440 4632 549 4706 bores
574 4629 776 4725 odoriiarae,
794 4652 860 4704 son
883 4633 1033 4704 rulime
1054 4635 1163 4725 lusce,
1182 4631 1268 4726 quia
1285 4631 1331 4706 da
1347 4631 1453 4728 lignis
1478 4651 1610 4707 eorum

440 4751 526 4826 iacit
550 4749 616 4825 sihi
642 4771 770 4848 pyram
798 4749 834 4825 in
860 4770 933 4845 qua
960 4751 1191 4825 comburitur
1217 4756 1254 4826 et
1280 4751 1486 4866 velaturtin
1511 4752 1612 4828 nine-

500 4963 530 5028 (¹)
547 4968 601 5026 ¹¹⁶,
619 4979 763 5016 merorum.
952 4965 980 5030 (¹)
995 4965 1026 5017 Ε.
1042 4967 1082 5018 vu
1099 4965 1156 5017 ruit.
1344 4963 1370 5027 r)
1386 4965 1412 5015 s.
1428 4963 1543 5016 nortun.

500 5041 527 5104 (⁸)
543 5043 579 5093 La
595 5041 685 5106 parole
701 5041 742 5094 iia
758 5043 767 5093 i
781 5043 833 5092 dua
848 5043 981 5095 wiormohi
997 5057 1044 5096 rou
1060 5043 1172 5107 supputo
1187 5041 1255 5108 ducii
1271 5042 1331 5094 altri
1346 5041 1442 5094 (adici.

501 5120 529 5184 (¹)
544 5119 571 5172 S.
587 5120 784 5186 granum-B.
800 5133 932 5186 murum.
1339 5119 1367 5183 (⁸)
1384 5119 1414 5170 B.
1430 5131 1538 5184 prunus.
