4526 6836
736 995 875 1050 caurus
898 995 1055 1051 sumnus
1078 994 1208 1052 nonus.
1505 987 1550 1054 59

382 1142 608 1236 temporalia.
635 1141 754 1216 Bestia
778 1161 890 1236 super
915 1161 988 1235 qua
1011 1142 1113 1216 sodet
1130 1141 1306 1216 meretrix
1325 1151 1382 1218 est
1398 1144 1552 1220 ecclesia

380 1261 445 1336 Dei
458 1261 614 1336 militans
626 1261 765 1335 habens
779 1265 919 1355 septem
933 1259 1063 1356 capita,
1077 1260 1169 1336 idest
1180 1270 1320 1356 septem
1334 1261 1430 1338 dona
1443 1264 1550 1358 spiri-

380 1390 440 1456 tus
461 1381 587 1473 sancti,
608 1382 667 1455 vel
692 1385 833 1475 septem
854 1381 1020 1474 virtutes,
1042 1387 1117 1456 tres
1141 1382 1375 1477 theologicas,
1392 1389 1553 1476 quatuor

382 1503 551 1594 moratae,
565 1511 604 1577 et
622 1499 755 1574 desem
771 1519 924 1594 cornua,
939 1499 1033 1575 idest
1051 1499 1179 1575 desem
1192 1508 1375 1596 praeoepta
1393 1503 1493 1599 lepis.
1509 1503 1553 1576 lit

382 1623 460 1694 haeo
485 1619 599 1694 bestia
625 1626 680 1693 est
705 1619 821 1693 rubea
847 1619 1026 1715 sanguine
1050 1626 1279 1715 martyrum:
1305 1628 1343 1696 et
1366 1623 1446 1696 lraec
1471 1643 1553 1698 me-

382 1739 496 1814 retrix
511 1730 547 1828 (¹)
572 1737 668 1812 bene
690 1738 793 1816 sedet
813 1757 925 1832 super
940 1758 1057 1833 aquas
1074 1740 1228 1833 multas3
1246 1759 1345 1834 nam,
1367 1732 1454 1834 utl’)
1474 1744 1551 1836 ipse

383 1857 610 1953 Evangelista
636 1845 762 1952 postea
795 1856 970 1951 declarat,
1000 1877 1108 1951 aqum
1141 1860 1268 1932 multae
1300 1868 1387 1934 sunl
1416 1862 1552 1956 populi,

245 2073 253 2088 Ι
384 1985 521 2075 gentes,
546 1967 742 2072 linguaerii,
769 1976 904 2070 quibus
929 1977 1112 2072 imperant
1136 1977 1202 2072 ipsi
1217 1979 1370 2074 praelati,
1387 1981 1463 2055 sive
1481 1981 1554 2058 sint

385 2099 523 2190 Rornae,
554 2095 631 2170 sive
664 2096 842 2193 Lugduni,
877 2097 956 2172 sive
985 2097 1161 2173 drinioni.
1200 2097 1302 2174 Unde
1335 2099 1553 2174 norissimus

385 2223 491 2311 poeta
516 2216 715 2290 Petuarclra
740 2217 820 2290 uult
844 2215 943 2310 quod
968 2216 1034 2291 ista
1061 2237 1195 2314 magna
1220 2219 1383 2314 Babylon
1406 2219 1452 2292 sit
1468 2219 1554 2293 dvi·

386 2337 445 2411 nio
460 2326 511 2429 (⁸),
537 2355 632 2412 nova
658 2336 820 2432 Babylon
845 2337 883 2410 in
899 2321 1024 2432 Gallia,
1042 2357 1128 2431 quae
1146 2357 1236 2413 vere
1252 2345 1371 2433 potest
1386 2339 1454 2413 diei
1474 2359 1554 2413 ma-

384 2477 457 2554 gua
481 2456 644 2552 Babylon
670 2476 744 2530 nun
769 2456 910 2531 ambitu
937 2475 1145 2550 murorum,
1162 2457 1226 2533 sed
1248 2457 1388 2533 ambitu
1411 2459 1554 2534 animo·

386 2597 482 2651 rum.
501 2575 597 2652 Vere
621 2583 740 2650 mater
759 2575 1019 2670 fornicationis,
1042 2577 1210 2672 luxuriae,
1231 2579 1427 2672 ebrietatis,
1448 2578 1553 2674 plena

386 2697 487 2771 omni
511 2695 781 2771 abominatione
806 2701 844 2769 et
859 2695 1102 2788 immunditia,
1119 2707 1158 2773 et
1172 2697 1274 2772 sedet
1293 2698 1439 2772 realiter
1459 2697 1555 2772 inter

388 2835 504 2908 aquas
520 2831 680 2908 rapaces,
698 2813 834 2889 scilicet
849 2809 1081 2907 Rhodanum,
1100 2816 1295 2891 Ruentiam
1313 2815 1555 2913 et'Sorgiam,

387 2942 606 3009 sternutus
637 2931 800 3008 mulieris
836 2934 932 3008 bene
968 2935 1138 3009 convenit
1175 2935 1260 3029 ipsis
1292 2935 1459 3030 praelatis,
1490 2937 1553 3030 qui

388 3060 474 3128 sunt
489 3052 705 3127 circumdati
722 3073 899 3148 purpura,
913 3073 1019 3147 auro,
1036 3062 1200 3151 argento,
1214 3055 1388 3151 gemmis3
1406 3063 1444 3130 et
1459 3055 1555 3130 beno

388 3180 445 3249 est
467 3173 570 3250 ebria
594 3171 663 3246 ista
696 3173 858 3268 prelatio
894 3173 1072 3269 sanguine
1105 3184 1317 3252 sanctorum
1347 3182 1555 3272 martyrum

388 3301 426 3368 et
450 3294 536 3368 iesu
567 3292 707 3367 Christi.
738 3291 824 3367 ldeo
855 3293 950 3368 bene
982 3292 1129 3367 undem
1162 3293 1307 3369 eveniet
1337 3293 1404 3368 sibi
1435 3314 1555 3389 prena,

390 3431 474 3506 que
499 3413 766 3506 praenuntiatur
790 3412 838 3485 ab
862 3413 995 3508 angelo
1019 3411 1079 3506 ibi,
1104 3418 1147 3487 ut
1177 3413 1320 3488 dicetur
1350 3414 1434 3490 alibi
1465 3414 1560 3489 Pur-

255 3525 261 3538 ’
389 3533 521 3628 galerii
545 3531 704 3626 capitulo
728 3531 869 3608 ultimo.
892 3531 994 3607 Siout
1009 3551 1099 3629 ergo
1120 3533 1303 3608 lohannes
1321 3535 1505 3630 apostolus
1522 3541 1560 3609 et

390 3651 612 3747 evangelista
637 3650 763 3725 videns
788 3651 856 3726 ista
881 3651 917 3726 in
942 3649 1070 3746 spiritu
1092 3651 1295 3729 admiratus
1319 3660 1375 3730 est
1398 3654 1559 3729 admira-

389 3772 486 3847 tione
510 3789 662 3867 magna3
687 3769 738 3844 ita
763 3771 898 3846 [tantos
924 3773 1116 3868 theologus
1142 3778 1181 3847 et
1203 3779 1309 3868 poeta
1336 3773 1462 3850 videns
1487 3773 1554 3848 ista

388 3891 426 3964 in
450 3910 579 3964 somno
605 3909 683 3964 suae
708 3889 854 3964 visionis
887 3891 1020 3966 merito
1050 3891 1205 3966 miratus
1233 3901 1289 3968 est
1318 3893 1559 3968 admiratione

392 4028 537 4105 magna,
561 4010 704 4085 dicens:
728 4013 757 4085 it
787 4011 1149 4101 toretmundum
1171 4013 1354 4089 lohannes
1378 4017 1558 4089 anthono-

393 4129 539 4223 masiae,
568 4134 752 4206 s'oooorso
780 4134 818 4204 di
848 4134 905 4204 uoi
932 4133 1082 4223 pastori,
1115 4131 1250 4206 scilieet
1274 4133 1310 4206 in
1335 4135 1559 4230 Apocalypsi,

393 4253 534 4342 quondo
558 4253 643 4325 oolri
665 4253 726 4324 ote
748 4253 830 4324 sede
851 4270 962 4343 sopra
983 4252 1006 4323 t
1018 4269 1138 4343 moue,
1164 4251 1300 4328 scilicet
1324 4253 1459 4328 mulier
1480 4273 1563 4330 me-

392 4369 506 4445 retrix
534 4389 667 4465 magna
693 4389 778 4463 quae
802 4368 903 4445 sedet
928 4388 1039 4464 super
1064 4369 1199 4444 multas
1223 4392 1352 4466 aquas,
1378 4373 1469 4448 idest
1497 4395 1563 4469 po-

392 4489 498 4582 pulos
521 4487 745 4582 christianos,
769 4493 809 4582 stt
835 4491 925 4562 vasto
949 4509 973 4561 o
997 4491 1059 4580 tui,
1089 4488 1181 4563 idest
1213 4489 1281 4564 luit
1312 4492 1388 4566 visa
1423 4493 1500 4587 sibi,
1526 4503 1563 4569 et

393 4607 561 4703 apparuit
580 4609 659 4703 sibi,
674 4614 921 4702 puttnoeppior
938 4613 993 4683 coi
1007 4612 1097 4700 rapi,
1114 4609 1216 4686 sedet
1235 4611 1328 4706 dioo,
1346 4615 1473 4705 quello,
1493 4615 1564 4690 soi-

395 4727 477 4804 lieet
491 4719 527 4820 (⁵)
554 4729 707 4803 bestiam
734 4730 1134 4826 romanorumque
1163 4751 1230 4804 ooo
1254 4734 1286 4805 te
1309 4741 1390 4806 reite
1415 4741 1507 4827 teste,
1533 4745 1565 4809 et

1456 4879 1564 4890 ιι·-

457 4959 484 5020 (¹)
500 4961 553 5019 tlt,
570 4959 697 5011 meretrix
713 4960 861 5012 fornicaria.
1111 4961 1139 5024 (¹)
1156 4960 1187 5012 B.
1202 4965 1229 5011 et
1245 4961 1308 5024 lpse.

455 5033 481 5095 (¹)
497 5035 529 5085 E.
545 5041 572 5085 st
587 5035 690 5101 lingna.
1112 5036 1140 5100 (⁸)
1156 5037 1187 5087 E.
1204 5035 1333 5088 Arinionl.

455 5110 481 5172 l⁸t
497 5110 522 5162 S.
538 5111 638 5164 tdlioet
654 5125 733 5178 super
749 5113 864 5165 hesum.
