4550 6844
678 971 750 1039 ⁴08
1075 977 1281 1035 conamen
1307 981 1459 1034 rnrnnm

679 1127 812 1204 estad
847 1125 1023 1201 blandum
1062 1143 1195 1200 sonum
1235 1125 1407 1220 aucupis3
1433 1124 1533 1200 unde
1569 1123 1679 1199 dicit:
1711 1145 1731 1196 e
1763 1123 1853 1215 quei,

679 1249 826 1342 scilicet,
847 1246 1015 1340 atharus,
1036 1265 1126 1320 vere
1154 1245 1267 1321 arbor
1292 1265 1427 1341 magna
1452 1245 1532 1318 sine
1556 1263 1678 1338 senso,
1699 1244 1751 1316 od’
1764 1261 1855 1315 ovea

679 1370 862 1462 voytezza
877 1387 896 1437 e
912 1385 1020 1440 senno
1031 1385 1137 1458 poco,
1154 1364 1261 1459 quasi
1284 1364 1404 1438 dicat:
1429 1364 1494 1458 qui
1508 1357 1545 1455 (¹)
1574 1362 1732 1438 habebat
1757 1362 1855 1435 moi-

679 1497 760 1564 tum
786 1485 943 1563 lasciviae
963 1491 1000 1560 et
1017 1484 1104 1560 ninii
1121 1484 1336 1579 prudentiae,
1358 1486 1459 1575 ootle,
1475 1485 1527 1556 ct’
1539 1486 1575 1557 io
1595 1486 1648 1576 μὴ·
1671 1484 1856 1556 mostrossi

679 1612 803 1699 rare,
829 1605 976 1700 scilicet,
1008 1603 1165 1698 volandi,
1191 1625 1211 1676 e
1243 1607 1292 1677 mi
1312 1608 1386 1698 sese
1410 1605 1589 1678 ordered
1617 1606 1680 1695 tol,
1706 1601 1854 1693 scilieet,

679 1727 848 1823 episeopo
868 1726 1024 1819 senensi,
1041 1727 1101 1799 cte
1121 1727 1241 1800 foveo
1258 1746 1325 1817 per
1341 1725 1513 1816 fiolioolo,
1530 1723 1631 1818 idest,
1650 1723 1714 1818 qui
1739 1723 1854 1798 habe-

679 1848 742 1922 hat
765 1845 885 1941 ipsum
910 1845 1087 1920 Albanum
1112 1863 1180 1940 pro
1204 1844 1388 1938 filio,tioet
1413 1845 1509 1919 sorte
1534 1864 1607 1918 non
1633 1850 1740 1937 esset,
1766 1841 1852 1935 quia

679 1967 825 2066 genitus
851 1986 899 2041 ex
923 1965 1139 2059 meretrioe;
1172 1970 1210 2038 et
1241 1964 1270 2038 si
1299 1971 1391 2058 erat,
1423 1983 1498 2038 non
1529 1961 1688 2039 audebat
1718 1961 1852 2054 dicere,

680 2087 767 2182 quia
792 2105 889 2182 saepe
914 2084 1122 2160 sacerdotes
1131 2077 1169 2176 (²)
1203 2083 1294 2158 iiiios
1324 2083 1452 2158 dixere
1477 2089 1638 2178 nepotes,
1663 2084 1740 2156 soto
1768 2101 1854 2174 per-

679 2210 777 2281 od'io
802 2209 865 2279 nol
883 2209 952 2300 seoi
983 2207 1133 2295 Dedolo,
1164 2204 1268 2297 idest,
1298 2204 1531 2279 solummodo
1564 2209 1713 2299 propter
1746 2201 1851 2278 istam

679 2325 912 2400 vanissimam
945 2345 1107 2418 causam,
1141 2324 1228 2418 quia
1262 2343 1335 2397 non
1368 2324 1438 2399 ieci
1471 2344 1560 2399 edm
1595 2323 1780 2397 volatilem
1801 2311 1853 2412 (³),

680 2447 776 2522 siout
800 2445 867 2518 suit
891 2444 979 2518 olim
1005 2443 1183 2537 Dedaius3
1209 2425 1313 2538 quasi
1338 2443 1445 2538 dicat,
1463 2443 1642 2538 quianon
1661 2441 1854 2517 ieoiistam

680 2565 861 2660 pecudem
879 2563 1015 2638 volare.
1030 2562 1188 2637 Dedalus
1205 2563 1302 2637 enim
1321 2585 1479 2660 magnus
1496 2563 1627 2639 artifex
1646 2561 1854 2659 ingeniosus

680 2687 813 2762 dicitur
827 2673 864 2778 (⁴)
890 2684 1034 2758 volasse
1058 2703 1145 2758 cum
1176 2683 1251 2758 filio
1283 2702 1352 2757 sno
1383 2685 1487 2759 icaro
1514 2683 1662 2788 qnando
1687 2681 1787 2756 venit
1810 2681 1857 2756 de

682 2807 790 2882 Creta
816 2805 853 2878 in
885 2803 1038 2897 ltaliam,
1073 2803 1168 2878 sicut
1187 2804 1265 2898 jam
1298 2805 1504 2898 expositum
1532 2807 1587 2878 est
1616 2821 1729 2897 snpra
1757 2801 1857 2896 oapi·

681 2927 759 3002 tuio
784 2924 889 2998 xvii.
922 2923 968 2996 Et
999 2922 1128 2997 ultimo
1160 2922 1357 2998 Griioiinus
1389 2924 1505 3020 tangit
1542 2941 1671 2998 veram
1704 2939 1855 2996 causam

681 3066 760 3120 suae
784 3041 1040 3137 damnationis,
1064 3042 1212 3116 dicens:
1242 3063 1302 3116 mo
1331 3047 1461 3135 Minos,
1488 3043 1603 3139 judex
1642 3042 1783 3135 interni,
1809 3040 1856 3114 de

681 3185 757 3261 quo
783 3165 861 3260 jam
888 3163 1020 3239 totiens
1044 3162 1182 3237 dictum
1209 3171 1276 3258 est,
1302 3183 1326 3234 a
1351 3167 1408 3237 oni
1429 3183 1502 3236 non
1527 3166 1595 3237 lece
1607 3165 1752 3257 saltare,
1769 3159 1856 3254 quia

683 3287 807 3360 nulius
830 3289 950 3379 potest
974 3281 1101 3357 saliere
1125 3281 1386 3357 conscientiam
1418 3303 1537 3376 suam,
1564 3303 1648 3376 quae
1673 3282 1857 3378 figuratur

682 3427 749 3503 per
774 3404 900 3497 Minos,
925 3395 1047 3477 ἀαηηὸ
1071 3423 1127 3474 me
1150 3424 1217 3495 per
1248 3403 1412 3475 oletimia
1440 3404 1500 3476 ote
1523 3405 1603 3476 osai
1626 3404 1684 3474 nel
1712 3401 1856 3490 amodo,

683 3529 761 3599 nelt’
769 3525 891 3598 noma
915 3525 1033 3613 bolom
1058 3525 1144 3595 delle
1169 3525 1275 3614 diaco,
1302 3521 1393 3598 idest
1418 3523 1455 3596 in
1480 3523 1547 3597 ista
1566 3521 1693 3597 ultima
1718 3521 1855 3616 bulgio,

684 3645 721 3718 in
747 3664 821 3737 qua
847 3642 1052 3738 puniuntur
1076 3640 1296 3715 alchimistae
1321 3649 1358 3716 et
1383 3643 1507 3717 caeteri
1532 3643 1731 3716 falsatores.

757 3769 803 3837 Et
824 3764 860 3835 io
884 3765 971 3836 dost
993 3763 1032 3835 at
1049 3769 1166 3854 poem.
1193 3763 1264 3836 Ista
1293 3767 1349 3836 est
1383 3772 1515 3856 quarta
1547 3767 1584 3836 et
1615 3760 1742 3838 ultima
1773 3779 1858 3856 pars

684 3882 877 3981 generalis,
902 3881 939 3954 in
965 3901 1040 3975 qua
1064 3887 1174 3955 autor
1205 3881 1322 3976 gratia
1354 3882 1551 3975 praemisso
1582 3881 1751 3956 vanitatis
1775 3878 1859 3954 iacit

684 4027 799 4081 unam
813 4002 1086 4100 digressionem,
1099 4001 1137 4074 in
1151 4021 1226 4096 qua
1238 4001 1323 4075 iacit
1342 4022 1453 4077 unam
1473 4001 1692 4076 invectivam
1710 3999 1859 4076 morda-

684 4145 765 4201 oem
784 4133 822 4200 et
838 4121 1038 4197 irrisoriam
1052 4129 1179 4197 contra
1197 4141 1381 4215 senenses,
1398 4121 1613 4196 vanissimos
1629 4121 1795 4196 omnium
1809 4111 1858 4212 (⁵).

685 4251 730 4320 m
751 4248 801 4337 io,
826 4243 929 4337 idest,
949 4247 987 4317 et
1011 4262 1083 4338 ego
1109 4247 1216 4336 poeta
1234 4242 1368 4316 Dantes
1384 4240 1619 4316 considerans
1636 4239 1858 4316 dementiam

684 4367 780 4440 iltius
792 4364 916 4438 albari
927 4362 1089 4438 senensis
1102 4367 1139 4436 et
1152 4362 1263 4456 patris
1276 4361 1366 4457 eius,
1380 4363 1442 4456 qui
1457 4362 1587 4438 vanior
1600 4361 1673 4437 fllio
1686 4383 1758 4436 non
1770 4379 1860 4436 eru·

684 4487 764 4560 buit
789 4484 937 4559 tradere
960 4481 1148 4556 hominem
1175 4481 1331 4556 nammis
1348 4483 1463 4579 igneis
1485 4505 1552 4579 pro
1575 4505 1649 4558 una
1674 4481 1786 4576 buda,
1812 4481 1860 4556 de

686 4626 761 4700 qua
781 4603 937 4679 debebat
957 4603 1076 4698 potius
1097 4601 1229 4697 ridere,
1247 4609 1283 4678 et
1300 4603 1542 4698 dissimulare,
1559 4603 1589 4677 si
1606 4601 1753 4678 vovebat
1770 4623 1861 4678 con·

748 4795 776 4856 (¹)
791 4794 818 4844 S.
834 4793 895 4857 qnia
911 4791 1022 4842 habeon
1036 4791 1147 4842 multam
1164 4791 1303 4850 luxuriam,
1319 4796 1347 4842 et
1362 4791 1435 4842 nihil.

748 4871 776 4932 (η
792 4869 823 4920 Ε.
839 4868 986 4920 neerdotes
1001 4873 1193 4919 consueverunt
1209 4868 1276 4919 iiiios
1292 4881 1352 4919 soor
1369 4869 1456 4920 dicere
1472 4873 1587 4934 nepotes.

749 4946 776 5008 (¹)
792 4946 824 4996 Ε.
839 4945 930 4996 votare
945 4944 1012 4996 sicut
1028 4944 1079 4995 suit
1094 4945 1158 4994 oiim
1175 4943 1208 4995 do
1225 4944 1331 4995 Dedalo.

749 5023 777 5086 (⁸)
794 5023 825 5074 E.
841 5035 857 5073 a
874 5027 929 5083 tto,
945 5021 1061 5086 tingitur.

750 5100 778 5164 (⁸)
793 5099 821 5152 S.
836 5100 967 5162 omnium
984 5099 1053 5150 unda
1068 5098 1139 5150 dicit.
1149 5098 1219 5150 -Ε,
1236 5099 1386 5162 hominum:
1403 5099 1472 5152 unde
1488 5099 1558 5151 dieii.
