4606 6840
771 975 912 1032 CANTUS
935 977 1127 1032 uouemus
1151 977 1294 1032 SEXTUS.
1536 963 1607 1030 285

440 1121 568 1215 quitur
597 1141 683 1196 cum
716 1123 858 1198 talibus.
886 1123 1056 1220 Virgilius
1090 1123 1188 1198 enim
1214 1128 1363 1198 secutus
1394 1123 1609 1217 Homerum,

439 1243 554 1316 multa
580 1243 719 1338 scripsit
744 1243 790 1318 de
815 1243 900 1337 istis,
918 1253 956 1320 et
975 1244 1073 1318 dedit
1098 1245 1150 1320 eis
1167 1244 1265 1340 apud
1286 1243 1417 1318 latinos
1434 1249 1612 1338 perpetuo

436 1362 572 1436 lamam
600 1369 637 1437 et
668 1364 840 1459 gloriam;
865 1371 902 1438 et
928 1364 979 1439 sic
1004 1375 1059 1440 est
1084 1385 1217 1440 verum
1244 1364 1342 1456 quod
1366 1368 1476 1438 autor
1497 1363 1610 1438 deve-

329 1497 337 1513 ·
437 1480 531 1556 nerit
557 1482 593 1556 in
619 1483 863 1579 cognitionem
889 1483 1041 1557 istorum
1070 1485 1255 1560 mediante
1280 1485 1439 1581 Virgilio.

513 1607 563 1676 Lo
588 1607 754 1704 maggior·
775 1623 896 1676 corno.
922 1606 993 1678 Ista
1011 1610 1065 1680 est
1086 1610 1218 1698 quarta
1235 1611 1272 1680 et
1289 1605 1417 1680 ultima
1436 1625 1522 1699 pars
1542 1625 1609 1700 ge-

440 1716 636 1818 neralis(¹),
663 1724 700 1798 in
726 1745 800 1818 qua
825 1731 934 1799 autor
958 1725 1065 1819 plene
1090 1726 1260 1800 describit
1291 1726 1448 1819 qualiter
1473 1725 1608 1821 Ulyxes

438 1845 720 1940 adpetitionem
746 1844 883 1941 Virgilii
909 1852 1035 1920 narrat
1059 1847 1187 1941 pulcre
1212 1845 1544 1943 peregrinationem
1571 1850 1609 1919 et

441 1971 598 2039 mortem
624 1985 741 2040 suam.
775 1966 819 2038 Et
843 1964 963 2059 primo
993 1974 1174 2061 praeparat
1205 1969 1392 2042 dammam
1414 1965 1537 2061 Ulyris
1561 1964 1608 2039 ad

440 2085 677 2179 loquendum,
695 2085 841 2160 dicens:
868 2089 903 2158 lo
928 2090 1091 2178 muppior
1116 2108 1239 2179 corno,
1265 2086 1366 2179 idest,
1394 2092 1541 2180 puncta,
1567 2087 1611 2158 do

439 2209 476 2279 lu
497 2209 644 2299 tiammo
668 2209 797 2298 antico,
814 2206 950 2283 scilicet
971 2207 1102 2302 Ulyris,
1120 2208 1184 2301 qui
1202 2215 1282 2283 crat
1299 2208 1416 2282 maior
1433 2206 1610 2281 Diomede

439 2345 512 2400 non
542 2347 708 2421 corpore,
742 2327 805 2401 sed
840 2333 975 2420 mente,
1007 2327 1071 2402 sed
1102 2335 1279 2422 tempore,
1310 2328 1373 2402 sed
1404 2329 1512 2421 lama,
1545 2326 1609 2400 sed

438 2447 630 2541 prudentia
654 2454 692 2523 et
716 2447 937 2542 eloquentia,
963 2449 1046 2524 licet
1071 2457 1192 2524 essent
1206 2443 1243 2542 (²)
1262 2471 1408 2545 semper
1433 2450 1540 2524 simul
1561 2450 1609 2524 ad

438 2567 561 2642 omnia
588 2588 722 2663 magna
740 2569 912 2664 gerenda,
930 2563 1097 2644 comincid
1114 2593 1138 2644 a
1155 2574 1321 2644 crollorsi
1340 2573 1607 2661 mormoruodo,

438 2687 524 2780 quia
550 2687 674 2784 lingua
698 2688 825 2783 latens,
853 2691 1004 2766 interius
1037 2691 1157 2785 primo
1188 2691 1408 2767 movebatur
1437 2691 1501 2765 sed
1535 2710 1607 2764 non

438 2807 641 2902 videbatur,
668 2815 704 2884 ct
730 2811 884 2885 iaciebat
909 2833 1026 2885 unum
1057 2813 1250 2886 confusum
1283 2833 1415 2886 sonum
1440 2833 1464 2886 a
1490 2811 1608 2905 simili,

436 2949 507 3020 pur
530 2949 625 3002 come
650 2933 775 3021 mutto,
802 2931 936 3006 scilicet
962 2933 1121 3026 llamma,
1138 2935 1194 3005 cui
1210 2939 1310 3006 vento
1333 2935 1498 3025 affaldus
1515 2933 1608 3006 sicut

438 3049 536 3124 enim
571 3049 738 3124 ridemus
771 3051 817 3126 de
849 3051 956 3146 lacto,
983 3053 1132 3126 llamrnn
1158 3053 1250 3149 ignis
1281 3073 1365 3148 quae
1398 3052 1606 3148 agitatore

439 3177 549 3245 vento
575 3170 659 3246 lacit
676 3193 794 3245 unum
813 3173 1006 3246 contusum
1025 3193 1169 3266 sonum,
1188 3172 1237 3247 itu
1258 3174 1404 3246 llamma
1426 3173 1507 3262 ista,
1524 3191 1609 3265 quae

442 3309 541 3365 nunc
566 3292 800 3385 quatiebatur
816 3313 837 3366 a
856 3292 984 3387 spiritu
1002 3293 1101 3367 vocis
1118 3299 1303 3387 conceptae
1320 3292 1491 3367 interius:
1518 3292 1612 3366 sicut

441 3431 463 3484 a
489 3418 620 3506 vento;
647 3412 728 3487 ideo
753 3412 951 3489 similitudo
976 3418 1030 3487 est
1055 3413 1182 3506 pulcra
1201 3419 1237 3486 et
1262 3411 1419 3508 propria.
1447 3412 1531 3487 ldeo
1555 3412 1611 3486 di·

441 3532 512 3606 cit:
537 3535 625 3624 indi,
649 3531 753 3628 idest,
779 3533 910 3608 deinde
934 3534 994 3607 illa
1010 3523 1047 3624 (³)
1073 3533 1221 3607 damma
1247 3535 1421 3605 mundo
1446 3535 1482 3604 lu
1507 3535 1611 3622 nmo,

441 3653 542 3748 idest,
568 3661 741 3749 punctam
769 3660 916 3728 acutam
943 3654 1170 3728 conformem
1197 3659 1343 3747 punctae
1368 3653 1514 3749 linguae,
1541 3642 1611 3743 qud

440 3796 459 3846 e
483 3763 520 3846 ld
543 3795 640 3847 come
660 3777 754 3868 [osse
778 3778 815 3847 lu
840 3777 961 3865 lingua
986 3775 1046 3846 cte
1067 3777 1244 3866 portasse,
1261 3764 1345 3864 pitto
1361 3793 1443 3846 uoce
1459 3774 1497 3845 di
1511 3775 1609 3865 soor,

440 3892 644 3966 secundum
675 3895 831 3967 lormum
865 3894 1118 3989 subscriptam.
1152 3895 1196 3966 Et
1227 3893 1346 3987 primo
1372 3893 1504 3987 Ulyxes
1531 3893 1609 3966 vult

439 4012 632 4086 ostendere
665 4013 838 4088 ardorem
863 4013 975 4088 animi
1009 4013 1065 4086 sui
1091 4033 1204 4106 quem
1232 4013 1359 4088 habuit
1383 4013 1430 4088 de
1454 4013 1609 4087 ridendo

442 4132 622 4206 mundum
656 4135 714 4207 vel
747 4133 837 4207 situs
868 4133 1017 4206 urbium
1051 4139 1088 4207 et
1122 4153 1245 4208 mores
1274 4133 1486 4226 hominum;
1513 4132 1612 4207 unde

440 4255 556 4351 tangit
581 4275 731 4328 causam
762 4275 839 4328 suae
871 4252 1173 4349 peregrinationis
1204 4253 1410 4345 ostendens,
1436 4253 1535 4347 quod
1564 4274 1609 4328 ea

440 4395 524 4469 quae
549 4376 667 4450 solent
691 4374 908 4450 naturaliter
935 4374 1094 4448 retinere
1128 4373 1315 4449 hominem
1345 4376 1402 4447 rel
1430 4373 1610 4448 reducere

440 4498 486 4572 ad
511 4497 680 4592 patriam,
708 4517 781 4570 non
806 4501 1005 4590 potuerunt
1023 4495 1142 4590 ipsum
1161 4516 1338 4570 revocare
1357 4496 1523 4569 domum.
1541 4495 1612 4570 Or·

439 4606 570 4710 dinai‘)
592 4618 644 4692 sic
668 4618 832 4693 literam:
859 4639 878 4690 e
902 4619 1013 4689 disse:
1038 4616 1174 4692 scilicet
1199 4617 1259 4692 ille
1284 4617 1436 4713 Ulyxes:
1463 4612 1509 4691 nd
1531 4619 1610 4690 dol-

440 4758 548 4809 cezzo
572 4740 611 4812 dt
631 4740 743 4830 figito,
769 4737 904 4813 scilicet
928 4735 1134 4812 telemachi
1149 4728 1198 4831 (⁴⁸⁵),
1218 4758 1303 4811 nam
1324 4759 1431 4814 amor
1451 4737 1612 4814 liliorum

503 4955 530 5016 Γ)
546 4953 578 5005 B.
594 4954 722 5018 gerento
737 4955 842 5017 capituli
858 4955 884 5004 in
900 4967 959 5017 qua.
1112 4952 1138 5013 τ’)
1156 4953 1185 5002 li.
1201 4957 1269 5004 eruet
1285 4965 1388 5014 semper
1404 4952 1493 5003 similis
1509 4953 1550 5003 ud.

503 5028 531 5092 (¹)
548 5031 578 5080 Ε.
595 5031 652 5081 aliu.
1109 5027 1135 5088 (¹)
1152 5028 1182 5079 lt.
1197 5027 1293 5080 ordina
1309 5042 1379 5078 nuuc
1394 5029 1439 5079 alc.

505 5105 533 5170 (⁸)
549 5107 580 5158 ll.
597 5107 748 5158 Telemachi
764 5107 810 5158 lllll
826 5109 874 5164 nrt.
890 5107 951 5171 wia
967 5119 1050 5157 mor.
