4580 6844
723 989 863 1048 murus
886 991 1077 1048 memus
1099 990 1273 1048 oeravns.
1512 979 1584 1050 tet

409 1140 460 1212 da
488 1139 736 1229 Teudurum,
760 1158 825 1212 occ
848 1139 1029 1212 euerso
1047 1137 1200 1229 trudo,
1217 1137 1281 1231 qui
1309 1135 1404 1214 bene
1427 1134 1584 1212 ostendit

408 1255 641 1351 prudentiam
666 1255 830 1352 senilem,
850 1257 946 1331 maru
963 1257 1189 1330 serrz'urnrr
1213 1263 1252 1332 et
1274 1255 1357 1331 ideo
1377 1275 1452 1331 uon
1476 1241 1599 1331 rutel]

408 1375 510 1473 rigas,
535 1374 635 1471 quud
659 1375 816 1451 niardus
840 1375 990 1451 inermis
1013 1375 1246 1472 pugnaverit,
1266 1375 1363 1452 sicut
1386 1375 1494 1450 muiti
1513 1394 1583 1451 ex·

407 1503 568 1592 ponuut;
594 1494 668 1571 imo
697 1502 864 1572 armatus
896 1494 1045 1573 intrarit
1067 1495 1199 1590 aciem,
1223 1495 1318 1572 sicut
1352 1501 1392 1571 ct
1425 1494 1578 1589 retiqui3

407 1615 471 1692 sed
495 1622 606 1692 autor
635 1614 715 1690 ruit
738 1614 873 1710 dicere,
898 1614 998 1710 quod
1024 1615 1177 1692 victoria
1205 1623 1311 1712 parta
1338 1622 1484 1692 extorta
1511 1613 1581 1690 fuit

407 1735 455 1811 de
480 1734 650 1809 manibus
673 1732 846 1828 hosium,
870 1755 945 1810 non
970 1741 1046 1810 tam
1071 1735 1212 1810 viribus
1228 1755 1422 1810 armorum
1447 1733 1581 1827 Caroli,

409 1871 523 1948 quam
548 1852 705 1930 conatu
728 1852 866 1928 domini
890 1853 1011 1928 Aiardi
1041 1853 1090 1928 de
1122 1854 1268 1949 vallari,
1296 1853 1394 1930 senis
1418 1853 1580 1949 pruden-

409 1973 547 2067 tissimi,
565 1973 616 2048 its
632 1971 732 2067 quud
747 1972 830 2048 lans
853 1973 949 2048 iliius
973 1973 1137 2049 victorie
1162 1973 1228 2048 iuit
1253 1972 1488 2071 singutariter
1512 1971 1582 2048 do·

410 2093 499 2168 mini
522 2092 657 2168 Atard'n
687 2093 742 2167 lix
775 2093 970 2188 premissis
999 2100 1109 2169 autor
1138 2094 1324 2170 concludit
1351 2114 1462 2168 sunm
1495 2113 1583 2190 pro-

409 2213 586 2309 positum3
619 2219 657 2289 et
688 2213 777 2288 dicit
806 2213 985 2308 brevitor,
1020 2213 1120 2308 qnod
1152 2214 1184 2288 si
1217 2213 1339 2288 omnis
1370 2231 1489 2288 cresus
1521 2211 1583 2287 vei

409 2333 626 2408 vulneratus
649 2331 688 2406 in
711 2331 884 2407 omnibns
904 2331 1085 2427 predictis
1101 2331 1239 2428 prmiiis
1259 2339 1474 2428 resurgeret
1488 2324 1527 2424 ι’)
1543 2339 1582 2408 et

409 2451 618 2528 estenderet
642 2451 889 2530 direrm'totom
915 2459 954 2527 et
976 2451 1246 2528 deformitatem
1268 2453 1466 2528 vulnerum
1492 2471 1582 2526 suo-

409 2592 508 2665 rum,
526 2571 742 2666 non'posset
766 2569 846 2646 fleri
870 2571 1097 2668 comparatio
1122 2571 1182 2647 vel
1205 2571 1413 2665 adequado
1433 2571 1480 2646 ad
1495 2571 1607 2692 *¹¹¹3

410 2711 501 2768 nera
524 2711 609 2787 qum
634 2691 744 2768 modo
770 2691 867 2768 vidit
894 2691 986 2770 Dicit
1010 2713 1121 2790 ergo:
1148 2713 1167 2766 r
1191 2695 1288 2785 pret,
1311 2691 1414 2786 idest,
1436 2690 1580 2786 aliquis,

410 2820 599 2887 murum
621 2831 685 2886 rue
716 2813 872 2887 merum
898 2817 1033 2908 sueto,
1055 2831 1274 2908 percussum
1307 2813 1471 2909 punctim
1486 2803 1582 2905 (¹),r

410 2934 495 3024 prat
526 2951 665 3023 mezzo,
697 2951 913 3026 percussum
946 2931 1070 3007 curum
1085 2923 1136 3027 (ἢ,
1160 2932 1306 3006 medic
1334 2935 1447 3025 netu,
1477 2931 1580 3024 idest,

410 3050 509 3144 nihii
535 3053 585 3124 dc
608 3071 733 3142 σφων,
757 3050 862 3144 idest,
878 3050 926 3126 ad
945 3049 1168 3146 mquandura
1188 3057 1226 3127 et
1241 3050 1290 3126 ad
1305 3050 1581 3146 perdicendum,

408 3173 564 3245 duodo
588 3191 699 3244 sezzo
723 3171 767 3244 dr
800 3171 837 3243 tu
860 3171 978 3261 totuin
1001 3189 1113 3261 mnu,
1137 3169 1175 3244 in
1207 3190 1282 3264 qua
1306 3169 1484 3246 monuo
1508 3189 1582 3244 crs·

410 3287 550 3364 duntur
574 3294 612 3362 et
636 3288 871 3382 perforantur
895 3287 1090 3364 scismatici
1105 3287 1307 3364 crudeliter
1331 3289 1379 3364 ab
1395 3309 1487 3365 erne
1504 3288 1584 3364 dia-
1658 3305 1659 3308 ‘

409 3407 483 3483 hoii
498 3396 549 3502 (⁸),
576 3406 764 3484 utstatim
789 3407 942 3485 dicetur.
967 3409 1012 3482 Et
1036 3407 1096 3484 tric
1119 3401 1453 3504 nomenantumf’)
1473 3415 1583 3485 autur

301 3521 302 3526 ‘
409 3527 471 3602 dat
483 3547 631 3622 poenam
646 3527 992 3623 proportionabilem
1009 3527 1140 3604 delicto
1152 3528 1469 3624 scismaticorum
1488 3528 1583 3604 sicut

408 3647 508 3724 enim
532 3653 636 3743 patet
657 3667 705 3723 ex
729 3645 845 3743 dictis,
862 3667 973 3744 poenu
989 3648 1144 3728 istorum
1162 3656 1218 3726 est
1235 3649 1334 3745 quod
1351 3657 1437 3727 sunt
1452 3669 1583 3724 omnes

409 3765 570 3862 lacerati,
596 3766 712 3863 dirisi,
744 3767 916 3864 truncati,
945 3774 984 3844 et
1015 3768 1223 3866 sanguinuti
1253 3769 1290 3843 in
1319 3769 1430 3844 variis
1461 3774 1500 3844 et
1528 3767 1583 3842 di-

409 3885 524 3960 versis
549 3885 735 3980 membris,
760 3886 966 3962 secundm
992 3887 1091 3982 quod
1115 3887 1197 3982 pius
1213 3896 1252 3963 et
1272 3887 1395 3962 minus
1418 3886 1583 3980 delique-

409 4009 517 4098 runt;
541 4011 580 4079 et
605 4005 674 4080 trec
699 4004 783 4081 ideo
806 4005 893 4100 quia
917 4011 1067 4101 propter
1091 4025 1137 4080 ea
1167 4025 1234 4101 per
1264 4026 1350 4101 qum
1374 4003 1583 4101 peccaverit

409 4123 522 4198 homo
547 4123 721 4219 punietur
736 4115 795 4220 (³);
820 4125 878 4200 isti
902 4129 1030 4200 autem
1055 4122 1258 4199 diviserunt
1278 4123 1391 4200 corda
1417 4123 1519 4199 unita
1545 4136 1583 4202 st

409 4249 552 4320 mentes
578 4243 771 4320 unammes
796 4245 939 4320 ratione
965 4242 1047 4319 fldei
1073 4243 1132 4320 vet
1151 4242 1323 4322 amicitia
1345 4244 1406 4320 rel
1429 4243 1583 4320 divitita-

409 4353 505 4456 tis(⁷)
533 4364 593 4440 rel
616 4363 953 4462 consanguinitate,
978 4369 1014 4440 et
1037 4383 1138 4460 rmpe
1158 4362 1395 4440 deduxerunt
1416 4363 1583 4440 homines

408 4481 456 4556 ad
481 4482 587 4578 bella,
613 4482 659 4559 ad
685 4489 836 4580 mortes,
860 4482 907 4559 ad
932 4483 1100 4580 vulnera,
1125 4482 1172 4559 ad
1204 4482 1298 4578 odia,
1323 4483 1370 4560 ad
1400 4483 1582 4560 scaudala.

410 4599 504 4675 Nihil
521 4601 619 4676 enim
636 4603 782 4678 acutius
805 4603 931 4700 tmgua
952 4601 1124 4700 maligna,
1141 4623 1226 4697 qum
1245 4601 1387 4679 animas
1413 4603 1584 4680 credulas

410 4723 448 4791 et
472 4718 647 4818 benignas
673 4728 852 4818 penetrat,
878 4723 1049 4797 vulnerat
1074 4729 1112 4797 et
1136 4720 1315 4798 dissociat.

469 4932 497 4990 (¹)
513 4931 545 4981 E·
560 4939 708 4997 turm
724 4945 787 4986 com
802 4936 951 4988 dinnttstc
965 4939 994 4990 at
1008 4934 1183 4988 murs

472 5007 499 5067 i'i
516 5011 593 5060 1100
610 5009 640 5062 R
657 5015 792 5073 maun.
914 5011 943 5074 (¹)
957 5012 989 5062 E.
1005 5023 1112 5062 mm.
1238 5010 1451 5075 (tilhdtdnit.

471 5084 499 5143 (Ἰ
515 5083 546 5136 li.
562 5086 632 5150 quod
648 5093 734 5139 autor.
915 5087 942 5152 (Ἰ
960 5091 1014 5148 tte,
1031 5088 1146 5150 puurror.
1238 5087 1266 5148 (¹)
1283 5090 1338 5147 tte,
1353 5087 1491 5142 dirimit
