4534 6842
700 940 840 998 caurus
864 941 1055 1000 vreusmus
1079 943 1223 998 ramus.
1472 933 1542 1002 itt
1583 919 1593 936 '

369 1103 514 1160 nocens.
541 1083 595 1158 tu
620 1083 764 1160 literam
790 1105 898 1182 erg03
924 1086 1009 1161 dicit
1033 1092 1162 1164 autor:
1181 1107 1200 1160 e
1215 1079 1287 1160 eod
1311 1089 1380 1162 oid
1390 1090 1426 1160 io
1441 1079 1503 1178 pid
1519 1091 1545 1164 o·

366 1206 473 1296 santi,
507 1203 769 1299 stipendiarios,
804 1204 1020 1302 armigeros,
1053 1208 1239 1280 c’aootaoo
1270 1209 1475 1300 potcaprod
1506 1209 1545 1282 di

372 1327 553 1416 Gomorra,
567 1322 670 1417 idest,
688 1343 774 1397 cum
790 1323 904 1418 pactis
922 1324 1076 1419 liberati,
1095 1333 1215 1417 moer,
1231 1325 1366 1402 scilicet
1384 1333 1541 1402 mortem

370 1441 567 1518 violentam
593 1441 694 1537 terri,
718 1445 928 1534 appendas
944 1451 1003 1516 tra
1019 1447 1143 1519 amomi
1158 1448 1300 1536 coeno,
1317 1445 1453 1521 seilicet
1478 1446 1545 1520 uo-

373 1563 535 1638 reutiuos
559 1570 596 1640 et
620 1564 935 1642 {accusasatum
960 1571 1046 1641 uota
1071 1566 1172 1660 quod
1188 1561 1298 1642 autor
1324 1566 1390 1644 suit
1414 1586 1543 1662 perso-

371 1681 502 1757 naliter
526 1682 564 1756 iu
589 1682 658 1756 isto
683 1683 870 1777 exercitu;
899 1692 981 1759 erat
1012 1685 1110 1760 euim
1137 1691 1224 1760 tune
1243 1685 1391 1781 juvenis
1415 1685 1542 1782 viginti

372 1803 537 1898 quinque
552 1822 749 1897 annorum,
761 1811 800 1878 et
815 1802 865 1878 ibi
885 1803 974 1878 vidit
993 1803 1104 1880 istum
1121 1815 1264 1902 actum3
1279 1805 1360 1881 ideo
1373 1805 1541 1881 libentius

371 1923 455 1998 iecit
479 1924 590 2000 talem
616 1922 940 2020 comparationem,
962 1930 1004 1998 ut
1023 1923 1128 2000 dese
1151 1925 1370 2006 memoriam
1391 1924 1540 2020 iaceret,

371 2044 458 2138 quia
481 2043 680 2138 aliquando
709 2049 932 2120 tractaverat
956 2065 1080 2138 arma3
1106 2045 1276 2139 quamvis
1290 2044 1538 2139 ¹comparatio,

371 2163 482 2238 etiam
508 2183 583 2238 uon
606 2162 730 2236 habito
755 2162 824 2236 isto
849 2170 1030 2258 respectu,
1055 2163 1101 2238 sit
1125 2163 1231 2240 valde
1255 2163 1412 2260 propria.
1438 2164 1551 2239 Sicut·

370 2283 468 2358 enim
493 2283 544 2356 ilii
568 2281 694 2358 famuli
720 2289 827 2358 erant
851 2282 980 2358 inclusi
1005 2283 1101 2358 intra
1124 2285 1326 2378 castellum,
1346 2284 1446 2359 unde
1466 2305 1539 2359 uon
1685 2273 1688 2278 ’

370 2408 539 2498 poterant
563 2400 722 2478 evadere
747 2400 814 2476 uisi
839 2421 905 2498 per
930 2423 1063 2478 manus
1088 2403 1323 2478 inimieorum
1336 2396 1387 2497 (¹),
1407 2403 1458 2478 ita
1483 2403 1540 2478 isti

369 2529 477 2598 eraut
501 2521 630 2598 inclusi
655 2521 693 2596 in
718 2521 854 2618 bulgio,
879 2523 927 2598 de
951 2544 1026 2617 qua
1049 2544 1123 2600 nou
1148 2530 1317 2619 poterant
1342 2523 1446 2599 exire
1471 2523 1539 2597 nisi

373 2663 438 2738 per
463 2663 597 2718 manus
621 2641 888 2718 demoniorum
903 2633 963 2738 (Ἲς
980 2651 1017 2718 et
1035 2643 1132 2718 sicut
1147 2644 1275 2718 famuli
1294 2644 1342 2719 de
1361 2644 1539 2738 Capruua,

371 2762 454 2837 data
475 2762 631 2857 lieentia,
648 2761 749 2837 ibant
773 2761 868 2836 iuter
894 2763 1017 2838 hostes
1036 2769 1209 2857 armatos,
1227 2763 1361 2856 quihus
1377 2763 1540 2838 fecerant

371 2903 507 2979 magua
520 2883 666 2976 damna,
680 2881 849 2958 timentes
862 2887 967 2978 pacta
980 2883 1131 2976 servari,
1141 2883 1191 2958 ita
1202 2883 1271 2976 isti,
1282 2884 1460 2979 promissa
1473 2884 1539 2958 sibi

369 3001 596 3098 impunitate,
605 3002 706 3076 ibant
722 3001 816 3076 inter
833 3001 1019 3076 daemuues
1033 3009 1207 3096 armatos,
1224 3003 1359 3098 quihus
1375 3003 1539 3080 fecerant

371 3142 506 3219 magua
525 3122 671 3216 damna,
691 3120 786 3197 sicut
802 3141 900 3217 saepe
916 3121 1055 3196 dictum
1080 3127 1135 3198 est
1160 3122 1197 3196 iu
1222 3122 1291 3198 isto
1315 3123 1470 3217 inferno,
1492 3123 1538 3196 ti-

369 3249 509 3316 mentes
523 3232 561 3334 (³)
578 3241 756 3338 promissa
772 3242 913 3316 servari
929 3241 1012 3335 sibi3
1031 3246 1069 3316 et
1085 3241 1180 3316 sieut
1203 3242 1252 3316 iiii
1278 3242 1406 3316 famuli
1431 3248 1538 3318 erant
1664 3243 1669 3250 '

367 3363 474 3458 pauci
499 3362 659 3438 inermes
684 3361 779 3436 iuter
804 3367 857 3436 tot
873 3362 1005 3456 hostes,
1031 3362 1081 3436 ita
1099 3361 1165 3458 ipsi
1181 3368 1288 3436 eraut
1304 3369 1447 3438 tautum
1462 3363 1538 3436 duo

368 3483 527 3558 inermes
539 3481 635 3557 iuter
647 3481 776 3557 decem
790 3481 975 3558 demones
988 3488 1149 3556 armatos
1163 3482 1279 3578 uncis,
1297 3483 1448 3578 uncinis,
1467 3504 1538 3557 un-

369 3602 503 3698 guibus
514 3609 553 3676 et
563 3601 749 3694 dentibus3
763 3606 800 3676 et
812 3600 906 3676 sieut
919 3601 968 3676 iili
980 3601 1106 3676 famuli
1122 3601 1371 3678 transiverunt
1387 3602 1487 3676 illaesi
1500 3607 1539 3676 et

370 3721 492 3796 intacti
506 3720 675 3816 quamvis
689 3725 832 3796 tautum
847 3720 1030 3816 timerent,
1044 3720 1093 3794 ita
1110 3720 1168 3795 isti
1184 3721 1433 3797 transiverunt
1448 3720 1539 3796 salvi

368 3846 405 3915 et
422 3840 526 3915 liberi
538 3840 647 3934 juxta
663 3838 821 3915 formam
833 3844 1152 3936 pactorum-Io.
1166 3840 1232 3915 Hic
1245 3847 1355 3916 autor
1366 3840 1538 3917 describit

369 3959 574 4036 remedium
590 3960 648 4034 sui
669 3959 808 4034 timoris
827 3967 864 4035 et
881 3960 1086 4055 periculum
1105 3981 1282 4057 maguum
1299 3961 1336 4034 iu
1358 3983 1433 4056 quo
1455 3961 1536 4058 suit,

367 4079 574 4154 diceus210
603 4081 805 4152 m’aocmtot
828 4099 892 4152 coo
919 4085 1005 4152 totta
1033 4082 1071 4152 ta
1093 4100 1252 4172 mooun
1281 4083 1387 4172 tunae
1412 4084 1440 4154 it
1463 4085 1534 4154 mio

367 4202 467 4274 daca.
493 4199 589 4274 idest
607 4218 722 4294 prope
738 4197 941 4294 Virgilium,
959 4199 1065 4293 quasi
1084 4199 1240 4274 diceret:
1259 4199 1448 4274 committo
1474 4219 1536 4274 me

367 4325 485 4393 totum
510 4317 680 4392 manibus
705 4317 788 4411 tuis,
814 4318 901 4412 quia
931 4338 1135 4412 numquam
1161 4318 1214 4392 sui
1245 4318 1333 4394 alias
1365 4317 1535 4392 insimili

365 4439 457 4532 ioco,
475 4457 545 4513 uec
568 4458 652 4512 sum
672 4437 833 4534 praticus
850 4457 937 4513 cum
959 4437 1103 4533 talibus,
1121 4457 1190 4514 uec
1207 4437 1282 4512 scio
1303 4437 1390 4531 quid
1406 4457 1533 4534 agam:

364 4565 403 4633 et
427 4579 559 4633 verum
585 4563 676 4651 erat,
702 4556 790 4652 quia
814 4563 924 4632 autor
949 4557 987 4632 iu
1012 4559 1133 4634 MCCC
1148 4577 1224 4633 uon
1247 4556 1390 4634 viderat
1414 4557 1535 4632 adhuc

366 4677 488 4754 curias
505 4697 668 4774 magnas,
686 4677 773 4772 quia
791 4697 864 4753 uou
880 4677 1001 4752 tuerat
1018 4679 1204 4776 expulsus,
1224 4678 1318 4753 sicut
1337 4684 1463 4774 postea
1480 4678 1536 4755 vi·

428 4905 456 4970 (¹)
471 4907 503 4958 lt.
518 4908 698 4966 inimicorum.
712 4913 740 4960 et
754 4909 820 4962 dont
834 4908 927 4962 ramuli
942 4909 975 4960 de
989 4909 1114 4975 Caproua.

429 4983 457 5048 ς’)
474 4989 529 5046 tta,
544 4986 701 5039 amenum.

428 5058 457 5125 (¹)
471 5059 498 5112 Β·
512 5065 576 5112 tuuc
592 5063 713 5116 umentes
728 5062 853 5127 promissi
868 5073 921 5114 nou
937 5061 1043 5114 samri.
