4526 6836
803 961 944 1018 cattvtls
965 959 1166 1020 Vltim-
1520 945 1564 1017 9¹

397 1109 538 1186 Gnido:
565 1106 682 1202 posito
707 1105 806 1201 qnod
830 1103 882 1182 sio
905 1105 961 1200 sit,
987 1103 1173 1200 quomodo
1198 1103 1267 1182 sois
1292 1108 1347 1198 tu,
1370 1101 1469 1198 quod
1499 1101 1566 1180 iste

398 1229 522 1325 pluvia
547 1227 618 1304 erit
643 1230 806 1321 magnai
831 1224 928 1300 Dixit
947 1226 1026 1302 ille:
1045 1223 1132 1319 quia
1148 1223 1274 1300 asinus
1291 1242 1397 1300 meus
1412 1222 1567 1300 auribus

397 1346 530 1425 erectis
566 1344 777 1422 transvertit
801 1352 922 1439 caput,
948 1351 986 1420 et
1004 1344 1143 1420 rotavit
1170 1344 1254 1438 plus
1285 1342 1400 1420 solito.
1434 1344 1569 1420 Reces-

397 1466 443 1542 sit
467 1485 559 1562 ergo
583 1465 742 1540 rusticus
766 1483 851 1542 oum
873 1464 1016 1540 lieentia
1033 1463 1175 1540 oomitis
1190 1463 1414 1558 festinanter,
1436 1463 1568 1540 timeus

397 1586 558 1660 multum
583 1583 631 1660 de
658 1584 792 1681 pluvia,
825 1584 993 1679 quamvis
1018 1590 1165 1678 tempus
1189 1582 1433 1658 clarissimum
1458 1589 1564 1659 esset.

396 1707 441 1780 Et
464 1723 552 1782 eoee
576 1710 657 1800 post
681 1705 824 1799 horam,
849 1704 957 1800 ooepit
992 1710 1132 1798 tonare,
1163 1709 1201 1780 et
1231 1703 1326 1780 meta
1351 1709 1408 1778 est
1432 1723 1567 1800 magna

395 1825 527 1900 ellnsio
550 1843 735 1918 aquarum
761 1824 865 1920 quasi
890 1825 1079 1906 diluvium,
1107 1825 1209 1899 Tune
1228 1823 1346 1898 Guido
1364 1823 1474 1918 ooepit
1490 1824 1567 1900 ola-

397 1963 506 2020 mare
528 1963 615 2017 cnm
641 1963 775 2040 magna
794 1943 1040 2040 indignatione
1057 1951 1095 2020 et
1110 1943 1205 2020 risu:
1224 1943 1307 2037 quis
1324 1961 1385 2018 me
1407 1943 1567 2018 delusit?

396 2063 477 2156 quis
515 2081 576 2138 me
612 2061 802 2138 oonluditt
835 2067 873 2138 et
904 2063 973 2138 luit
1005 2063 1068 2142 diu
1107 2083 1284 2158 magnum
1321 2062 1492 2138 solatium
1529 2063 1567 2140 in

396 2181 541 2277 populo.
572 2181 616 2254 ltt
645 2181 746 2256 huno
777 2182 955 2258 honorem
982 2183 1065 2258 lecit
1091 2182 1262 2258 dominus
1285 2181 1406 2278 ligneo
1432 2201 1578 2300 magno,

396 2301 573 2396 magistro
595 2299 790 2395 astrologo.
816 2301 909 2375 Dicit
933 2321 1024 2397 ergo
1042 2301 1235 2398 Virgilius:
1261 2303 1342 2379 Vedi
1365 2303 1476 2376 (ludo
1493 2305 1566 2374 Bo-

396 2422 494 2494 ootti.
526 2420 570 2492 Et
601 2418 660 2494 lvio
692 2424 778 2496 note
809 2419 909 2512 quod
939 2427 1049 2496 autor
1073 2421 1174 2516 ponit
1195 2419 1309 2498 istum
1339 2420 1564 2517 singularem

396 2539 623 2636 astrologum
654 2539 786 2633 solum,
816 2539 904 2633 quia
927 2540 996 2614 luit
1021 2541 1213 2635 excellens,
1239 2541 1315 2616 imo
1340 2561 1416 2618 non
1439 2541 1566 2616 habult

397 2679 525 2756 parem
552 2666 718 2754 tempore
741 2645 821 2734 suo.
848 2658 950 2736 Unde
974 2680 1048 2735 non
1073 2660 1183 2738 debes
1209 2681 1410 2740 numerare
1428 2660 1566 2737 Gnido-

397 2799 483 2857 uem
517 2779 614 2858 inter
645 2778 865 2854 divinatores
897 2779 1141 2874 mechanioos,
1165 2781 1260 2861 siout
1283 2780 1434 2875 quidam
1459 2780 1566 2876 igno-

397 2906 522 2975 ranter
553 2899 730 2993 lecerunt,
763 2897 903 2994 decepti
934 2917 980 2976 ex
1012 2919 1071 2992 eo,
1104 2900 1203 2994 quod
1231 2907 1342 2976 autor
1369 2905 1450 2994 post
1474 2919 1563 2974 eum

395 3019 558 3096 nominat
588 3019 829 3096 divinatorem
854 3021 1060 3116 vulgarem,
1085 3019 1231 3096 diceus:
1259 3043 1278 3094 o
1302 3022 1381 3096 aedi
1404 3021 1562 3096 ardente.

393 3139 464 3214 lste
494 3138 563 3213 luit
593 3138 742 3232 quidam
773 3138 922 3214 cultiles
956 3139 1002 3214 do
1034 3140 1183 3235 Parma,
1218 3139 1283 3232 qui
1306 3139 1453 3217 dimissa
1481 3131 1584 3213 arte*

393 3277 460 3334 sua
485 3257 584 3334 dedit
613 3279 654 3334 se
684 3263 803 3333 totum
827 3259 1048 3354 divinationi,
1079 3264 1116 3336 et
1140 3277 1237 3355 saepe
1262 3261 1378 3339 multa
1403 3264 1560 3336 ventura

392 3377 570 3473 predixit,
603 3397 688 3471 quae
701 3370 738 3469 (¹)
768 3385 923 3454 ventura
955 3386 1071 3474 erant,
1098 3399 1184 3454 cum
1211 3398 1345 3476 magna
1370 3378 1562 3457 hominum

391 3496 656 3590 admiratioue;
682 3496 793 3572 oredo
818 3517 889 3592 ego
913 3497 1034 3592 potius
1058 3519 1081 3575 a
1101 3505 1245 3592 natura,
1263 3517 1416 3592 quamn
1437 3497 1562 3574 litero·-

394 3621 492 3710 tura,
516 3635 604 3690 oum
629 3623 724 3692 esset
748 3616 939 3694 literarum
965 3616 1133 3714 ignarus3
1155 3635 1241 3694 nam
1258 3617 1370 3712 aliqui
1387 3617 1561 3699 habenta

392 3735 498 3827 ooelo,
521 3733 620 3828 quod
640 3734 712 3810 siut
731 3735 905 3832 astrologi
918 3727 957 3828 (²)
978 3742 1015 3810 et
1031 3736 1263 3831 divinatores,
1280 3738 1409 3832 quales
1425 3738 1563 3814 multos

393 3873 490 3950 sepe
521 3855 603 3931 vidi.
643 3855 800 3952 dedente
836 3875 927 3952 ergo
964 3855 1064 3931 visus
1099 3861 1155 3932 est
1192 3857 1230 3931 in
1264 3856 1447 3950 aliquibus
1480 3877 1562 3934 esse

392 3977 588 4070 propheta3
615 3975 714 4052 unde
750 3975 845 4054 inter
877 3976 948 4054 alu
975 3976 1110 4071 audlvi,
1141 3976 1240 4071 quod
1272 3977 1448 4072 predixit,
1479 3977 1562 4054 lieet

392 4094 560 4188 obscure,
585 4095 743 4189 qualiter
768 4093 964 4172 Fedorious
988 4097 1017 4168 ll
1042 4093 1198 4170 debebat
1222 4095 1347 4170 lacere.
1363 4095 1560 4189 civitatem,

391 4233 476 4308 quae
499 4215 594 4290 dioto
620 4221 676 4289 est
701 4215 871 4310 Victoria,
896 4221 1025 4294 eontra
1050 4216 1236 4308 Parmam,
1261 4214 1324 4290 ubi
1341 4222 1421 4290 erat
1436 4205 1471 4307 (³)
1491 4215 1558 4290 do-

389 4333 588 4428 bellandus,
604 4333 701 4410 siout
718 4333 785 4410 luit
801 4335 848 4410 de
863 4333 970 4410 iacto.
988 4333 1091 4412 Unde
1100 4323 1136 4426 (⁴)
1148 4333 1234 4410 dioit
1250 4340 1376 4410 autor:
1394 4335 1455 4408 ele
1470 4353 1556 4412 vor-

389 4454 490 4528 rette
514 4473 595 4545 ora,
612 4453 703 4530 idest
728 4453 775 4530 de
799 4453 981 4548 prasenti,
1000 4473 1087 4530 noer
1111 4457 1221 4530 oeno
1245 4456 1284 4528 el
1305 4455 1404 4532 mmo
1428 4461 1462 4533 et
1479 4475 1504 4528 u
1520 4456 1556 4528 lo

388 4595 514 4666 mago,
533 4573 669 4652 scilieet
689 4573 736 4650 ad
760 4573 943 4662 suendum
968 4575 1120 4668 caldeos,
1145 4573 1240 4652 sieut
1264 4573 1366 4668 prius
1389 4580 1471 4650 erut
1493 4594 1555 4650 so-

390 4693 475 4768 litus
498 4694 638 4787 iacere3
664 4699 702 4768 et
725 4693 833 4768 dicit:
860 4713 920 4766 mo
935 4696 1032 4768 turdi
1049 4697 1081 4767 si
1097 4700 1207 4786 pente.
1224 4692 1318 4780 Quia
1343 4692 1554 4788 poenitentia

390 4812 492 4888 tarda
513 4819 568 4887 est
592 4813 629 4886 in
655 4811 817 4907 inferno,
843 4813 901 4890 vel
927 4813 1109 4908 loquendo
1136 4812 1335 4907 moraliter,
1353 4813 1441 4907 quia
1458 4813 1555 4908 istos,

452 4997 478 5058 ρ)
495 5000 549 5056 lle,
566 5009 624 5060 qne
640 4997 769 5052 saluom
784 5002 846 5052 runt
861 5011 924 5050 mm
939 5011 1041 5064 mam.
1165 4997 1193 5062 ς’)
1210 4999 1242 5050 E.
1256 4998 1380 5062 ntrelngl
1395 4998 1492 5064 undu·

449 5071 477 5134 θ)
491 5071 524 5123 ll.
539 5071 626 5122 ureret
640 5071 792 5127 debellatus.
1166 5073 1194 5136 (⁸)
1210 5073 1238 5126 Β.
1252 5073 1324 5128 ideo.
