4526 6836
736 951 782 1016 72
1132 961 1336 1019 COMENTUM
1360 963 1509 1019 mmm

734 1094 881 1200 Statius,
907 1105 1105 1181 irridebant
1129 1114 1287 1182 mortem
1320 1105 1472 1205 auguris
1504 1105 1620 1204 ignari
1651 1112 1689 1182 et
1717 1105 1905 1202 iactabant

733 1247 843 1302 suum
869 1226 1089 1322 Thinesiam3
1116 1232 1238 1303 tamen
1270 1228 1382 1324 greci
1407 1227 1653 1323 praestiterunt
1676 1225 1745 1300 sibi
1759 1218 1796 1320 (¹)
1823 1233 1905 1302 tau-

736 1353 811 1419 tam
843 1345 1099 1439 reverentiam,
1131 1345 1229 1439 quod
1261 1347 1530 1423 constituerunt
1562 1345 1627 1421 sibi
1664 1347 1841 1442 tempium
1866 1346 1904 1420 in

736 1466 817 1540 ioco
841 1465 1039 1560 sepulturae
1060 1485 1150 1560 sue,
1166 1465 1260 1540 sicut
1279 1466 1403 1543 scribit
1419 1465 1586 1542 Valerius
1602 1466 1793 1540 Maximus.
1811 1465 1906 1540 The-

736 1583 820 1658 bani
852 1603 943 1680 ergo
975 1583 1182 1659 clamabant
1209 1585 1396 1680 derisorie,
1427 1585 1520 1661 sicut
1549 1584 1589 1659 dt
1621 1583 1727 1660 hodie
1758 1584 1906 1678 quando

736 1702 867 1797 aliquis
892 1722 937 1776 ex
956 1703 1168 1778 extrinsecis
1185 1703 1400 1780 interficitur
1416 1703 1617 1779 bombarda
1635 1711 1673 1778 et
1688 1704 1906 1780 vulneratur

736 1823 887 1919 sagipta,
913 1822 1000 1917 quia
1025 1829 1113 1898 tunc
1147 1823 1330 1899 intrinseci
1365 1824 1547 1898 clamant:
1581 1826 1661 1898 suto
1687 1826 1778 1898 sota.
1809 1823 1905 1918 Ergo

736 1943 854 2018 bene:
874 1939 1005 2034 percdd
1027 1946 1113 2016 inssi
1135 1946 1173 2016 io
1196 1963 1344 2035 pomo,
1371 1943 1534 2018 nondum
1560 1941 1729 2018 fluitamt
1753 1943 1799 2016 lit
1821 1941 1906 2018 dicit

737 2061 929 2158 Virgilius:
962 2082 982 2134 e
1012 2083 1083 2136 noo
1119 2055 1206 2136 ristd
1230 2063 1269 2136 di
1296 2063 1445 2136 ruirrore
1472 2081 1497 2134 a
1527 2064 1618 2136 uolt
1638 2064 1691 2154 fin
1719 2082 1746 2135 o
1776 2064 1905 2152 Mirnos,

737 2180 840 2274 idest,
867 2201 986 2275 usque
1010 2182 1057 2258 ad
1082 2181 1279 2277 internum,
1303 2181 1410 2257 cuius
1426 2181 1540 2256 Minos
1561 2187 1617 2256 est
1629 2180 1757 2276 iudex,
1774 2188 1816 2254 ut
1826 2181 1905 2276 jam

656 2320 661 2328 ’
735 2300 996 2394 sepedictum
1021 2307 1077 2376 est
1110 2305 1147 2376 et
1178 2301 1332 2396 dicetur,
1362 2302 1423 2375 cte
1453 2303 1616 2375 doscuoo
1644 2303 1794 2394 offerro,
1819 2299 1906 2395 quia

737 2439 866 2495 omnes
878 2419 1314 2516 condemnatadpoenam
1329 2417 1531 2496 secundum
1545 2417 1765 2516 exigentiam
1778 2419 1905 2514 culpae.

738 2539 782 2612 Et
807 2538 928 2613 subdit
952 2538 1109 2614 sormam
1135 2549 1173 2616 et
1196 2557 1345 2614 causam
1373 2559 1492 2635 poenae
1520 2539 1740 2635 Amphiarai,
1765 2539 1903 2614 dicens:

740 2663 846 2752 rotro,
872 2659 958 2754 quin
984 2679 1043 2734 res
1068 2658 1242 2732 mirabilis
1261 2665 1327 2752 est,
1348 2650 1538 2754 cir'dsotto
1558 2667 1652 2754 petto
1667 2661 1712 2733 de
1736 2659 1907 2752 omne,

740 2781 828 2876 quin
853 2779 987 2854 scilicet
1009 2777 1187 2874 pervertit
1209 2797 1319 2852 usum
1348 2777 1501 2873 videndi,
1519 2779 1606 2873 quia
1631 2779 1729 2854 videt
1744 2800 1767 2854 a
1785 2783 1907 2876 tergo;

741 2901 822 2976 ideo
846 2900 953 2974 dicit:
979 2919 998 2971 e
1021 2900 1163 2990 odardo
1187 2901 1225 2973 di
1246 2905 1344 2972 retro
1368 2919 1387 2971 e
1407 2903 1449 2994 so
1477 2901 1609 2973 ritroso
1632 2901 1732 2991 cotie,
1758 2897 1849 2973 idest
1872 2902 1909 2972 et

741 3021 872 3096 incedit
898 3019 1123 3116 retrograde,
1149 3025 1187 3094 et
1212 3018 1355 3114 merito,
1376 3015 1505 3111 percos
1533 3021 1621 3093 ootte
1651 3021 1755 3092 aeder
1783 3025 1909 3110 troppo

740 3145 916 3233 doooom
941 3161 1041 3233 nam,
1068 3144 1107 3212 ut
1132 3137 1257 3213 dicunt
1287 3139 1421 3212 vetuioe
1446 3138 1671 3235 vulgariter:
1699 3139 1760 3211 oti
1782 3144 1909 3229 troppo

739 3265 767 3334 ε’
780 3263 974 3350 ossottiptio
1002 3261 1086 3350 dipo
1113 3260 1141 3331 ti
1168 3259 1245 3330 coto
1276 3279 1314 3330 se
1339 3277 1460 3349 separo.
1480 3297 1531 3312 -
1559 3259 1634 3332 Vidi
1667 3259 1808 3332 tuedo.
1844 3255 1909 3331 dio

740 3377 1027 3456 autordescrihit
1036 3377 1238 3452 secundum
1249 3397 1432 3472 augurem
1442 3376 1909 3474 grecum‚tnmosisstmnn

742 3498 908 3575 omnium
933 3515 1137 3592 augurum,
1162 3515 1274 3588 quem
1300 3495 1483 3570 Homerus
1507 3495 1609 3592 fingit
1635 3497 1672 3570 iu
1689 3497 1738 3571 XI
1754 3496 1910 3571 Odissee

742 3619 841 3713 quod
863 3616 1030 3712 apparuit
1046 3615 1152 3712 Ulyxi
1168 3615 1204 3688 in
1226 3614 1368 3690 inierno
1393 3621 1430 3691 et
1456 3615 1572 3692 muita
1592 3615 1759 3712 praedixit
1775 3616 1910 3708 sutura,

742 3739 788 3813 de
814 3757 888 3832 quo
914 3735 1048 3810 Statius
1073 3734 1157 3808 iacit
1189 3753 1360 3829 magnam
1394 3735 1616 3812 mentionem
1647 3735 1684 3809 in
1714 3735 1851 3828 Maiori,
1875 3739 1912 3809 et
2066 3725 2076 3738 “

743 3858 880 3933 Seneca
898 3857 935 3930 in
952 3853 1163 3950 Tragoediis,
1186 3861 1223 3928 et
1247 3853 1308 3928 aiii
1334 3854 1448 3928 multi.
1475 3855 1559 3930 ideo
1579 3855 1674 3931 bene
1697 3862 1808 3930 autor
1828 3853 1912 3930 iacit

743 3976 935 4072 specialem
963 3973 1185 4058 mentionem
1211 3980 1250 4048 et
1269 3972 1440 4047 describit
1456 3993 1552 4048 eum·
1569 3995 1591 4048 a
1608 3973 1912 4050 transmutatione

745 4095 901 4170 mirabili
927 4115 1038 4190 quam
1059 4085 1095 4187 (²)
1116 4093 1252 4168 habuit
1271 4093 1324 4167 dd
1349 4091 1456 4168 cuius
1475 4093 1649 4188 iucundae
1666 4092 1819 4168 fictionis
1835 4093 1913 4168 evi·

743 4215 903 4316 dentiam
928 4221 983 4290 est
1007 4213 1207 4306 sciendum,
1225 4212 1335 4306 quod,
1353 4211 1447 4287 sicut
1464 4213 1588 4288 scribit
1603 4212 1751 4288 Ovidius
1767 4214 1811 4285 iil
1836 4213 1912 4286 Me·-

743 4336 1055 4429 thamorphoseos,
1080 4331 1221 4428 Jupiter
1244 4332 1359 4406 semei
1384 4353 1450 4426 per
1470 4333 1596 4428 jocum
1628 4331 1738 4428 ooepit
1760 4342 1912 4408 eonten-

744 4453 834 4528 dere
858 4472 944 4526 cum
969 4451 1125 4544 lunone,
1143 4456 1180 4524 et
1199 4448 1321 4525 dicere
1346 4450 1446 4544 quod
1472 4452 1597 4527 maior¹
1614 4460 1695 4527 erat
1710 4449 1859 4527 luxuria
1876 4450 1913 4524 in

746 4569 959 4646 mulieribus
985 4579 1097 4664 quam
1123 4569 1159 4642 in
1186 4569 1375 4664 masculis3
1393 4570 1453 4645 iiia
1471 4572 1647 4668 negabat:
1665 4578 1746 4668 post
1764 4571 1912 4667 longam

743 4689 1012 4768 contentionem
1039 4695 1163 4764 temen
1179 4689 1445 4764 commiserunt
1469 4690 1687 4767 decisionem
1711 4691 1820 4766 huius
1845 4689 1914 4764 titis

746 4810 916 4886 Tiriresiae
941 4807 1103 4907 sapienti,
1121 4807 1207 4902 quia
1225 4807 1345 4883 iuerat
1369 4815 1543 4904 expertus
1559 4810 1654 4886 torte
1669 4801 1705 4902 (³)
1723 4809 1915 4903 utriusque

807 4995 835 5056 i'i
851 4993 881 5045 Ε·
898 4993 945 5045 ΙΙΝ
960 4994 1049 5045 lotum
1065 4998 1092 5044 e!
1108 4997 1215 5044 tanum.
1465 4993 1492 5058 (¹)
1510 4999 1564 5056 titt,
1580 5007 1659 5060 quam
1675 4993 1766 5046 hebuit
1781 4994 1808 5044 tn
1824 4993 1883 5044 rita.

809 5069 837 5134 (¹)
853 5070 884 5121 Ε.
899 5081 915 5121 e
932 5074 986 5132 tro,
1002 5075 1101 5122 sortem
1116 5069 1262 5136 utrinque.
