4534 6842
721 940 790 1008 100
1112 951 1315 1008 doml'lllll
1338 953 1488 1008 llll'lllllll

715 1093 834 1187 pontis
857 1092 1026 1172 inclinatu
1050 1093 1095 1170 ad
1123 1094 1386 1191 respiciendam
1413 1095 1518 1172 istam
1537 1093 1732 1190 pessimam
1755 1094 1885 1191 picem,

715 1213 884 1290 veniebat
916 1236 1013 1292 unus
1050 1214 1195 1292 demun
1227 1215 1412 1292 currendo
1445 1216 1584 1292 furiose
1621 1236 1687 1310 per
1723 1223 1884 1313 pontem,

714 1341 864 1428 portans
888 1356 1005 1410 unum
1024 1357 1201 1433 magnum
1219 1337 1480 1432 baratatorem,
1508 1343 1549 1411 ut
1573 1336 1693 1432 ipsum
1719 1337 1884 1433 precipi-

717 1460 812 1530 taret
835 1455 1009 1532 deorsum
1034 1457 1105 1531 sub
1128 1457 1258 1552 picem,
1281 1463 1318 1532 et
1341 1456 1544 1552 assignaret
1562 1455 1641 1532 aliis
1656 1456 1884 1533 demonibus

717 1574 970 1668 reponendum
996 1595 1084 1650 cum
1109 1575 1188 1651 aliis
1213 1581 1250 1650 et
1279 1575 1374 1652 bene
1406 1575 1705 1670 custodiendum3
1737 1583 1884 1672 propter

718 1694 816 1789 quod
840 1694 1010 1791 Virgilius
1035 1695 1160 1772 videns
1177 1695 1289 1770 istum
1305 1696 1513 1773 demonem
1530 1695 1668 1792 venire,
1685 1696 1806 1772 subito
1822 1716 1885 1772 ce-

715 1813 768 1908 pit
792 1813 945 1890 Dantem
966 1821 1003 1890 et
1020 1815 1173 1891 retraxit
1197 1814 1244 1891 de
1268 1817 1348 1892 luco
1374 1815 1436 1891 ubi
1461 1815 1591 1909 stabat,
1612 1822 1654 1891 ut
1670 1815 1818 1894 cederet
1834 1815 1884 1892 illi

719 1931 920 2008 maledicto.
947 1932 1039 2010 Dicit
1064 1955 1170 2032 ergo:
1188 1937 1224 2013 lo
1240 1937 1331 2010 duca
1351 1938 1434 2028 mab,
1450 1934 1586 2012 scilicet
1601 1935 1772 2032 Virgilius
1788 1942 1884 2010 lam·

716 2073 829 2148 quam
861 2053 980 2130 bonus
1011 2054 1088 2130 dux
1122 2055 1248 2130 rolens
1276 2055 1427 2132 obviare
1451 2055 1615 2152 pericula
1640 2055 1811 2151 venienti,
1836 2059 1886 2130 mi

716 2180 828 2248 tressa
859 2194 883 2267 c
913 2167 953 2248 se*
980 2175 1136 2248 deliaco
1161 2177 1261 2248 ou'ic
1284 2181 1410 2268 etcum
1435 2181 1471 2250 et
1497 2177 1567 2250 boc
1591 2174 1685 2270 iecit,
1711 2175 1796 2270 quia
1823 2175 1883 2250 ille

714 2292 859 2368 doemon
875 2301 958 2369 erat
976 2294 1198 2389 appulsurus
1217 2293 1264 2369 ad
1281 2293 1444 2370 medium
1461 2295 1590 2390 pontis,
1608 2293 1708 2370 etde
1724 2293 1881 2370 illelnco

714 2411 852 2488 directe
875 2411 1086 2488 deiecturus
1102 2432 1197 2490 enus
1214 2434 1326 2488 suum
1343 2413 1530 2509 deorsum,
1547 2416 1709 2490 desudo:
1725 2416 1883 2506 guarda,

713 2535 870 2624 guarda,
902 2533 1008 2627 quasi
1038 2531 1156 2608 dicat:
1190 2531 1239 2608 lili
1272 2533 1335 2628 mi,
1369 2554 1460 2610 care
1485 2554 1532 2610 ne
1556 2534 1665 2611 cadas
1689 2533 1726 2610 in
1752 2553 1884 2608 manus

715 2651 872 2726 istorum
897 2651 1182 2748 bunuariorum,
1209 2653 1296 2747 quia
1320 2660 1416 2730 esset
1441 2654 1574 2730 melius
1597 2654 1731 2730 cadere
1749 2654 1787 2727 in
1805 2672 1884 2727 ma·

716 2791 786 2846 nus
810 2771 1059 2867 diabolorum3
1091 2778 1129 2848 et
1159 2774 1230 2848 hoc
1262 2772 1362 2868 dixit,
1388 2781 1519 2848 metue
1545 2777 1582 2848 ic
1612 2777 1754 2848 mecca
1775 2774 1881 2864 fissu-

715 2897 826 2966 merue
848 2881 885 2964 ld
908 2886 992 2985 psl,-
1019 2890 1120 2986 idest,
1138 2890 1284 2966 interim
1309 2891 1398 2967 dum
1424 2899 1562 2971 attente
1585 2890 1877 2986 mntcmplabam

715 3010 821 3086 istam
847 3010 1014 3087 fraudem
1041 3011 1245 3088 baratariae.
1262 3013 1307 3087 ut
1323 3012 1479 3090 ostendit
1495 3011 1681 3107 quomodo
1696 3011 1817 3086 subito
1833 3011 1880 3086 ad

714 3130 871 3206 verbum
897 3130 1034 3226 virgili
1059 3130 1135 3226 ipse
1159 3129 1270 3206 simul
1294 3138 1332 3208 ct
1356 3133 1471 3208 semel
1497 3130 1697 3227 respexerit
1722 3137 1759 3206 ct
1775 3130 1880 3226 luge-

715 3250 773 3345 rit,
805 3250 904 3326 unde
927 3250 1028 3326 dicit:
1055 3255 1145 3326 Alcr
1168 3254 1217 3326 nu
1241 3255 1329 3328 uulsi
1345 3271 1441 3326 cume
1457 3255 1566 3326 tuum
1581 3254 1636 3326 crui
1652 3252 1771 3342 wudu,
1788 3249 1880 3326 idest

713 3369 845 3465 dillert,
870 3372 909 3444 di
932 3373 1037 3444 ceder
1061 3374 1141 3463 prul
1161 3373 1222 3446 nbc
1246 3375 1272 3446 li
1294 3392 1426 3446 eunucu
1439 3373 1569 3465 probe,
1586 3369 1722 3446 scilicet
1745 3367 1882 3463 aliquid

713 3490 886 3585 terribile,
913 3489 1001 3584 quia
1029 3490 1166 3566 scilicet
1192 3491 1377 3566 modicum
1408 3491 1562 3586 respicit,
1588 3510 1664 3564 unu
1689 3480 1880 3580 instanti(¹)

713 3609 811 3686 videt
835 3615 873 3686 et
896 3609 1000 3706 sugit,
1025 3608 1120 3684 sicut
1142 3611 1261 3707 matie
1285 3611 1459 3706 exempli:
1485 3610 1561 3702 duc
1577 3615 1662 3684 sunt
1679 3609 1765 3684 socii
1783 3614 1882 3684 stan·

713 3736 768 3806 teu
785 3730 822 3804 in
839 3730 1000 3805 culmine
1016 3729 1126 3806 unius
1146 3731 1276 3825 pontis,
1294 3750 1455 3825 quorum
1472 3729 1566 3806 alter
1584 3729 1729 3824 respicit
1744 3749 1880 3824 aquam

713 3849 876 3945 interius,
901 3849 994 3926 alius
1010 3841 1047 3943 (²)
1064 3867 1163 3926 'vern
1188 3850 1313 3927 videm
1338 3871 1457 3926 unum
1482 3849 1610 3926 venire
1642 3849 1881 3926 furibundum

713 3990 801 4076 cum
826 3989 915 4046 ense
928 3961 966 4063 (³)
992 3970 1091 4046 nudo
1116 3970 1154 4046 in
1179 3991 1293 4048 manu
1316 3971 1412 4067 capit
1436 3969 1557 4047 subito
1581 3969 1736 4065 socium,
1754 3977 1792 4046 ct
1807 3971 1883 4046 clu-

713 4095 813 4166 mat:
846 4109 949 4183 care,
981 4109 1090 4185 carc3
1115 4097 1153 4166 et
1181 4090 1243 4166 ille
1267 4089 1417 4166 territus
1441 4089 1564 4164 statim
1590 4089 1684 4186 sugit
1710 4088 1881 4190 timendo,

713 4217 751 4286 et
782 4208 886 4286 timet
915 4209 1097 4306 fugiendo.
1130 4208 1215 4286 ldeo
1245 4209 1354 4286 dicit:
1384 4229 1403 4284 e
1433 4212 1489 4285 cuti
1514 4227 1636 4303 purae
1659 4208 1772 4282 meua
1795 4229 1882 4300 spa-

712 4332 870 4422 pliardu,
895 4329 987 4404 idest
1016 4335 1179 4406 exterret
1204 4336 1241 4406 ct
1265 4330 1385 4425 privat
1408 4328 1602 4425 probitate,
1627 4328 1656 4404 si
1670 4315 1707 4421 (⁸)
1731 4328 1812 4404 talis
1835 4329 1882 4404 sit

711 4449 761 4526 de
783 4471 824 4526 se
847 4449 943 4526 bene
966 4451 1105 4545 probus
1128 4457 1166 4526 et
1190 4450 1323 4544 audax,
1348 4451 1409 4526 cle
1429 4469 1496 4544 per
1520 4451 1625 4524 ceder
1646 4451 1881 4542 maedam

711 4573 740 4644 il
756 4573 908 4664 petre,
934 4570 1009 4646 imo
1033 4569 1158 4648 videre
1182 4577 1220 4648 et
1239 4571 1369 4668 lugere
1385 4577 1442 4646 est
1461 4587 1579 4646 unum
1599 4575 1637 4644 ct
1652 4569 1748 4646 idem
1764 4568 1804 4651 in
1820 4588 1878 4644 eo.

713 4695 807 4764 -Ε
830 4692 911 4764 uidi
940 4689 1044 4766 Nunc
1074 4696 1183 4766 autor
1207 4687 1378 4767 describit
1401 4688 1582 4766 subtiliter
1606 4687 1716 4766 istum
1738 4686 1880 4762 demo-

773 4989 801 5052 (¹)
816 4987 847 5040 ll.
863 4988 917 5042 lmu
931 4989 958 5040 in
973 4991 1085 5046 tutentl.
1365 4987 1393 5054 (¹)
1409 4990 1441 5043 li.
1456 4989 1523 5042 ulter
1539 5001 1610 5041 roro.

773 5065 1082 5134 wltmevnptnuto.
1363 5065 1649 5131 (is-wlff·-
