4534 6842
698 923 766 991 180
1090 935 1294 991 COMENTUH
1318 935 1470 990 meeum

694 1079 855 1154 funditus
879 1097 1026 1173 eversa3
1046 1099 1206 1173 quorum
1226 1079 1342 1152 ruinae
1358 1079 1479 1152 adhue
1495 1086 1671 1174 apparent
1687 1077 1859 1154 Bononiae

689 1201 796 1296 juxta
822 1198 983 1274 studium
1009 1198 1233 1294 legistarum.
1261 1199 1421 1275 Catelani
1446 1205 1571 1273 autem
1597 1197 1635 1272 in
1659 1205 1777 1272 totum
1795 1197 1860 1272 de-

694 1321 874 1413 iecerunt,
892 1339 960 1394 nec
980 1318 1116 1412 aliquid
1133 1326 1285 1415 apparet
1307 1320 1354 1394 de
1377 1319 1440 1413 eis,
1461 1318 1528 1393 nisi
1547 1339 1620 1394 una
1638 1319 1750 1396 turris
1775 1317 1861 1392 satis

693 1442 778 1536 alta,
804 1460 888 1534 quae
913 1460 1010 1534 saepe
1034 1440 1126 1515 solet
1150 1441 1346 1514 fulminari.
1855 1489 1895 1531 J

767 1563 809 1633 lo
833 1561 1022 1634 cominoici.
1049 1560 1118 1634 lsta
1144 1567 1200 1634 est
1223 1567 1355 1653 quarta
1380 1569 1418 1636 et
1442 1560 1570 1634 ultima
1595 1580 1679 1654 pars
1703 1577 1860 1655 genera-

694 1680 749 1773 lis,
769 1679 806 1752 in
832 1699 906 1773 qua
929 1685 1039 1752 autor
1063 1678 1234 1754 describit
1251 1679 1427 1773 quosdam
1449 1679 1617 1774 antiquos
1634 1679 1858 1776 hypocritas3

694 1805 732 1873 et
756 1797 874 1892 primo
905 1797 1007 1894 lingit
1037 1798 1135 1893 quod
1166 1799 1281 1872 iratus
1312 1798 1358 1871 ad
1390 1799 1505 1874 verba
1536 1798 1631 1872 illius
1660 1789 1858 1894 hypocritae

695 1918 964 2011 exclamaverit,
991 1917 1088 1992 unde
1112 1917 1208 2012 dicit,
1227 1917 1328 1994 linito
1351 1937 1522 1994 sermone
1538 1917 1716 1992 Catelani:
1739 1919 1775 1990 io
1797 1939 1858 1992 co-

694 2041 846 2128 mmulat,
872 2039 1000 2133 supple
1022 2037 1163 2114 dicere:
1181 2041 1319 2131 osred,
1336 2036 1439 2131 idest,
1455 2057 1479 2112 o
1495 2038 1627 2112 iratres
1646 2036 1858 2132 gaudentes,

695 2157 758 2251 qui
783 2157 915 2232 lecistis
939 2163 993 2232 tot
1018 2157 1127 2232 millia
1158 2157 1351 2230 hominum
1381 2156 1495 2234 tristia
1509 2149 1559 2248 (¹),
1584 2159 1599 2229 i
1626 2160 1736 2230 nostri
1763 2157 1858 2229 omli.

689 2257 739 2349 'ut
762 2277 820 2351 hic
845 2283 942 2370 nota,
977 2276 1074 2370 quod
1105 2283 1214 2350 autor
1245 2275 1335 2349 dixit
1365 2277 1435 2350 hoc
1457 2275 1757 2371 improperando,
1786 2295 1858 2350 non

694 2396 958 2490 compatiendo,
978 2396 1073 2469 sicut
1096 2396 1208 2490 aliqui
1233 2396 1445 2491 opinantur3
1463 2395 1545 2470 ideo
1569 2416 1643 2470 non
1667 2395 1860 2490 complevit

695 2515 898 2590 orationem
925 2534 1042 2608 suam,
1060 2516 1120 2589 vel
1137 2515 1254 2589 oratio
1271 2515 1329 2588 hic
1346 2524 1513 2590 remanet
1534 2514 1755 2610 suspensiva,
1773 2513 1860 2607 quia

696 2635 747 2710 sie
772 2641 827 2710 est
854 2635 901 2710 de
931 2655 1036 2710 more
1069 2634 1248 2710 iratorum
1262 2627 1312 2730 (Ἴ,
1339 2635 1389 2709 sic
1421 2635 1629 2728 relinquere
1657 2633 1859 2709 orationem

695 2755 956 2849 imperfectam.
988 2755 1258 2830 Potesttamen
1293 2753 1451 2848 suppleri
1482 2754 1556 2828 sic:
1587 2757 1602 2825 i
1632 2757 1741 2828 vostri
1763 2755 1860 2844 mali,

695 2874 845 2950 luerunt
861 2895 973 2950 causa
990 2874 1244 2950 destructionis
1260 2873 1355 2948 illius
1372 2873 1536 2967 civitatis,
1550 2874 1608 2947 vel
1625 2879 1747 2948 vestra
1764 2872 1860 2948 mala

696 3001 782 3069 sunt
807 2994 901 3070 hene
925 2994 1070 3091 punita3
1097 2994 1155 3068 vel
1186 2993 1291 3087 sorte,
1316 2992 1398 3067 ideo
1423 3013 1497 3066 non
1526 2993 1720 3086 complevit
1749 3013 1859 3066 soum

694 3113 845 3208 dictum,
870 3114 956 3208 quia
984 3113 1145 3189 occurrit
1174 3113 1242 3187 sihi
1271 3113 1364 3187 alius
1395 3111 1581 3206 videndus,
1612 3112 1675 3207 qui
1708 3113 1861 3188 retraxit

695 3253 782 3308 eum
799 3235 847 3310 ah
868 3235 948 3329 illis,
965 3235 1028 3328 qui
1054 3234 1174 3310 luerat
1198 3253 1367 3308 summus
1386 3233 1552 3306 omnium
1569 3233 1859 3329 hypocritarum,

695 3353 799 3448 quasi
816 3343 852 3444 (³)
879 3353 909 3426 si
934 3353 1104 3448 Virgilius
1124 3352 1275 3428 dixerit:
1297 3351 1384 3445 quid
1401 3353 1585 3426 exclamas
1601 3360 1729 3427 contra
1749 3353 1861 3428 istest

695 3473 782 3567 quid
807 3473 904 3547 dices
929 3472 974 3547 de
999 3472 1065 3546 illis
1093 3473 1288 3569 hypocritis
1320 3472 1382 3566 qui
1413 3462 1726 3565 crucifixeruntl‘)
1759 3473 1862 3548 Chri-

695 3596 823 3666 stumi
847 3590 948 3668 Unde
973 3591 1080 3665 dicit:
1108 3612 1167 3664 mo
1193 3587 1254 3683 pid
1282 3612 1354 3664 non
1378 3593 1474 3683 draci,
1500 3593 1585 3686 quia
1612 3593 1775 3671 converti
1801 3613 1862 3668 me

695 3711 890 3805 adolium,
916 3714 967 3785 cll’
981 3714 1040 3785 oli
1053 3713 1170 3784 occdio
1195 3714 1244 3784 mi
1271 3732 1383 3803 corae,
1409 3712 1510 3806 idest,
1537 3713 1698 3788 occurrit
1729 3733 1861 3808 specu-

696 3831 819 3907 lationi
844 3851 938 3914 meae
962 3830 1272 3926 intellectualium
1291 3834 1467 3924 crodfisso
1491 3835 1529 3904 iu
1553 3839 1660 3906 tora.
1687 3834 1757 3908 lste
1782 3839 1862 3908 erat

697 3953 861 4048 Cayphas
881 3951 1047 4047 princeps
1064 3951 1295 4026 sacerdotum
1313 3951 1600 4047 hypocritarum,
1621 3971 1733 4046 quem
1753 3958 1862 4027 autor

696 4071 828 4147 merito
853 4071 954 4167 lingit
979 4078 1077 4145 stare
1102 4071 1320 4146 crucifixum
1346 4071 1383 4144 in
1408 4078 1519 4165 terra,
1537 4072 1623 4166 quia
1648 4071 1716 4145 luit
1740 4078 1861 4166 autor,

696 4191 793 4287 quod
810 4183 846 4284 (⁵)
862 4191 1025 4266 Christus
1042 4191 1221 4268 mediator
1238 4191 1302 4267 llei
1320 4199 1356 4265 et
1373 4191 1563 4265 hominum
1582 4189 1863 4288 crucifigeretur

698 4313 735 4386 in
760 4331 882 4386 cruce.
908 4312 952 4384 Et
976 4309 1079 4386 dicit:
1105 4332 1170 4385 con
1196 4317 1249 4384 tre
1272 4312 1361 4404 puli,
1378 4310 1465 4404 quia
1490 4310 1584 4385 sicut
1610 4311 1773 4386 Christus
1793 4310 1861 4386 luit

697 4431 830 4506 allinus
855 4429 956 4503 cruci
994 4449 1079 4503 cum
1114 4429 1230 4503 trihus
1259 4429 1382 4524 clavia,
1404 4431 1452 4504 ita
1491 4429 1558 4504 iste
1595 4429 1725 4505 affixus
1750 4437 1860 4506 terne

695 4569 782 4625 cum
808 4548 924 4624 trihus
948 4548 1037 4644 palis
1062 4549 1129 4622 luit
1145 4568 1272 4643 poenas
1288 4549 1425 4646 dignas.
1444 4550 1488 4624 lit
1503 4551 1658 4626 ostendit
1674 4551 1860 4645 quomodo

757 4810 785 4874 (¹)
802 4813 832 4864 E.
850 4813 943 4864 trister.
989 4813 1018 4876 ζ’)
1033 4815 1064 4865 E
1080 4815 1208 4866 iratorum
1225 4817 1382 4881 relinquere.
1428 4815 1502 4880 ΟΕ.
1518 4819 1590 4882 qumi
1607 4817 1675 4868 dicat
1690 4817 1711 4866 sl
1729 4815 1861 4881 Virgilius.

695 4887 1033 5018 mrtffug'rmdffim
1049 4891 1189 4944 hominm
1198 4897 1318 4944 nostrum
1328 4893 1530 4958 Redemplomm
1540 4894 1760 4958 praesentarum
1771 4893 1861 4946 lerum

758 5040 786 5105 l'l
802 5041 832 5092 B·
848 5041 919 5105 duod
935 5042 1060 5096 hominm
1075 5049 1164 5098 muter
1178 5044 1254 5096 leam
1268 5045 1394 5098 cumcun.
