4606 6840
705 999 843 1056 murus
867 999 1057 1054 mersimus
1082 1000 1247 1066 colurus.
1496 985 1566 1055 237

398 1165 486 1219 cum
515 1143 716 1218 erexissem
746 1146 1032 1240 speculationem
1055 1125 1346 1221 'intellectualem
1377 1145 1423 1219 ad
1452 1144 1572 1220 consi·

398 1265 624 1339 derationem
653 1284 784 1338 eorum
799 1257 848 1357 (¹).
875 1267 919 1339 Et
949 1285 1036 1341 ecce
1065 1265 1250 1360 quomodo
1280 1287 1320 1340 se
1350 1272 1469 1339 totum
1500 1265 1571 1339 im-

397 1387 521 1482 plicuit
545 1386 607 1480 illi,
634 1385 721 1480 quia
739 1386 798 1460 ille
815 1375 966 1482 serpens
983 1389 1122 1462 babens
1142 1409 1207 1462 sen
1225 1387 1345 1482 pedes,
1362 1390 1413 1479 pli
1428 1388 1571 1460 comosa

399 1510 435 1580 lo
454 1509 601 1600 panea,
626 1507 729 1600 idest,
746 1505 871 1602 ligavit
893 1508 1159 1602 corpulentiam
1178 1515 1214 1582 et
1233 1513 1402 1582 ventrem
1429 1506 1478 1579 illi
1503 1527 1571 1580 an-

397 1628 494 1723 gelo,
520 1631 573 1700 coi
594 1623 654 1720 pte*
676 1630 714 1700 di
738 1649 873 1722 mezzo,
900 1629 1045 1724 scilicet,
1063 1629 1218 1723 duobuS,
1244 1650 1385 1722 eprese
1410 1631 1441 1700 te
1465 1628 1571 1699 bror-

398 1751 454 1820 cio
484 1769 550 1820 con
579 1750 604 1820 li
633 1749 817 1839 commu,
843 1747 989 1844 scilicet,
1015 1769 1101 1823 cum
1127 1750 1204 1823 aliis
1235 1748 1380 1824 duobus
1404 1746 1569 1843 pedibuS,

400 1889 493 1962 quos
518 1867 680 1943 extendit
704 1867 741 1941 in
766 1867 918 1965 longum
945 1889 1011 1963 per
1032 1869 1192 1962 brachia,
1211 1874 1247 1942 et
1266 1867 1465 1943 immiscuit
1485 1865 1569 1959 illis3

396 1993 458 2082 pot
481 1992 532 2080 pli
555 1981 718 2080 cddentd,
744 1989 846 2084 idest,
867 2011 953 2063 cum
973 1989 1141 2064 dentibus
1162 1989 1380 2085 capitione
1407 2012 1426 2062 e.
1451 1989 1570 2060 tolon

399 2112 564 2202 mondo,
591 2117 632 2183 ut
657 2109 708 2184 sic
733 2109 968 2184 confirmaret
995 2110 1124 2184 taciem
1151 2131 1257 2184 snam
1279 2130 1366 2184 cum
1388 2107 1479 2184 secie
1503 2107 1571 2180 bo·

400 2229 518 2324 minis,
545 2229 652 2304 etde
677 2230 822 2304 duobus
847 2230 983 2305 iaceret
1009 2251 1126 2304 unum
1153 2238 1274 2325 caput,
1293 2252 1311 2302 c
1330 2231 1453 2302 dense
1469 2230 1495 2301 tt
1515 2229 1571 2300 di-

398 2352 525 2439 renni,
552 2349 653 2443 idest,
679 2349 772 2424 dnos
798 2349 945 2424 ultimos
970 2350 1080 2445 pedes
1106 2350 1268 2444 deduxit,
1294 2371 1318 2422 a
1343 2352 1374 2424 le
1399 2369 1510 2439 casce,
1535 2353 1573 2421 et

399 2469 588 2544 coniunxit
613 2491 700 2544 cum
725 2470 811 2565 itlis3
839 2477 876 2545 et
900 2470 947 2546 ad
971 2471 1226 2566 perfectiorem
1244 2463 1279 2564 (ἵ)
1306 2470 1479 2545 unionem
1506 2468 1572 2544 ad-

398 2589 469 2664 dit:
496 2612 514 2662 e
540 2594 649 2664 miseli
673 2595 707 2664 to
733 2593 823 2664 coda
849 2597 907 2665 tro
931 2593 1111 2683 ambedue,
1132 2591 1233 2686 idest,
1257 2592 1352 2668 inter
1373 2599 1573 2684 utramque

398 2729 554 2805 cossam,
572 2733 591 2782 e
610 2715 647 2784 lo
673 2720 751 2804 tere,
770 2712 916 2806 scilicet,
934 2733 1064 2788 versus
1082 2718 1201 2807 caput,
1219 2714 1331 2785 dietro
1342 2733 1411 2804 per
1433 2715 1463 2784 te
1482 2713 1572 2800 reni,

398 2839 441 2904 ut
466 2831 517 2904 sic
544 2831 738 2928 stringeret
764 2839 800 2906 et
826 2832 955 2929 ligaret
981 2832 1100 2927 ipsum
1115 2823 1151 2924 (³)
1171 2853 1194 2906 a
1215 2837 1331 2928 tergo,
1358 2832 1451 2905 sicut
1476 2831 1573 2905 lece-

399 2957 457 3025 rat
482 2952 529 3026 ab
554 2952 740 3046 anteriori,
767 2953 816 3026 ita
841 2952 940 3046 quod
965 2951 1083 3028 cauda
1108 2954 1262 3027 intraret
1287 2954 1427 3046 spinam
1455 2950 1572 3026 bomi-

400 3074 454 3147 nis
478 3074 777 3168 inseparabiliter.
797 3114 846 3127 -
861 3076 988 3146 Eltera.
1021 3073 1086 3147 llic
1114 3081 1223 3147 antor
1253 3073 1434 3168 specificat
1464 3072 1571 3144 istam

403 3193 641 3269 unitissimam
676 3195 970 3270 coniunctionem
1006 3216 1071 3289 per
1107 3215 1220 3269 unam
1258 3195 1570 3288 comparationem

402 3315 557 3409 claram;
577 3325 614 3391 et
640 3316 724 3390 dicit
749 3315 847 3411 qnod
873 3315 1053 3412 colligatio
1071 3337 1184 3410 quam
1203 3315 1290 3391 iacit
1314 3315 1450 3390 hedera
1475 3315 1574 3390 circa

401 3436 585 3528 arborem,
620 3435 703 3510 licet
738 3435 905 3511 videatur
935 3436 1176 3529 tenacissima,
1208 3458 1280 3511 non
1301 3424 1337 3529 (⁸)
1365 3443 1420 3510 est
1449 3434 1575 3510 similis

402 3555 469 3629 isti.
489 3555 580 3629 Dicit
597 3575 711 3652 erge:
735 3560 852 3630 Ellcra
870 3579 940 3630 uon
955 3562 1014 3650 sue
1031 3561 1104 3630 mci
1119 3557 1345 3630 abborbicoto
1362 3561 1412 3630 nd
1432 3557 1575 3647 arbore,

292 3753 295 3758 A
402 3675 505 3771 idest,
531 3677 708 3771 applicata
735 3677 830 3752 circa
849 3677 1035 3771 arborem,
1053 3699 1148 3751 come
1169 3683 1191 3752 Ι*
1204 3679 1331 3751 orrdbtl
1349 3683 1446 3772 lero,
1471 3678 1574 3770 idest,

295 3852 300 3858 .
401 3817 550 3890 serpens
578 3798 647 3890 ille,
675 3797 736 3892 qrri
764 3800 944 3872 horribilis
970 3801 1062 3891 visu,
1087 3794 1265 3889 ocnidmd,
1292 3800 1394 3892 idest,
1420 3799 1465 3873 ad
1494 3821 1574 3874 rno-

401 3918 489 3992 dum
518 3917 597 3991 vitis
623 3919 900 4015 circumligavit,
925 3923 957 3992 le
981 3941 1052 4010 sue,
1082 3921 1209 4014 supple
1240 3919 1418 3994 membra.
1446 3921 1489 3992 ut
1516 3920 1573 3995 hic

403 4045 488 4112 nota
514 4039 612 4133 quod
637 4040 852 4134 benedicit,
879 4041 966 4134 quia
990 4040 1074 4116 licet
1100 4041 1236 4115 hedera
1259 4042 1317 4116 vel
1344 4041 1424 4115 vitis
1450 4039 1574 4115 adbae·

400 4165 481 4234 reat
513 4159 742 4235 tenacissime
757 4153 795 4253 (⁵)
826 4161 960 4256 arbori,
992 4167 1116 4236 tamen
1145 4169 1263 4256 potest
1296 4161 1344 4236 ab
1375 4183 1420 4235 ea
1453 4161 1573 4236 divelli

402 4281 531 4356 saltem
557 4302 623 4376 per
648 4282 808 4377 trustra3
834 4281 897 4357 sed
925 4283 1092 4357 membra
1125 4283 1302 4377 serpentis
1332 4283 1433 4356 nullo
1464 4282 1574 4357 modo

402 4401 602 4497 potuissent
640 4403 795 4500 disiungi
829 4403 876 4478 ab
910 4405 1074 4499 bomine3
1110 4411 1289 4499 praeterea
1325 4403 1462 4479 hedera
1501 4425 1574 4478 non

402 4521 535 4597 amittit
566 4529 738 4597 naturam
773 4525 832 4599 vel
866 4524 1025 4599 lormam
1060 4546 1178 4620 suam,
1209 4545 1278 4600 nec
1313 4523 1429 4598 induit
1464 4530 1574 4601 natu-

403 4663 483 4716 ram
519 4643 577 4718 vel
603 4642 760 4718 formam
794 4646 950 4740 arboris,
986 4665 1052 4720 nec
1085 4645 1197 4719 arbor
1227 4665 1250 4720 e
1282 4665 1477 4738 converso3
1512 4643 1576 4720 sod

403 4779 552 4856 serpens
577 4769 615 4838 et
639 4763 751 4838 horno
776 4765 838 4840 sic.
857 4765 942 4840 ldeo
965 4763 1085 4840 subdit
1101 4764 1383 4860 inseparabilem
1409 4765 1578 4860 incorpo-

405 4883 584 4958 rationem
612 4885 789 4980 serpentis
814 4893 850 4960 et
874 4886 1031 4960 hominis
1049 4905 1115 4980 per
1133 4907 1247 4960 unam
1264 4887 1576 4980 comparationem

466 5065 495 5132 t't
511 5067 536 5119 S·
553 5070 658 5122 borum.
901 5072 928 5136 (¹)
944 5073 976 5123 E.
992 5071 1179 5138 perlectionem
1194 5072 1272 5122 nnlm
1286 5070 1364 5123 addit.
1427 5070 1455 5133 (b
1470 5071 1496 5121 S.
1506 5084 1577 5122 cnm.

465 5144 492 5206 (⁸5
510 5149 564 5208 tto,
581 5162 633 5200 non
650 5154 738 5201 tamen
754 5150 852 5201 similla
900 5147 929 5212 (⁸)
944 5150 976 5199 B.
991 5150 1125 5202 tcnwiter.
