4550 6844
707 989 847 1048 cunnus
871 989 1087 1046 coronamus
1112 989 1255 1045 snmus.
1494 981 1565 1048 aas

395 1155 525 1231 pacem
550 1135 600 1210 illi
625 1136 761 1230 petenti
786 1136 823 1212 in
848 1135 961 1232 ltalia,
987 1142 1024 1212 et
1053 1134 1189 1210 volenti
1219 1141 1348 1229 sponte
1380 1135 1567 1230 recedere,

395 1262 596 1350 antequam
621 1256 775 1332 baberet
800 1256 1014 1332 mandatum
1041 1277 1063 1331 a
1087 1255 1225 1352 patria3
1242 1255 1294 1330 sic
1308 1247 1344 1348 (⁴)
1364 1255 1475 1332 modo
1492 1276 1565 1332 non

394 1380 476 1452 erat
499 1376 752 1452 verecundum
782 1375 850 1450 sibi
881 1396 956 1452 non
984 1375 1075 1452 dare
1102 1395 1233 1471 pacem
1268 1375 1298 1450 si
1331 1377 1488 1470 nolebat,
1519 1376 1566 1454 ad

394 1516 507 1591 mam
532 1496 728 1591 petendam
752 1502 906 1573 venerat
935 1496 1060 1590 iniquo
1088 1495 1214 1572 animo
1240 1502 1277 1571 et
1305 1495 1565 1590 semicoactus;
1664 1593 1667 1598 Ι

392 1621 432 1692 et
457 1607 633 1708 tament‘l
660 1637 735 1690 non
759 1615 917 1713 negabat
942 1637 983 1692 se
1006 1617 1096 1691 dare
1113 1635 1240 1712 pacem
1265 1617 1383 1712 poeuis
1402 1617 1471 1692 sub
1490 1616 1566 1712 pri·
1666 1683 1668 1688 ,

393 1737 464 1811 mis
488 1736 753 1814 conditionibus
778 1737 887 1834 pacis,
913 1757 961 1812 ne
984 1735 1114 1830 aliquis
1146 1743 1268 1831 posset
1293 1736 1416 1814 dicere
1441 1757 1566 1812 roma-

394 1877 461 1932 nos
485 1855 659 1933 adversos
684 1855 805 1932 studio
829 1856 936 1952 pacis.
964 1855 1121 1930 Deorum
1143 1875 1229 1930 cum
1247 1856 1474 1932 concordare
1490 1875 1565 1932 nou

393 1983 542 2072 possent
557 1976 604 2052 de
623 1975 888 2051 conditionibus
911 1973 1023 2070 pacis,
1044 1974 1156 2050 ambo
1172 1975 1363 2050 redierunt
1379 1975 1426 2050 ad
1444 1981 1565 2051 castra

394 2117 462 2170 sua
486 2101 729 2190 protestantes
754 2101 913 2188 uterque
932 2093 1022 2186 suis,
1039 2091 1139 2188 quod
1155 2093 1349 2189 oportebat
1366 2095 1466 2189 quod
1483 2115 1566 2170 cras

393 2222 592 2310 antequam
620 2215 674 2290 sol
698 2213 881 2290 occideret
909 2211 1046 2288 scirent
1076 2233 1125 2288 au
1153 2214 1284 2308 Roma,
1308 2235 1356 2288 an
1383 2215 1566 2313 Carthago

394 2340 562 2410 tenerent
586 2333 782 2429 imperium
801 2331 939 2407 mundi.
958 2331 1133 2424 Sequenti
1157 2331 1216 2408 die
1237 2339 1320 2407 orta
1344 2334 1428 2409 luce
1452 2353 1566 2408 vene-

393 2460 482 2527 runt
505 2453 542 2526 in
567 2472 752 2547 campum,
770 2458 819 2546 et,
838 2458 880 2525 ut
903 2451 989 2526 dicit
1014 2451 1156 2546 Florus,
1174 2473 1380 2547 numquam
1399 2453 1466 2527 luit
1487 2453 1565 2528 dies

392 2572 512 2646 maior
537 2569 606 2646 sub
638 2591 794 2646 romano
818 2571 984 2666 imperio,
1014 2571 1098 2647 licet
1123 2572 1222 2648 enim
1252 2580 1339 2648 ante
1372 2581 1410 2648 ot
1438 2583 1565 2669 postea

391 2710 479 2767 cum
504 2691 708 2766 fortissimis
732 2691 902 2788 gentibus
933 2711 1032 2787 saepe
1063 2699 1270 2789 pugnatum
1301 2693 1420 2787 luerit,
1454 2714 1565 2767 num-

391 2831 506 2904 quam
531 2819 658 2888 tamen
682 2832 770 2887 cum
796 2812 904 2890 mnis
928 2811 1079 2904 viribus,
1098 2811 1207 2886 tanis
1230 2811 1332 2907 odiis,
1350 2819 1451 2888 muta
1469 2821 1563 2908 arte,

392 2935 493 3005 tanta
509 2931 663 3027 paritate
682 2930 830 3026 militia,
848 2935 949 3006 tanta
965 2929 1163 3026 cupiditate
1181 2931 1367 3006 vindictae:
1384 2932 1562 3008 ordinata

392 3050 490 3126 acies
514 3049 598 3126 binc
622 3051 706 3126 inde
730 3051 831 3126 omni
846 3060 928 3129 arto
948 3050 1043 3145 belli,
1062 3050 1113 3124 ita
1133 3058 1176 3126 ut
1195 3057 1355 3146 uterque
1373 3053 1450 3128 dux
1474 3053 1562 3127 nibil
1619 3129 1627 3140 ,

392 3169 558 3246 omiserit
573 3161 610 3261 (θ)
644 3170 831 3266 agendum
865 3169 903 3244 in
936 3169 1007 3245 boc
1041 3175 1116 3244 tam
1152 3169 1405 3246 discriminoso
1438 3173 1563 3246 Marte.

391 3291 498 3383 Nam,
515 3296 557 3363 ut
576 3289 667 3364 alios
681 3277 717 3381 (⁴)
745 3289 891 3364 ordines
907 3289 1086 3384 omittam,
1106 3289 1285 3366 Hannibal
1302 3291 1511 3388 octuaginta
1528 3283 1565 3381 (⁵)

391 3410 613 3505 elephantes,
645 3415 737 3504 quot
770 3429 977 3504 numquam
1008 3415 1118 3485 autea
1147 3409 1257 3486 simul
1290 3410 1484 3505 habuerat,
1510 3411 1565 3486 lo-

390 3528 487 3605 cavit
519 3529 556 3603 in
586 3529 706 3625 prima
732 3529 863 3623 fronte,
895 3533 932 3604 et
966 3531 1125 3622 uterque
1149 3529 1224 3604 dux
1251 3549 1340 3604 suos
1370 3529 1566 3605 antecede·

389 3648 452 3724 bat
483 3649 520 3723 in
552 3646 683 3744 proelio
716 3667 1014 3724 commemorans
1049 3669 1136 3724 suas
1162 3648 1283 3726 ielioes
1317 3649 1499 3746 victorias,
1528 3657 1566 3726 et

388 3769 573 3865 praecipue
589 3769 707 3864 Scipio
727 3789 815 3844 cum
842 3776 944 3844 tanta
970 3769 1159 3845 alacritate
1181 3770 1440 3864 alioquebatur
1466 3791 1564 3866 suos,

389 3893 432 3962 ut
456 3907 530 3962 non
550 3887 740 3963 rideretur
756 3888 811 3964 ire
827 3888 873 3963 ad
890 3887 1236 3982 periculosissimam
1248 3881 1286 3982 (⁶)
1305 3910 1482 3989 pugnam,
1500 3891 1565 3966 sod

389 4005 511 4080 redire
527 4025 550 4080 a
568 4004 773 4080 felicissima
790 4004 953 4080 victorm.
967 4005 1084 4102 Igitur
1100 4007 1297 4082 commisso
1311 4008 1442 4104 proelio
1462 4015 1564 4084 uter-

388 4145 464 4220 que
487 4123 564 4198 dux
589 4123 674 4200 lecit
698 4123 870 4198 ultimum
897 4122 944 4200 de
967 4124 1141 4220 potentia,
1158 4125 1317 4222 ingenio,
1336 4147 1424 4204 ense
1440 4135 1479 4204 et
1494 4127 1564 4203 lin-

387 4263 473 4342 gua.
487 4243 607 4340 Scipio
624 4243 782 4320 instabat
798 4264 947 4318 summa
963 4245 1018 4339 νίς
1037 4245 1216 4320 Hannibal
1229 4244 1399 4324 obstabat
1412 4237 1449 4342 (⁷)
1465 4249 1566 4325 omni

388 4370 591 4459 consuet
616 4363 647 4439 si
673 4363 927 4442 consideretur
951 4365 1115 4460 eiectus,
1134 4386 1207 4441 non
1228 4369 1348 4444 solum
1374 4369 1471 4444 istud
1495 4371 1564 4445 luit

390 4505 571 4582 magnum
591 4484 764 4582 proelium
782 4484 847 4562 sed
863 4484 1087 4562 maximum:
1106 4485 1350 4584 quadraginta
1369 4487 1482 4565 millia
1498 4489 1567 4566 bo-

387 4605 500 4680 stium
525 4606 663 4682 occisa:
690 4605 815 4682 ceteri
837 4605 924 4701 quia
940 4605 1104 4684 sciebant
1123 4605 1255 4684 itinera
1276 4613 1314 4686 et
1333 4609 1565 4705 receptacula

449 4861 479 4924 (¹)
494 4863 525 4915 R
541 4865 609 4917 sicut
624 4868 704 4920 murlo
718 4883 772 4922 non
787 4874 845 4922 erat
860 4869 1097 4922 mamburnum.

450 4937 478 5002 (¹)
495 4941 525 4991 B.
542 4945 570 4991 et
585 4946 671 4992 lamen
687 4946 805 5009 nephel.
982 4945 1010 5008 Γ)
1027 4946 1058 4996 B.
1074 4947 1169 4997 omisit.

449 5015 477 5078 (⁸)
494 5017 524 5069 Ε.
541 5017 604 5070 allos
619 5019 717 5070 ducum
732 5023 843 5074 ordines.
981 5021 1009 5083 θ)
1025 5021 1052 5074 S.
1068 5021 1159 5074 babuit
1173 5027 1330 5088 columnia.

451 5093 477 5156 (¹)
493 5095 519 5146 S.
535 5093 716 5159 periculosam.
981 5097 1009 5162 (¹)
1026 5101 1072 5150 tlt
1087 5110 1103 5149 ο
1120 5099 1150 5150 n
1167 5095 1285 5152 multat.
