4580 6844
706 955 779 1022 itu
1105 963 1310 1022 commi!
1334 965 1487 1022 tumlti

706 1111 770 1187 secl
799 1110 956 1188 turdus
983 1117 1127 1190 astutus
1160 1109 1329 1206 opposuit
1359 1109 1542 1188 cautelam
1573 1118 1702 1186 contra
1715 1104 1755 1204 ι’)
1788 1110 1879 1208 vim,

707 1231 795 1326 qnia
820 1251 887 1327 per
910 1229 1181 1308 simulationem
1206 1229 1305 1327 ingo
1328 1247 1415 1306 cum
1433 1229 1559 1325 paucis
1576 1229 1801 1306 electissimis
1819 1251 1880 1306 re·

707 1350 816 1426 cessit
839 1351 888 1425 ab
911 1349 1009 1445 aoie;
1034 1349 1173 1445 hispani
1190 1349 1298 1425 tracti
1315 1369 1412 1426 rana
1434 1370 1499 1445 spe
1517 1349 1714 1448 disgregati
1730 1357 1817 1426 sunt
1833 1351 1880 1428 au

709 1470 1001 1566 persecutionem
1025 1470 1187 1564 illorum,
1212 1475 1251 1546 ot
1274 1469 1449 1546 contnuo
1478 1468 1631 1545 Carolus
1664 1469 1795 1546 invasit
1823 1471 1881 1546 bi·

709 1609 841 1685 spanos
865 1596 903 1665 ct
927 1609 1125 1687 germanos
1144 1588 1222 1684 jnm
1244 1588 1456 1682 dissolutum
1473 1593 1511 1663 et
1527 1585 1683 1664 blaruua
1698 1609 1786 1664 cum
1804 1590 1882 1666 suis

709 1708 921 1804 recollectis,
949 1707 1178 1784 reconiunait
1201 1727 1243 1784 se
1266 1713 1395 1804 aperte
1417 1727 1506 1783 cum
1527 1708 1607 1784 acio
1624 1708 1755 1784 (broli.
1775 1707 1880 1785 'lunc

709 1829 974 1928 reintegratum
1000 1835 1056 1905 est
1070 1828 1294 1906 acerrimum
1312 1828 1504 1924 prmlium3
1519 1847 1607 1904 uam
1628 1827 1768 1924 hispani
1783 1828 1880 1904 bene

707 1949 841 2025 armati
866 1969 939 2024 non
964 1947 1223 2024 stcmebanbrr
1247 1947 1379 2024 ictibus
1403 1947 1565 2042 ensium3
1585 1947 1649 2023 sed
1666 1947 1781 2024 banci
1799 1967 1879 2024 coe-

708 2075 841 2166 perunt
878 2088 943 2144 eos
979 2067 1165 2163 amplecti,
1203 2067 1290 2162 quin
1328 2067 1528 2144 velociores
1562 2075 1601 2144 et
1636 2067 1878 2164 expeditiores

707 2196 825 2284 erant,
850 2195 888 2263 et
899 2179 938 2282 (¹)
965 2187 1159 2266 trabebant
1183 2207 1248 2264 eos
1272 2187 1320 2263 ab
1345 2187 1461 2282 equis,
1487 2194 1525 2264 st
1553 2187 1605 2264 sic
1638 2187 1880 2264 obtinuerunt

707 2307 909 2386 victoriam.
940 2306 1041 2384 llultl
1070 2327 1118 2382 ex
1149 2313 1308 2401 utraque
1338 2305 1419 2382 acic
1447 2306 1668 2383 ceciderunt.
1701 2306 1880 2384 Dominus

707 2427 886 2504 ilenricus
910 2443 997 2502 oum
1014 2425 1141 2522 paucis
1166 2425 1258 2524 fugit
1280 2424 1329 2502 ad
1352 2426 1513 2501 Mortem
1539 2425 1742 2520 cassinum,
1760 2433 1798 2502 et
1816 2445 1881 2502 oa·-

709 2553 794 2642 ptus
818 2552 874 2622 est
898 2545 946 2620 ab
970 2544 1105 2622 abbate
1128 2544 1223 2623 illius
1248 2551 1359 2621 terroe
1373 2534 1410 2637 (³)
1437 2544 1597 2622 domino
1613 2545 1767 2621 Carolus
1792 2564 1880 2620 cum

710 2665 786 2741 suis
809 2664 856 2742 do
880 2663 1030 2742 consilio
1054 2661 1193 2741 domini
1209 2663 1331 2740 blardl
1353 2665 1529 2740 remansit
1545 2665 1583 2740 io
1598 2665 1678 2742 acic
1694 2685 1816 2760 usque
1834 2663 1881 2740 at

711 2791 867 2880 noctem,
894 2791 938 2858 ut
960 2783 1017 2860 sul
1044 2783 1357 2880 recolligerentur,
1377 2790 1415 2859 et
1428 2773 1466 2876 (⁴)
1485 2783 1667 2880 potiretur
1691 2784 1799 2880 plena
1823 2784 1880 2860 ris

709 2904 835 2980 cloria.
862 2904 928 2980 llic
952 2903 1142 2980 conflictus
1166 2903 1234 2983 iuit
1258 2903 1295 2978 in
1325 2903 1445 3000 vigilia
1476 2903 1591 2980 sancti
1621 2902 1878 2978 Bartholommi

708 3021 1577 3121 dielllllllaugusti,currenlibusannisl)ominl
1590 3013 1875 3116 occultunt).

708 3145 753 3220 lit
776 3143 814 3218 in
839 3144 921 3218 loco
943 3143 1051 3219 dicte
1075 3143 1237 3218 victorie
1260 3143 1415 3220 Qrolus
1437 3143 1521 3220 iecit
1554 3143 1633 3219 lieri
1665 3163 1780 3218 unam
1809 3161 1877 3216 no-

707 3263 819 3342 bilem
834 3253 871 3357 (⁶)
897 3263 1081 3340 abbatiam
1108 3285 1176 3360 pro
1199 3263 1324 3338 anima
1348 3270 1583 3342 mortuorum
1610 3252 1720 3358 ibi(⁷),
1746 3263 1805 3338 vel
1830 3261 1877 3338 ud

709 3383 927 3459 memoriam
953 3389 991 3458 et
1015 3382 1171 3479 gloriam
1196 3383 1265 3477 sui,
1281 3403 1368 3477 que
1388 3390 1542 3460 vocatur
1558 3383 1727 3474 Victoria
1747 3383 1877 3458 Postea

708 3503 846 3578 bellum
872 3503 991 3580 solum
1018 3501 1194 3580 remansit
1218 3510 1347 3580 contra
1371 3503 1526 3598 pisanos.
1543 3503 1614 3580 Sed
1632 3523 1699 3578 rer
1715 3501 1878 3578 Francius

707 3621 915 3700 budoricus
939 3621 1052 3700 lmtcr
1077 3621 1197 3698 Caroli
1222 3620 1426 3697 conciliarit
1450 3641 1514 3697 eos
1538 3623 1682 3718 carolo,
1703 3629 1744 3698 ut
1764 3621 1878 3698 babe-

710 3749 767 3834 rot
791 3742 861 3818 iter
885 3760 1073 3835 securum,
1090 3739 1177 3835 quic
1202 3739 1348 3816 volebat
1365 3740 1487 3816 lacere
1506 3741 1714 3838 passagium
1732 3741 1771 3816 in
1786 3741 1879 3816 llar-

708 3861 863 3956 borlam‚
888 3866 931 3935 ut
954 3867 1077 3956 posset
1101 3859 1240 3936 babere
1261 3859 1433 3936 victualia
1449 3865 1487 3934 et
1503 3860 1708 3936 necessaria
1727 3860 1775 3936 de
1790 3858 1879 3936 Sar·

707 3981 817 4077 (linia,
842 4001 956 4077 quam
981 3981 1156 4058 tenebant
1179 3986 1268 4055 tunc
1293 3977 1408 4074 pisani
1422 3968 1472 4071 (⁸).
1490 3978 1644 4055 Carolus
1663 3979 1808 4054 inflatus
1824 3985 1878 4054 tot

708 4101 867 4180 victor-iis
891 4101 1054 4178 decrevit
1084 4100 1259 4178 invadere
1289 4098 1486 4195 imperium
1511 4099 1878 4196 Conmantinopolita·

707 4243 816 4318 num;
841 4222 905 4298 sed
931 4222 1119 4298 infeliciter
1143 4221 1210 4297 sibi
1236 4220 1355 4316 cessit,
1375 4219 1470 4294 sicut
1486 4219 1629 4296 dicotur
1647 4221 1754 4316 plene
1778 4219 1877 4315 capi·

706 4343 785 4419 tulo
801 4343 876 4418 Vlll
892 4342 1063 4417 Paradisl.
1081 4343 1137 4416 lte
1151 4347 1273 4417 morte
1289 4359 1379 4416 vero
1395 4338 1590 4414 (lunrndini
1606 4339 1747 4416 dicetur
1768 4339 1897 4436 planes

705 4462 865 4558 capitulo
881 4462 949 4537 xx
967 4460 1187 4558 Purgatorii.
1206 4461 1312 4536 Nunc
1327 4459 1375 4535 ad
1392 4459 1557 4554 litoram;
1582 4457 1667 4533 dicit
1683 4463 1811 4534 autor:
1837 4465 1876 4532 et

705 4582 734 4656 si
752 4587 1045 4677 congregaretur
1061 4579 1183 4654 adbuc
1200 4585 1276 4654 tota
1296 4578 1575 4677 illapsusque
1587 4577 1655 4652 brit
1669 4597 1781 4653 cesa:
1799 4599 1819 4651 c
1838 4566 1876 4652 u

769 4849 798 4913 (¹)
814 4850 845 4901 R·
861 4855 952 4902 eontra
968 4861 1038 4910 eum,
1054 4849 1116 4914 qula
1131 4863 1179 4914 prr
1193 4847 1388 4900 similitudinem
1404 4847 1481 4912 lupas.

771 4924 800 4990 ι’)
816 4925 847 4978 li.
862 4931 890 4977 et
905 4926 1073 4978 rausum
1088 4939 1141 4978 aus.
1291 4924 1318 4986 ι’)
1337 4929 1382 4977 tte
1397 4935 1412 4974 e
1429 4925 1461 4975 li.
1478 4929 1568 4986 terrm
1583 4925 1612 4974 at
1630 4917 1877 4972 mmscnrnlua

770 5004 797 5066 (ι)
813 5003 1083 5066 13.er
1098 5001 1184 5067 pean
1292 5001 1320 5062 p)
1336 5000 1367 5051 m
1385 5004 1455 5052 sacr.
1580 4997 1769 5062 crema.

769 5080 797 5143 (ἰ
813 5080 845 5131 lt
860 5079 964 5131 runem
1291 5076 1318 5140 ι’)
1334 5075 1364 5127 B·
1381 5078 1481 5142 nont
