4606 6840
726 916 864 974 mnnita
888 918 1078 974 VfflESfflUS
1102 919 1267 986 QUINTUS.
1505 907 1576 974 247

412 1065 558 1145 extendi
570 1059 608 1159 (⁴)
635 1065 672 1141 in
697 1065 849 1161 longum
866 1074 1034 1143 venhem
1051 1070 1242 1160 tamquam
1259 1083 1421 1160 serpens,
1438 1071 1477 1142 et
1492 1084 1577 1140 sen·

412 1189 458 1263 sit
491 1207 664 1282 squamas
700 1203 869 1260 crescere
905 1184 1076 1260 indurata
1099 1175 1136 1277 (¹)
1175 1189 1262 1260 cute
1293 1203 1373 1278 sua,
1407 1189 1444 1259 et
1475 1190 1580 1282 terga

412 1309 516 1406 nigra
541 1305 676 1383 variari
701 1304 876 1379 viridibus
905 1305 1036 1400 guttim
1062 1309 1099 1380 et
1127 1303 1178 1380 sic
1209 1324 1349 1401 pronus
1379 1303 1508 1380 cecidit
1533 1304 1579 1380 ad

413 1436 550 1504 terram
576 1426 614 1500 in
639 1431 766 1521 pectus
790 1444 913 1520 suum,
934 1430 971 1500 et
987 1445 1099 1500 crura
1122 1405 1345 1520 copulatam
1362 1447 1480 1500 unum
1501 1446 1579 1500 ooe·

412 1552 547 1646 perunt
579 1543 757 1620 subtiliari
786 1543 823 1618 in
853 1542 1048 1620 rotundam
1078 1551 1116 1620 et
1151 1553 1299 1620 acutam
1337 1545 1504 1620 caudam.
1535 1545 1579 1618 Et

413 1669 502 1742 dum
527 1666 698 1742 invitaret
721 1683 879 1740 uxorem
906 1664 954 1739 ad
981 1663 1276 1761 amplectendum
1301 1686 1352 1760 se,
1377 1671 1577 1761 antequam

414 1794 512 1863 totus
536 1788 817 1862 converteretur
841 1783 878 1858 in
902 1790 1123 1879 serpentem,
1147 1784 1272 1881 lingua
1303 1805 1390 1860 cum
1419 1805 1494 1880 qua
1523 1784 1579 1860 lo·

413 1907 598 2004 quebatm
621 1903 742 1978 subito
758 1902 869 1978 scissa
888 1903 997 1978 estin
1014 1903 1105 1978 duas
1121 1909 1254 1999 parter,
1272 1910 1309 1979 et
1329 1905 1456 1979 volens
1475 1924 1579 1998 qure-

415 2027 525 2102 relari
549 2025 659 2120 ooepit
673 2022 829 2098 sibilare.
848 2022 946 2098 Uror
971 2042 1061 2098 vero
1085 2023 1260 2098 Hermion
1280 2024 1488 2119 percutiens
1511 2025 1579 2098 sibi

414 2151 541 2242 pertus
566 2164 691 2237 manu,
713 2141 941 2218 exclamabat
956 2131 992 2234 (³)
1020 2147 1058 2216 et
1081 2141 1227 2217 dolebat
1249 2142 1297 2219 de
1320 2143 1389 2218 ista
1414 2143 1579 2219 horribili

414 2263 727 2356 transmutatione,
744 2271 782 2340 et
802 2261 954 2358 rogabat
979 2261 1059 2336 lieri
1082 2261 1208 2337 similis
1225 2262 1286 2358 illi,
1303 2269 1345 2337 ut
1362 2262 1414 2338 sic
1433 2283 1579 2358 semper

413 2391 509 2462 esset
524 2385 562 2460 in
579 2383 708 2460 eadem
724 2389 824 2458 sorte
840 2401 989 2475 secum;
1005 2387 1043 2456 et
1059 2381 1110 2456 sic
1126 2382 1265 2458 iactum
1283 2393 1349 2478 est,
1367 2387 1404 2458 et
1419 2384 1530 2460 ambo
1540 2373 1577 2478 (⁸)

412 2511 600 2600 serpentes
623 2522 689 2599 per
720 2508 859 2577 terram
890 2502 1121 2580 intraverunt
1150 2508 1293 2578 secreta
1325 2502 1436 2599 sylvae
1465 2524 1580 2601 oppo-

413 2626 501 2700 site.
527 2626 572 2700 Et
595 2622 777 2699 concludit
801 2621 949 2698 ovidius
966 2622 1066 2717 quod
1085 2623 1196 2698 ambo
1212 2622 1296 2698 iacti
1319 2629 1405 2698 sunt
1429 2643 1580 2719 serpen·

415 2754 470 2823 tes
485 2743 626 2840 placidi,
641 2761 709 2818 nec
729 2741 916 2838 fugiebant
932 2741 1118 2816 bominem
1135 2742 1223 2835 quia
1240 2743 1486 2820 meminerant
1501 2763 1579 2818 suae

415 2874 557 2943 naturae
581 2861 722 2958 prioris.
741 2860 882 2936 Veritas
901 2867 1027 2937 autem
1044 2860 1147 2936 istius
1160 2852 1198 2953 (⁵)
1220 2860 1373 2937 fictionis
1393 2868 1460 2956 est,
1480 2861 1580 2955 quod

415 2984 573 3060 Cadmus
597 2981 787 3078 impatiens
817 2986 870 3054 tot
899 2980 1150 3058 infelicitatum
1183 3000 1337 3056 suarum
1371 3000 1458 3057 cum
1485 2981 1579 3057 ller-

416 3105 539 3180 mione
564 3122 683 3178 uxore
707 3121 775 3176 sua
800 3099 950 3176 recessit
979 3099 1026 3176 de
1057 3119 1126 3173 suo
1150 3119 1265 3196 regno
1294 3101 1514 3196 Thebarum,
1540 3106 1578 3178 et

416 3224 571 3300 finaliter
595 3230 722 3317 petens
741 3220 969 3296 Sclaroniam
986 3219 1134 3296 intravit
1156 3220 1405 3315 sobtudinem3
1423 3219 1505 3295 ideo
1524 3218 1580 3295 di-

415 3351 551 3420 cuntur
575 3341 659 3418 iacti
688 3346 885 3437 serpentes,
912 3339 999 3434 quia
1028 3340 1222 3438 sylvestres
1250 3339 1334 3416 iacti
1363 3359 1470 3416 more
1499 3357 1580 3414 ser·

414 3469 567 3558 pentum
592 3461 847 3538 habitaverunt
871 3460 908 3534 in
933 3459 1042 3556 sylvis
1067 3461 1176 3558 longe
1198 3459 1247 3536 ab
1272 3459 1372 3536 omni
1397 3460 1580 3536 consortio

414 3583 618 3676 hominum,
643 3586 681 3656 et
704 3598 836 3656 eorum
854 3599 955 3656 mors
971 3585 1009 3654 et
1024 3578 1104 3654 iinis
1123 3579 1288 3676 ignorata
1303 3570 1341 3673 (⁶)
1362 3580 1440 3654 luit.
1461 3581 1506 3658 Et
1521 3579 1581 3656 hic

414 3709 501 3778 nota
525 3701 624 3796 quod
648 3704 758 3776 autor
773 3698 894 3796 potius
910 3699 995 3776 iacit
1012 3699 1237 3776 mentionem
1253 3699 1300 3775 de
1317 3699 1383 3776 ista
1403 3699 1580 3776 trauslor·

414 3822 575 3898 matione
589 3809 640 3916 U),
666 3819 754 3914 quia
770 3819 881 3894 habet
896 3818 1057 3912 aliquam
1072 3807 1110 3911 (⁸)
1127 3818 1397 3894 similitudinem
1415 3839 1502 3894 cum
1519 3817 1580 3893 illa

414 3963 527 4037 quam
551 3940 714 4016 iacturus
740 3947 795 4016 est
819 3939 954 4033 statim,
970 3938 1001 4012 si
1019 3938 1115 4014 bene
1139 3938 1347 4016 consideras
1366 3941 1462 4014 hanc
1478 3944 1514 4016 et
1536 3939 1580 4014 il·

415 4061 499 4136 lam.
530 4060 585 4136 hd
616 4059 890 4156 intelligentiam
915 4057 1085 4133 secundae
1115 4058 1268 4134 fictionis
1291 4067 1348 4136 est
1378 4060 1579 4154 sciendum,

415 4179 525 4276 quod,
542 4180 637 4256 sicut
655 4179 779 4254 scribit
800 4178 896 4254 idem
912 4177 1059 4256 Ovidius
1076 4177 1113 4254 in
1129 4178 1159 4251 V
1177 4178 1325 4254 maioris
1342 4178 1438 4254 circa
1455 4179 1578 4274 linem,

414 4300 595 4377 Arethusa
620 4298 688 4375 iuit
712 4299 882 4395 quedam
898 4300 1059 4396 nympha
1075 4299 1122 4375 de
1138 4298 1292 4374 Arcadia
1309 4299 1460 4398 regione
1476 4299 1579 4376 Grae·

414 4421 493 4516 ciae,
523 4441 598 4496 una
630 4440 681 4518 eu¹
706 4419 909 4516 virginibus
941 4419 1066 4494 llianae
1101 4419 1346 4515 pulcerrima;
1377 4441 1460 4516 que
1491 4441 1579 4496 cum

396 4541 530 4638 ,semu
546 4545 799 4616 reverteretur
822 4560 847 4615 a
871 4539 1065 4616 venatione
1081 4538 1230 4636 fatigata
1246 4539 1369 4615 calore
1393 4547 1431 4616 et
1455 4541 1582 4617 labore

475 4804 504 4867 (¹)
520 4805 551 4857 R
566 4804 715 4858 madero
776 4801 805 4868 (¹)
822 4809 877 4866 tlt,
894 4804 922 4856 ln
936 4805 1056 4858 indorum
1071 4810 1141 4858 outa¹
1203 4805 1231 4869 (¹)
1246 4806 1277 4856 B.
1293 4805 1428 4858 011th

477 4882 505 4944 (⁸)
520 4883 551 4934 ll.
566 4882 643 4934 ambo
658 4881 719 4934 lacti
734 4887 875 4947 rsrpmtsa
1203 4882 1231 4945 ι’)
1246 4883 1278 4934 ll.
1293 4882 1377 4934 buius.

478 4957 505 5020 θ)
520 4958 552 5010 ll.
567 4959 654 5022 ignota
668 4958 726 5010 luit.
1204 4957 1232 5020 (J
1248 4958 1279 5009 ll.
1298 4957 1519 5010 emulatione.

477 5033 505 5099 (¹)
520 5034 547 5086 S.
562 5035 677 5100 adquam
692 5033 924 5088 conformationem
939 5041 966 5088 at
982 5033 1183 5087 nummum.
