4534 6842
701 877 770 946 198
1091 883 1296 947 mimmii!
1321 883 1475 946 nitrum

696 1041 927 1131 separatura
944 1042 1047 1130 petra
1065 1035 1216 1111 alterius
1236 1037 1354 1132 pontis
1371 1035 1512 1132 integri.
1532 1036 1576 1109 Et
1595 1035 1752 1111 ostendit
1768 1057 1864 1130 quo-

697 1155 806 1229 modo
830 1155 950 1230 stabat
974 1155 1011 1227 in
1036 1154 1108 1229 tine
1133 1156 1262 1250 pontis,
1286 1155 1429 1230 dicens:
1456 1159 1494 1228 la
1527 1159 1607 1230 bno
1638 1157 1695 1229 det
1718 1159 1865 1248 pdmoa

623 1283 627 1292 '
696 1277 819 1348 m’era
842 1267 872 1348 si
898 1283 1030 1366 mursia,
1056 1275 1158 1370 idest,
1176 1277 1226 1351 ita
1251 1277 1441 1369 exhausta,
1459 1283 1649 1370 evacuata,
1668 1277 1864 1374 exinanita,

698 1398 874 1489 quandiu
902 1398 957 1490 [tsi
987 1415 1042 1489 su,
1074 1395 1208 1471 scilieet
1241 1397 1279 1470 in
1314 1395 1507 1491 superficie
1538 1398 1704 1472 extrema
1740 1404 1865 1494 petre,

698 1520 749 1590 el'
760 1519 795 1589 io
819 1535 891 1590 non
913 1522 1016 1608 porea
1035 1511 1099 1608 ptri
1116 1520 1217 1607 altre,
1235 1516 1338 1610 idest,
1355 1535 1429 1589 non
1447 1521 1612 1610 poteram
1630 1517 1788 1610 amplius
1806 1537 1867 1594 me

699 1653 862 1728 movere,
896 1654 964 1710 nec
999 1635 1191 1709 minimum
1226 1655 1375 1730 passum
1410 1635 1544 1728 lacere,
1575 1639 1660 1708 uani
1692 1639 1736 1710 m’
1749 1641 1864 1730 asad,

698 1754 801 1849 idest,
826 1755 931 1850 posui
957 1771 1019 1830 me
1042 1755 1102 1829 ad·
1115 1753 1326 1848 sedendum,
1343 1775 1385 1827 ru
1409 1758 1447 1828 le
1468 1756 1588 1846 mima
1605 1758 1741 1848 pineto,
1761 1757 1863 1852 idest,

698 1875 819 1950 statim
831 1895 919 1948 cum
932 1875 1035 1972 attigi
1047 1875 1169 1950 locum
1184 1875 1425 1970 superiorem,
1438 1873 1500 1947 ubi
1513 1874 1748 1971 coniungitur
1762 1883 1865 1952 senta

698 1994 822 2091 bulgis
846 2014 933 2068 cnm
958 1994 1129 2090 septima:
1149 1993 1247 2068 unde
1261 2011 1310 2068 ex
1332 1994 1401 2068 ista
1422 1994 1527 2068 litera
1543 2001 1647 2088 potes
1662 1996 1865 2090 clare'per-

697 2113 857 2210 pendere
881 2115 982 2208 quod
1007 2121 1199 2210 coepemnt
1223 2113 1423 2189 ascendere
1449 2113 1594 2187 minam
1620 2115 1723 2188 istim
1747 2117 1865 2211 pontis

698 2235 796 2308 eirea
813 2234 937 2328 tinem,
953 2234 1015 2308 ubi
1032 2255 1122 2329 pons
1138 2234 1348 2308 adbaerebat
1366 2233 1464 2327 ripae,
1481 2233 1559 2306 sive
1575 2239 1685 2308 eostae
1702 2227 1864 2329 septlmae

699 2354 832 2450 bulgiae
856 2353 1052 2446 sequentis.
1071 2354 1116 2426 nt
1139 2353 1197 2426 bic
1214 2359 1300 2426 nota
1321 2350 1421 2446 quod
1436 2352 1563 2447 pulmo
1584 2360 1639 2427 est
1654 2355 1866 2428 membrum

699 2493 954 2566 cavernosum,
980 2473 1236 2568 spongiosum3
1260 2480 1315 2546 est
1340 2473 1438 2547 enim
1459 2471 1733 2566 receptaculum
1759 2475 1866 2570 aeris,

700 2593 799 2668 unde
815 2600 1005 2686 tamquam
1030 2592 1123 2666 totis
1149 2593 1297 2668 attrabit
1314 2611 1442 2667 aerem
1466 2599 1504 2666 et
1523 2591 1666 2686 emittit,
1687 2600 1727 2668 et
1745 2597 1868 2689 appel-

701 2715 845 2789 latura
870 2713 1025 2809 physicis
1050 2712 1295 2787 ventilabrum
1320 2712 1450 2806 cordis
1469 2709 1555 2805 quia
1577 2712 1750 2786 continuo
1775 2733 1865 2788 ven·

702 2833 781 2908 tilat
804 2853 916 2928 supra
943 2851 1009 2907 cor
1039 2832 1087 2906 ad
1120 2829 1398 2926 temperandum
1432 2849 1624 2904 excessum
1656 2831 1798 2926 caloris,
1827 2839 1865 2907 et

702 2953 788 3047 quia
810 2961 868 3029 est
892 2952 930 3026 in
960 2951 1134 3026 continuo
1167 2957 1270 3024 m'ntu
1300 2950 1406 3024 citius
1435 2949 1628 3045 fatigatum
1654 2949 1735 3024 ideo
1760 2957 1868 3026 autor

703 3073 874 3168 fatigatus
900 3072 996 3146 ultra
1013 3064 1049 3164 (¹)
1076 3071 1173 3145 vires
1197 3070 1313 3145 voluit
1337 3089 1403 3165 per
1419 3069 1581 3163 quietem
1603 3068 1788 3144 modicum
1809 3091 1869 3146 re-

702 3209 853 3266 sumere
878 3191 1056 3286 spiritum.
1083 3191 1175 3264 Nola
1200 3190 1311 3264 etiam
1336 3189 1436 3282 quod
1460 3208 1527 3282 per
1552 3189 1657 3263 istam
1688 3189 1870 3264 lassitudi-

703 3327 788 3386 nem
803 3309 968 3404 corporis
982 3300 1019 3400 (²)
1036 3308 1099 3383 dat
1119 3308 1268 3404 intelligi
1292 3307 1542 3382 lassitudinem
1560 3307 1691 3402 animi;
1709 3329 1795 3384 nam
1816 3311 1869 3384 la-

702 3432 770 3506 bor
794 3429 907 3504 animi
932 3449 1006 3502 non
1031 3434 1087 3502 est
1111 3427 1230 3502 minor
1245 3419 1282 3519 (³)
1300 3448 1414 3521 quam
1435 3427 1539 3502 labor
1558 3429 1734 3523 corporiS,
1756 3429 1819 3504 sed
1833 3419 1870 3522 (⁸)

702 3548 890 3640 occultior,
916 3546 979 3621 sed
1005 3567 1078 3621 non
1102 3555 1222 3640 potest
1245 3547 1351 3622 aliter
1377 3547 1550 3642 explicari
1579 3567 1693 3641 quam
1725 3569 1791 3643 per
1815 3549 1870 3623 la·

703 3667 832 3742 horem
856 3666 1031 3762 corporis.
1046 3703 1096 3720 -
1112 3669 1225 3740 Omni
1247 3667 1352 3740 Nunc
1372 3673 1482 3740 autor
1506 3666 1678 3742 describit
1703 3669 1870 3764 magnili-

703 3809 785 3864 cam
817 3787 1091 3882 persuasionem
1126 3785 1264 3882 Virgilii
1297 3785 1343 3860 ad
1377 3794 1593 3881 sequentem
1627 3787 1802 3881 bulqiam,
1833 3793 1870 3862 et

704 3908 836 3984 merito
860 3905 943 3981 lacit
968 3907 1027 3981 bic
1053 3908 1146 3982 banc
1171 3905 1331 3981 nobilem
1356 3906 1558 3981 fictionem:
1584 3906 1671 4000 quia
1696 3906 1806 4000 enim,
1829 3913 1870 3980 ut

703 4033 803 4124 patet
825 4048 872 4103 ex
893 4028 972 4123 iam
996 4027 1110 4122 dictis,
1128 4027 1262 4102 Dantes
1279 4033 1361 4102 erat
1376 4027 1429 4100 ita
1453 4026 1569 4102 lassus
1586 4033 1624 4102 et
1640 4026 1754 4102 lessus
1772 4028 1871 4121 quod

702 4149 784 4242 plus
813 4167 886 4221 non
917 4153 1061 4243 poterat
1093 4167 1139 4221 en
1174 4147 1369 4241 asperitate
1404 4145 1521 4240 pontis
1556 4145 1672 4239 tracti,
1705 4153 1743 4220 et
1773 4166 1871 4220 nunc
1957 4139 1960 4146 '

703 4267 856 4342 baberet
880 4266 1017 4341 intrare
1042 4272 1189 4360 pontem
1208 4265 1322 4339 alium
1344 4267 1581 4360 asperiorem,
1601 4265 1685 4340 lieet
1701 4271 1796 4340 esset
1816 4265 1871 4340 in-

703 4390 820 4479 teger,
837 4383 919 4458 ideo
943 4384 990 4458 ad
1007 4384 1283 4459 refocillandum
1301 4391 1339 4459 et
1355 4384 1618 4460 resumendum
1640 4378 1775 4477 eum(⁶)
1797 4392 1869 4462 tam

704 4500 939 4576 artificialiter
963 4502 1089 4576 nititur
1114 4502 1234 4596 ipsum
1259 4503 1432 4600 vigorare
1455 4503 1502 4580 ad
1528 4510 1742 4598 sequentem
1772 4505 1869 4580 viam

704 4619 999 4714 laboriosioremq
1025 4620 1107 4696 ideo
1131 4622 1333 4716 exorditur,
1351 4623 1451 4718 petit,
1469 4631 1507 4698 et
1522 4623 1724 4700 confirmat
1745 4625 1870 4700 Primo

768 4845 1021 4910 liburnum.
1400 4849 1663 4914 einamma
1678 4850 1730 4902 ur„

769 4923 797 4986 (l)
813 4926 867 4983 trs,
883 4923 969 4975 minor
983 4925 1073 4977 lam
1085 4925 1213 4990 norporh·
1399 4926 1426 4990 (¹)
1443 4927 1474 4977 ll.
1490 4927 1552 4978 lieet
1567 4926 1704 4979 occultior.

770 4997 1043 5064 virtutibus
