4566 6844
737 949 808 1018 532
1131 963 1335 1021 conunruu
1358 965 1513 1020 rurnnrvr

730 1101 834 1200 morl,
851 1109 997 1204 scilicet,
1014 1117 1102 1184 ante
1125 1111 1235 1205 pedes
1262 1131 1375 1206 mem,
1397 1085 1460 1187 me
1480 1111 1625 1186 vidente
1651 1117 1688 1185 et
1713 1111 1905 1205 audiente3

729 1235 767 1303 et
793 1229 842 1304 ita
866 1230 938 1304 alii.
967 1231 1066 1305 Unde
1091 1231 1200 1326 dicit3
1235 1235 1304 1308 vid'
1316 1236 1352 1306 io
1383 1253 1510 1306 cmcor
1538 1234 1564 1305 li
1592 1240 1656 1322 tre,
1683 1231 1786 1327 idest,
1813 1233 1905 1308 alios

731 1355 806 1423 trec
832 1350 962 1424 iratres
978 1341 1014 1442 (¹)
1042 1351 1167 1446 Gaddi,
1185 1355 1236 1426 ud
1250 1373 1320 1426 uno
1337 1354 1388 1425 ud
1400 1373 1485 1438 ono,
1502 1349 1638 1427 scilicet
1654 1351 1701 1425 ad
1717 1371 1904 1449 augmen·
2028 1338 2031 1344 ’

731 1475 812 1543 tum
845 1469 980 1545 doloris
1013 1471 1082 1566 sui,
1108 1479 1168 1545 tro
1183 1474 1209 1545 ’l
1231 1475 1350 1562 omnio
1378 1463 1415 1545 di
1443 1474 1506 1544 c't
1534 1477 1637 1563 serm,
1662 1491 1758 1544 conte
1789 1478 1825 1544 tu
1856 1473 1908 1546 mi

616 1663 626 1676 ,
733 1591 824 1680 cedi,
849 1590 955 1683 quasi
987 1589 1105 1666 dicat:
1138 1591 1232 1666 sicut
1263 1598 1302 1665 tu
1336 1591 1438 1666 vides
1467 1610 1565 1666 nunc
1597 1609 1659 1664 me
1687 1590 1901 1684 loquentem

734 1728 861 1784 coram
887 1715 936 1804 te,
961 1710 1011 1786 ita
1037 1731 1107 1809 ego
1133 1711 1204 1787 vidi
1221 1710 1300 1787 illos
1317 1711 1515 1788 morientes
1532 1730 1659 1786 coram
1684 1731 1755 1786 me.
1778 1711 1907 1787 Infelix

736 1835 860 1926 paterl
887 1831 961 1926 qui,
988 1833 1018 1906 si
1043 1839 1292 1928 praemortuus
1311 1833 1448 1927 inisset,
1466 1838 1609 1928 poterat
1626 1831 1739 1908 videri
1762 1833 1847 1908 felix
1868 1831 1904 1905 in

736 1951 858 2026 medio
884 1959 937 2027 tot
961 1952 1221 2028 infelicitatum.
1240 1954 1283 2028 Et
1308 1953 1429 2028 subdit
1448 1953 1579 2027 ultimo
1598 1959 1757 2028 mortem
1783 1973 1903 2047 suam,

736 2070 878 2146 dicens:
905 2076 987 2148 ond’
998 2077 1034 2147 to
1057 2064 1120 2166 ptd
1143 2078 1248 2166 ciero,
1273 2074 1418 2168 scilicet,
1440 2073 1558 2148 lactus
1581 2092 1713 2166 caecus,
1739 2076 1788 2146 mi
1811 2074 1906 2147 doctr·

736 2211 761 2264 c
785 2192 989 2284 broncotor,
1006 2193 1108 2288 ideal,
1125 2194 1172 2268 ad
1192 2193 1413 2289 palpandum
1437 2213 1547 2266 soora
1563 2195 1736 2266 noscano.
1755 2191 1800 2266 Et
1815 2212 1905 2268 oon-

736 2311 839 2386 tinno
864 2319 975 2409 auget
1000 2312 1257 2407 infelicitatem,
1274 2312 1422 2388 dicens:
1446 2331 1465 2386 e
1488 2320 1542 2385 tre
1565 2303 1607 2385 dl
1631 2314 1657 2384 tt
1680 2313 1831 2385 edomui
1839 2316 1907 2404 poi

734 2434 795 2505 cle
815 2437 878 2526 sur
902 2437 1014 2507 morti
1039 2433 1084 2506 Et
1107 2433 1159 2507 sic
1177 2433 1320 2510 videtur
1337 2453 1462 2508 comes
1480 2431 1654 2530 Ugolinus
1672 2431 1804 2508 vixisse
1820 2438 1905 2508 octo

734 2552 863 2628 diebus
888 2553 965 2628 sine
995 2553 1220 2630 nutrimento
1248 2553 1365 2629 cibati.
1392 2554 1437 2628 Et
1468 2552 1652 2629 concludit
1684 2573 1820 2646 comes,
1850 2551 1906 2628 di·

675 2693 679 2704 ’
736 2692 841 2747 oens:
862 2675 986 2766 posen
1006 2675 1207 2764 itdtptuvto,
1227 2673 1320 2748 idest
1340 2674 1466 2767 lomes,
1485 2667 1568 2766 pote*
1587 2667 1648 2765 prii
1673 2675 1770 2747 caet
1787 2675 1906 2764 anor,

738 2790 841 2886 quasi
873 2792 979 2887 dicat,
1004 2793 1103 2887 quod
1134 2793 1249 2870 sames
1283 2793 1478 2888 prostravit
1507 2813 1607 2886 eum,
1639 2813 1750 2887 quem
1782 2799 1905 2868 tantus

736 2913 840 2988 dolor
858 2933 931 2988 non
942 2919 1085 3008 poterat
1094 2904 1131 3005 (¹)
1143 2912 1291 2990 vincere
1308 2919 1346 2988 et
1362 2912 1637 2989 interlicere—
1648 2915 1797 3002 Quando
1810 2913 1901 2986 eote.

736 3033 802 3108 llic
826 3039 935 3109 autor
955 3033 1040 3108 lacit
1064 3033 1175 3110 tinem
1200 3033 1285 3108 huic
1312 3033 1476 3109 materiae
1499 3033 1694 3110 ostendens
1713 3031 1899 3127 quomodo

736 3173 861 3230 comes
877 3153 1051 3250 Ugolinus
1075 3153 1205 3229 redivit
1221 3153 1268 3230 ad
1284 3173 1396 3228 suum
1416 3152 1577 3248 primum
1595 3151 1768 3228 officium.
1795 3151 1898 3227 Unde

736 3273 839 3349 dicit:
858 3273 1073 3367 quomode
1089 3276 1179 3348 detto
1198 3265 1251 3346 oid
1270 3294 1337 3346 oon
1360 3276 1411 3364 pti
1433 3275 1529 3346 occdi
1552 3275 1646 3364 torti,
1662 3271 1766 3368 idest,
1785 3271 1899 3348 torvis

737 3400 774 3467 et
797 3391 1030 3468 inflammatis
1055 3391 1121 3486 ira,
1137 3393 1285 3484 nmero,
1302 3391 1405 3485 idmt,
1423 3389 1559 3466 iterum
1585 3391 1703 3486 cepit:
1728 3394 1756 3466 il
1778 3393 1903 3466 terete

736 3514 877 3602 odacro
902 3512 1048 3606 scilicet,
1070 3531 1249 3588 craneum
1275 3511 1411 3606 capitis,
1428 3513 1484 3584 coi
1498 3513 1606 3603 dotti,
1621 3532 1708 3587 cum
1727 3516 1828 3585 tanto
1846 3511 1907 3584 iu·

736 3651 834 3724 rore,
862 3633 923 3704 cte
952 3633 1037 3724 furo
1070 3635 1248 3722 aterno,
1274 3651 1370 3704 conte
1398 3633 1433 3704 d’
1446 3651 1494 3703 uo
1524 3651 1604 3722 cuo,
1628 3633 1728 3724 sorti,
1752 3629 1906 3706 luerunt

736 3749 849 3826 lortes
873 3757 942 3826 etc.
1399 3743 1402 3749 ’

809 3873 877 3947 Ala'
900 3873 1007 3946 Ptvol
1031 3873 1102 3948 Ista
1127 3879 1183 3947 mc
1207 3871 1367 3948 secunda
1388 3891 1473 3967 pars
1489 3869 1671 3969 generalis
1688 3870 1726 3944 in
1743 3890 1817 3965 qua
1834 3891 1905 3946 au·

737 3999 796 4068 tor
820 3993 935 4069 iratus
959 3993 1006 4069 de
1031 3999 1132 4068 tanta
1150 3993 1336 4088 impietate
1352 3993 1434 4068 lecit
1452 3991 1663 4068 mordacem
1684 3991 1902 4067 invectivam

736 4120 865 4190 contra
889 4114 1073 4190 civitatem
1105 4113 1287 4210 Pisanum,
1311 4113 1456 4188 dicens:
1487 4115 1576 4187 Alei!
1605 4112 1709 4206 idest,
1737 4111 1904 4188 dolenter

736 4235 869 4330 refero,
901 4239 1000 4327 Hoc,
1024 4237 1192 4328 conpote
1220 4237 1307 4308 detta
1334 4237 1440 4326 pontt,
1470 4233 1572 4328 idest,
1602 4233 1761 4310 dedecus
1787 4238 1824 4308 et
1850 4233 1906 4308 in·

736 4355 846 4432 lamia
878 4362 1015 4433 oeterna
1048 4355 1213 4452 gentium
1249 4355 1476 4449 italicarum3
1506 4354 1606 4430 unde
1632 4355 1741 4429 dicit:
1768 4356 1826 4428 del
1853 4355 1909 4428 tel

732 4497 838 4570 paese
862 4467 912 4568 ld,
937 4476 1082 4569 scilicet,
1103 4459 1224 4568 ltaliae,
1247 4495 1321 4569 qua
1346 4475 1447 4551 nulla
1472 4480 1527 4549 est
1551 4473 1712 4568 pulcrior
1739 4473 1840 4571 regio
1866 4473 1903 4546 in

736 4603 812 4671 toto
829 4597 920 4671 orbe
936 4602 1134 4690 terrarum,
1152 4602 1194 4668 ut
1210 4595 1299 4670 alias
1322 4595 1461 4670 dietum
1483 4602 1537 4669 eut
1555 4601 1593 4670 et
1609 4594 1761 4688 dicetur,
1779 4595 1867 4667 dove
1881 4595 1908 4667 'l

734 4709 914 4807 sindono,
939 4715 1025 4808 quia
1049 4715 1272 4811 generaliter
1297 4714 1416 4790 omnis
1440 4735 1531 4810 gens
1553 4713 1671 4788 italica
1694 4713 1810 4788 utitur
1835 4713 1905 4789 isto

734 4833 889 4934 vulgari,
920 4834 1067 4929 scilicet,
1096 4825 1139 4927 si,
1171 4833 1234 4908 ubi
1259 4834 1427 4931 germani
1456 4834 1581 4909 dicunt
1609 4824 1671 4925 jd,
1709 4839 1747 4908 et
1783 4833 1905 4931 gallici

798 5087 1296 5152 (dammandum.
1421 5085 1640 5149 llll-notuerat
