4550 6844
701 979 843 1038 esurus
866 983 1083 1040 rnronsmus
1107 979 1250 1038 sarnus.
1495 966 1565 1034 tot

391 1135 557 1224 puteum.
583 1125 628 1198 Et
652 1125 809 1201 ostendit
830 1133 939 1202 antor
958 1126 1145 1222 quomodo
1161 1117 1334 1221 Virgiliu's
1353 1122 1565 1198 manifesta-

391 1247 486 1324 verit
518 1245 586 1321 sibi
619 1245 730 1320 istum
759 1246 945 1342 gigantem
978 1267 1001 1322 a
1033 1245 1122 1320 vitio
1153 1252 1191 1320 st
1225 1242 1386 1334 nomine,
1416 1242 1564 1318 dicens:

392 1370 483 1442 duae
496 1367 522 1438 'l
544 1367 615 1438 mio
639 1367 743 1454 mco,
768 1365 905 1444 seilicet
928 1365 1100 1463 Virgilius
1124 1363 1214 1440 dixit
1238 1362 1340 1456 mitri,
1357 1365 1478 1452 quest,
1496 1361 1567 1436 sei-

392 1484 484 1560 lioet'
501 1483 694 1578 Ephialtes,
719 1484 891 1578 superom-
916 1485 953 1558 in
984 1485 1055 1559 hoc
1083 1484 1247 1560 declarat
1276 1480 1363 1576 quid
1389 1480 1566 1578 intelligat

392 1622 461 1700 per
484 1603 662 1700 gigantes,
688 1606 776 1676 vote
799 1625 894 1677 osser
917 1611 1067 1698 cepeto,
1083 1603 1186 1697 idest,
1208 1601 1323 1677 voluit
1343 1599 1481 1676 trabere
1497 1621 1565 1676 ex-

393 1723 621 1820 perientiam,
647 1725 685 1796 dl
707 1743 774 1796 uto
798 1729 964 1816 potenza,
990 1743 1075 1818 que
1102 1728 1184 1798 erat
1214 1741 1330 1816 parva
1357 1721 1422 1796 ¹rel
1452 1721 1565 1815 nulla,

391 1850 518 1918 conto
540 1845 569 1916 tt
588 1863 724 1916 summ
752 1845 870 1936 (lione,
895 1844 958 1939 qui
974 1836 1011 1936 (¹)
1042 1849 1124 1918 erat
1147 1860 1319 1916 summus
1346 1840 1438 1915 deus
1467 1840 1566 1936 apud

392 1979 567 2058 paganm,
598 1961 696 2038 unde
728 1961 913 2057 potissime
943 1962 1132 2038 oolebatur
1145 1952 1182 2054 ζ’)
1215 1961 1253 2034 in
1285 1961 1446 2056 superba
1478 1979 1566 2036 arce

393 2079 557 2175 Capitolii
581 2081 720 2175 Romae,
738 2086 775 2156 et
799 2081 1002 2157 vocabatur
1017 2081 1115 2156 lovis
1131 2071 1169 2174 (³)
1187 2079 1349 2177 optimus
1368 2079 1564 2174 maximus,

392 2199 486 2274 sicut
519 2204 618 2293 patet
652 2197 819 2274 infinitos
856 2199 954 2296 apud
988 2200 1110 2274 'litum
1144 2199 1301 2273 livium.
1336 2197 1422 2272 ldeo
1455 2198 1564 2274 dicit:

392 2321 545 2392 outtelti
570 2320 618 2390 lo
645 2320 739 2390 colat
765 2326 889 2410 meto,
922 2319 1009 2416 qula
1039 2319 1176 2394 scilieet
1205 2323 1261 2394 est
1287 2318 1407 2393 taliter
1431 2317 1565 2415 ligatus

393 2444 432 2512 et
460 2436 611 2512 omnino
635 2436 826 2531 impotens,
853 2444 892 2514 et
914 2437 1019 2512 dicit:
1045 2441 1156 2512 llutle
1180 2440 1228 2510 la
1251 2457 1366 2528 omne,
1391 2458 1412 2509 e
1435 2440 1566 2531 (coele

268 2571 272 2580 ·
392 2577 490 2649 pron
509 2577 633 2649 prove,
650 2556 736 2649 quia
762 2556 890 2632 elludit
914 2577 1043 2634 omnes
1068 2558 1166 2634 vires
1191 2559 1487 2652 suseprundus·
1509 2561 1567 2648 pt-

392 2678 495 2766 pontt
514 2679 573 2770 ser
597 2697 719 2768 paura
742 2679 781 2750 oi
804 2679 873 2769 del,
898 2678 1034 2756 soilioet
1058 2677 1095 2752 in
1120 2679 1217 2754 bello
1242 2677 1342 2773 quod
1368 2687 1567 2756 moverunt

394 2803 523 2872 contra
548 2796 646 2872 deos.
673 2797 717 2871 lit
741 2798 799 2874 lrio
824 2804 911 2876 nota
932 2801 1032 2895 quod
1053 2802 1123 2878 hoo
1147 2806 1267 2896 potest
1288 2801 1438 2899 intelligi
1458 2801 1566 2877 iabu-

395 2917 533 3011 lariter,
558 2916 646 3012 quia
670 2916 874 2992 secundum
905 2918 1088 2996 fictionem
1114 2919 1230 2994 Ovidii
1262 2939 1361 2995 unus
1383 2920 1478 2996 deus
1509 2921 1564 2994 la-

395 3035 466 3110 tuit
498 3034 568 3110 sub
597 3035 717 3132 ligura
748 3036 857 3112 unius
887 3036 987 3132 lere,
1016 3039 1111 3115 alter
1144 3037 1214 3114 sub
1245 3038 1366 3136 ligura
1401 3038 1564 3114 alterius.

394 3154 563 3230 Secundo
577 3143 629 3248 (⁸),
642 3155 876 3230 historialiter
882 3179 893 3249 3
911 3176 997 3232 nam
1014 3157 1163 3232 Titanus
1180 3157 1295 3233 irater
1311 3157 1564 3233 Saturninum

394 3273 470 3348 suis
494 3273 580 3348 lecit
603 3293 766 3370 pugnam
791 3293 878 3348 cum
904 3275 1005 3370 Jove,
1032 3276 1179 3369 quando
1205 3276 1347 3372 Jupiter
1372 3277 1565 3372 expulerat

393 3399 536 3489 patrem
563 3414 674 3469 suum
700 3392 901 3469 Saturnum
926 3395 973 3470 de
999 3415 1114 3492 regno
1139 3396 1271 3490 Cretae,
1292 3395 1330 3470 in
1351 3417 1426 3490 qua
1442 3415 1567 3493 pugna

394 3514 535 3610 Jupiter
551 3535 637 3588 oum
654 3514 731 3588 suis
747 3513 918 3591 extimuit
932 3515 1017 3591 licet
1034 3516 1180 3592 tandem
1200 3515 1311 3592 luerit
1327 3516 1456 3592 victor.
1477 3517 1568 3590 Ter·

395 3635 446 3709 tio
461 3627 510 3729 (⁶),
535 3633 742 3730 allegorica,
769 3641 812 3708 nt
835 3633 942 3710 litera
971 3641 1179 3732 exponatur
1207 3636 1279 3710 sio:
1303 3639 1361 3730 ser
1380 3656 1504 3730 potura
1532 3637 1570 3708 nt

395 3757 465 3847 del,
481 3754 584 3847 idest,
600 3753 723 3830 iacere
738 3753 937 3830 voluerunt
953 3762 1136 3850 quantum
1155 3755 1192 3828 in
1213 3755 1298 3850 ipsis
1316 3755 1396 3849 fuit,
1409 3762 1448 3831 et
1464 3755 1565 3831 ideo:

396 3873 595 3946 kbroodu
617 3873 714 3944 elt'ei
736 3863 929 3963 menclpin
949 3876 1023 3946 mai
1046 3895 1119 3946 non
1143 3879 1377 3946 mooe-Et
1398 3877 1434 3946 io
1458 3893 1484 3946 a
1508 3875 1566 3975 lui.

396 3991 501 4064 Nunc
525 3995 635 4064 autor
659 3989 754 4064 iacta
780 3989 967 4066 mentione
991 3990 1101 4066 unius
1124 3991 1283 4088 gigantis
1307 3991 1567 4085 principaliter,

394 4108 480 4184 lacit
504 4108 729 4184 mentionem
753 4106 906 4182 alterius
931 4107 1205 4184 incidentaliter.
1229 4109 1315 4185 ldeo
1339 4108 1443 4205 lingit
1468 4108 1567 4204 quod

394 4235 495 4326 petat
509 4249 533 4304 a
549 4228 700 4325 Virgilio
724 4247 831 4323 posse
853 4227 1028 4303 devenire
1044 4228 1082 4302 in
1101 4228 1346 4326 oognitionem
1364 4217 1567 4320 alteriust⁶l

392 4349 549 4447 gigantis
573 4349 772 4443 ferocioris,
797 4357 835 4425 et
859 4347 1164 4444 formidabilioris,
1191 4348 1334 4424 dicens:
1351 4355 1386 4424 et
1400 4351 1437 4422 io
1459 4370 1483 4422 a
1506 4350 1567 4440 tri,

393 4472 534 4567 supple,
558 4469 632 4546 dixi
658 4469 708 4544 illi
734 4469 901 4566 Virgilio:
921 4471 958 4542 io
980 4471 1101 4544 norror
1118 4473 1178 4544 ola
1195 4471 1247 4561 pt·
1270 4470 1367 4543 ooclrt'
1390 4469 1482 4560 moi,
1499 4465 1570 4542 sci·

395 4589 735 4688 linots'peoulatorii
750 4577 802 4683 ζ’),
832 4609 973 4664 onerer
996 4591 1214 4682 experiente
1241 4591 1285 4663 ue
1318 4590 1353 4661 lo
1376 4589 1566 4662 smenon

460 4777 486 4840 (¹)
502 4778 533 4828 n
549 4779 594 4844 qul
609 4777 786 4842 repotrbrtnr.
915 4773 943 4838 (ἢ
960 4775 990 4825 n
1007 4775 1188 4827 celebrabatur
1204 4773 1311 4839 tns'npsx
1326 4785 1396 4824 aros.

461 4855 487 4916 ι’)
503 4854 529 4906 s.
544 4855 672 4920 lnppttar.
917 4851 945 4915 (⁸)
961 4850 992 4902 u
1007 4851 1136 4915 Sammo
1153 4852 1262 4918 intelllgi
1277 4855 1363 4915 potest
1378 4849 1555 4902 hbtorlfflm.

462 4933 490 4992 ι’]
507 4932 538 4983 B.
555 4931 653 4990 Toron,
669 4931 778 4994 intelllgi
794 4933 879 4993 potant
894 4927 1042 4992 allegorico.

461 5007 491 5072 ι’)
507 5011 562 5067 tto,
578 5007 691 5057 allorum
707 5007 842 5070 gigantam
858 5004 1017 5056 moerorum
1033 5008 1060 5054 et
1078 5003 1320 5056 iormltxlrlltornm.

463 5084 490 5148 Γ)
508 5089 563 5145 tto,
578 5081 737 5147 rpsmtxurt
