4526 6836
722 981 768 1046 bd
1119 986 1324 1046 comni!
1348 990 1501 1044 mmm

722 1141 871 1210 statum.
897 1133 990 1209 Cum
1008 1152 1099 1228 ergo
1116 1131 1319 1209 cardinales
1335 1133 1519 1209 stetissent
1542 1140 1626 1209 octo
1640 1127 1679 1227 (¹)
1704 1132 1893 1210 mensibus

723 1253 853 1330 inclusi
876 1275 900 1328 a
924 1252 1110 1328 Perusinis
1134 1252 1173 1328 in
1196 1253 1373 1349 conclavi,
1395 1259 1434 1328 et
1447 1244 1484 1345 (²)
1503 1273 1579 1328 non
1594 1259 1742 1348 poment
1758 1271 1895 1328 conre-

725 1375 816 1470 nirc,
840 1371 1033 1448 cardinalis
1062 1371 1241 1468 pratensis
1270 1373 1528 1469 sagacissimus
1560 1373 1741 1470 monuit
1769 1373 1809 1448 in
1835 1393 1897 1448 se-

725 1502 828 1570 creto
864 1492 1014 1568 domino
1050 1491 1243 1568 Francisco
1272 1491 1414 1568 (latam
1428 1483 1481 1587 (³),
1519 1493 1619 1588 qnod
1650 1493 1830 1588 eligerent
1859 1492 1898 1566 in

727 1636 858 1712 papam
874 1614 1067 1690 dominum
1079 1611 1342 1709 Raymundnm
1359 1611 1405 1688 de
1421 1613 1562 1708 droth,
1582 1612 1896 1709 archepiscopum

727 1734 1043 1831 burdegalensem,
1069 1732 1260 1807 inimicum
1286 1732 1383 1828 regis
1408 1732 1582 1826 Francia,
1606 1739 1758 1828 propter
1780 1733 1897 1808 oden-

727 1875 807 1930 sam
831 1854 965 1929 iactam
990 1853 1059 1927 illis
1083 1851 1265 1928 dedomo
1289 1871 1358 1926 sua
1385 1872 1454 1948 per
1484 1853 1658 1929 Carolnm
1686 1852 1734 1929 de
1765 1852 1898 1946 lalcis,

727 1977 879 2052 tratrem
904 1974 1017 2070 ipsius
1042 1972 1138 2070 reg's
1164 1973 1201 2047 in
1226 1973 1322 2048 bullo
1343 1973 1551 2068 Vaseoniae3
1571 1980 1615 2048 ut
1637 1973 1690 2050 sic
1705 1973 1898 2049 cardinalis

728 2098 918 2172 ltlatthaeus
948 2095 997 2170 de
1025 2094 1162 2170 Ursimr
1192 2094 1416 2170 consentiret
1446 2115 1534 2170 cum
1566 2101 1671 2191 parte
1705 2115 1784 2188 soa,
1810 2094 1898 2188 qnia

729 2237 795 2291 rer
821 2215 984 2290 Francia
1014 2214 1212 2310 Philippus
1234 2215 1364 2310 pulcer
1393 2221 1474 2290 erat
1502 2213 1646 2289 amicus
1675 2215 1899 2290 columnen-

728 2336 838 2429 sium,
862 2355 949 2410 cnm
979 2334 1114 2428 quihus
1144 2332 1377 2410 destruxerat
1410 2333 1650 2409 Boniiamm.
1676 2335 1758 2423 Quo
1790 2333 1900 2425 laun
2016 2393 2025 2400 .

729 2454 921 2530 cardinalis
944 2453 992 2529 de
1020 2454 1130 2527 Prato
1160 2473 1248 2527 cum
1279 2459 1386 2549 parte
1414 2472 1496 2547 suu,
1519 2453 1714 2550 ignorante
1739 2458 1844 2548 parte
1859 2441 1896 2543 ὓ)

733 2572 960 2667 Ursinorum,
975 2572 1070 2647 misit
1087 2572 1330 2648 secretissime
1346 2579 1384 2648 et
1400 2573 1692 2648 festinantisn'mc
1706 2591 1899 2648 cursorem

730 2715 754 2768 a
778 2692 932 2768 Perusio
956 2692 1115 2768 Parisios
1139 2712 1226 2767 cum
1252 2692 1365 2768 literis
1388 2691 1436 2768 ad
1461 2713 1587 2790 regem
1606 2692 1811 2788 Philippum
1838 2713 1901 2766 ro-

731 2813 913 2911 gantibus,
928 2812 1028 2907 quod
1044 2813 1232 2888 duolehat
1247 2831 1470 2908 recuperare
1487 2835 1596 2888 suum
1610 2819 1748 2888 statum
1761 2833 1849 2888 cum
1861 2805 1897 2906 (ἢ

732 2933 896 3028 ecclesia,
921 2939 959 3008 et
990 2933 1158 3008 relevare
1181 2932 1448 3009 Columnenses
1475 2933 1614 3008 amicus
1638 2953 1737 3028 suos,
1761 2934 1899 3010 iaceret

732 3053 800 3129 sihi
832 3052 879 3128 de
916 3052 1063 3127 inimico
1099 3043 1262 3126 amicum
1296 3053 1555 3148 Raymundum
1586 3053 1901 3150 archiepiscopum

733 3174 1052 3271 burdegalensem,
1069 3172 1134 3267 qui
1151 3178 1232 3248 erat
1247 3173 1387 3248 electus
1406 3178 1598 3267 umquam
1619 3173 1788 3249 inimicus
1805 3174 1904 3270 regis

733 3314 799 3390 per
832 3293 942 3368 aliam
972 3299 1126 3388 partem.
1159 3291 1344 3386 Philippus
1377 3291 1539 3368 solicitus
1575 3293 1698 3368 statim
1732 3293 1828 3368 misit
1861 3293 1904 3368 li-

736 3423 835 3489 teras
847 3403 885 3506 (⁶)
911 3411 1122 3487 amicabiles
1146 3411 1184 3486 in
1214 3411 1430 3486 vasconiam
1469 3411 1516 3486 ad
1553 3410 1691 3489 dictum
1722 3412 1903 3508 archiepi-

736 3551 900 3628 scopum,
926 3531 1026 3626 quod
1054 3530 1197 3606 veniret
1227 3529 1295 3604 sibi
1326 3529 1487 3624 obviam,
1513 3530 1601 3625 qnia
1638 3532 1713 3609 ibat
1739 3531 1787 3608 ad
1815 3552 1904 3608 eum

737 3654 929 3728 locuturus
953 3653 1019 3727 sihi
1045 3672 1113 3748 pro
1137 3671 1205 3725 suo
1232 3671 1368 3746 magno
1392 3651 1588 3726 commodo
1618 3659 1656 3728 et
1683 3654 1835 3729 honore.
1861 3653 1905 3728 Et

736 3772 898 3847 breviter
929 3791 995 3846 rex
1023 3769 1116 3845 inira
1146 3789 1212 3845 ser
1245 3769 1322 3846 dies
1353 3769 1422 3844 luit
1452 3771 1693 3865 personaliter
1724 3793 1811 3848 cum
1842 3793 1906 3848 ar-

737 3890 964 3986 chiepiscopo
989 3896 1130 3965 secrete
1152 3909 1240 3964 cum
1259 3889 1385 3984 paucis
1401 3889 1438 3963 in
1455 3911 1529 3964 una
1553 3890 1699 3966 abbatia
1717 3891 1907 3968 iorimecn

738 4001 839 4104 lbi(⁷)
864 4010 989 4087 audita
1015 4011 1125 4085 missa
1144 4011 1370 4105 juraverunt
1398 4009 1622 4084 credentiam
1654 4010 1721 4084 sibi
1751 4011 1906 4087 invicem

738 4152 850 4228 snper
873 4131 991 4207 altari.
1009 4131 1053 4206 lit
1073 4151 1140 4206 rex
1157 4130 1352 4225 Philippus,
1369 4130 1566 4225 premissis
1586 4130 1768 4230 aliquibus
1786 4132 1908 4207 vorbis

644 4257 649 4264 '
737 4253 885 4348 placidis
895 4251 943 4327 ad
957 4250 1264 4326 reconciliandum
1282 4249 1598 4345 archiepiscopum
1607 4238 1644 4342 (⁸)
1658 4270 1745 4325 cum
1759 4251 1908 4327 domino

737 4374 870 4446 Carolo
893 4373 940 4446 dc
964 4371 1085 4446 Valois
1115 4370 1227 4444 fratre
1257 4369 1366 4465 regis,
1392 4369 1455 4463 qui
1484 4375 1639 4445 vocatus
1667 4377 1724 4446 est
1755 4371 1909 4447 Carolus

739 4492 817 4566 sine
840 4493 967 4584 lema,
991 4490 1038 4564 dc
1062 4509 1139 4583 quo
1168 4487 1252 4562 alibi
1282 4487 1420 4562 dictum
1451 4495 1518 4584 est,
1542 4497 1580 4566 et
1611 4489 1764 4586 dicetur,
1793 4491 1908 4567 dixit:

739 4611 840 4705 Vide,
857 4609 1147 4706 archiepiscope:
1173 4609 1210 4682 in
1236 4629 1350 4684 manu
1369 4629 1452 4685 mea
1474 4617 1530 4686 ast
1556 4611 1678 4688 lacere
1703 4620 1740 4689 te
1764 4633 1908 4710 papam,

804 4862 831 4924 (¹)
850 4866 903 4924 itt,
920 4875 1023 4913 norem.
1351 4861 1379 4924 (¹)
1395 4864 1426 4914 li.
1443 4869 1474 4914 ut
1489 4879 1541 4916 non
1559 4871 1671 4930 putant.

804 4938 831 5001 ι’)
847 4939 878 4989 Ε.
894 4939 1009 4990 Gnatam
1025 4938 1095 5002 quod
1111 4939 1229 5003 eligeret.
1349 4939 1376 5000 (⁸)
1394 4942 1449 5000 tlt,
1466 4942 1515 4992 alla
1532 4947 1605 5006 parta
1621 4943 1787 4993 Urrtoorum.

806 5015 834 5078 (⁸)
850 5019 905 5076 ¹¹⁶.
922 5017 948 5066 Ιι
964 5015 1082 5066 mlada.
1349 5014 1380 5076 (⁸)
1394 5017 1427 5068 B.
1442 5018 1545 5068 literam
1560 5019 1587 5068 ln
1603 5017 1766 5069 vacculam.

804 5093 831 5154 (i)
847 5092 878 5144 tt
895 5092 947 5144 obl.
1351 5091 1378 5157 (¹)
1395 5094 1424 5144 ll.
1441 5096 1525 5158 ipsum
1542 5095 1771 5159 nemausam.
