4606 6840
711 937 782 1002 272
1105 947 1309 1004 contumuit
1332 949 1482 1003 laruam

710 1098 830 1168 morte
854 1077 1045 1168 morietur.
1070 1092 1152 1180 Quo
1175 1093 1301 1168 audito
1332 1114 1398 1169 rex
1428 1113 1603 1169 accensus
1628 1091 1875 1188 indignatione

708 1218 747 1287 et
770 1213 825 1286 ira
850 1212 947 1286 misit
971 1232 1089 1286 unum
1115 1212 1248 1288 ducem
1273 1234 1360 1288 oum
1392 1212 1656 1308 quinquaginta
1687 1211 1873 1304 militibus,

707 1333 770 1426 qui
795 1332 994 1408 aseendens
1008 1327 1045 1424 (¹)
1071 1333 1108 1406 in
1137 1334 1311 1410 verticem
1338 1333 1482 1426 montiS,
1506 1333 1568 1407 ubi
1594 1332 1743 1407 sedebat
1767 1331 1874 1424 Elias,

707 1451 816 1526 dixit:
837 1454 947 1526 homo
968 1451 1043 1546 Dei,
1067 1471 1131 1528 rex
1151 1453 1323 1548 precepit
1338 1443 1374 1545 (¹)
1393 1458 1435 1525 ut
1452 1451 1660 1527 descendas.
1687 1450 1755 1525 Cui
1779 1451 1876 1524 Elias

708 1572 941 1667 respondens,
967 1572 1080 1647 dixit:
1107 1573 1137 1647 si
1163 1575 1275 1648 homo
1300 1572 1365 1649 Dei
1391 1593 1474 1647 sum
1499 1571 1695 1647 descendat
1710 1569 1804 1666 ignis
1828 1569 1876 1644 de

708 1694 802 1768 coelo
827 1701 865 1768 et
888 1692 1041 1770 devoret
1065 1699 1102 1768 te
1128 1700 1165 1768 et
1196 1699 1279 1768 tuos
1295 1683 1332 1785 (³)
1366 1692 1654 1788 quinquaginta:
1689 1697 1727 1766 et
1750 1689 1872 1764 statim

708 1812 846 1888 iactum
871 1819 937 1888 est.
963 1815 1041 1889 Rex
1066 1819 1192 1888 autam
1208 1803 1245 1906 (⁸)
1275 1813 1373 1887 misit
1397 1812 1511 1887 alium
1545 1833 1631 1887 cum
1662 1811 1741 1886 aliis
1766 1811 1874 1906 quin-

709 1933 895 2029 quaginta,
921 1933 983 2027 qui
1009 1933 1137 2008 eodem
1164 1933 1273 2007 modo
1298 1951 1383 2008 cum
1411 1932 1486 2006 suis
1502 1932 1551 2007 ab
1566 1932 1652 2028 igne
1675 1931 1874 2006 devoratus

708 2059 773 2129 est.
800 2055 938 2128 lterum
957 2073 1022 2128 rex
1045 2052 1142 2128 misit
1157 2053 1272 2128 alium
1289 2043 1326 2144 (⁵)
1345 2052 1545 2148 principem
1563 2072 1650 2127 cum
1669 2052 1747 2126 aliis
1763 2051 1874 2146 quiu-
1941 2071 1944 2078 ·

708 2172 894 2269 quaginta,
921 2172 984 2267 qui
1015 2173 1163 2247 flectens
1195 2191 1317 2269 genua
1350 2191 1418 2246 sua
1449 2193 1574 2247 coram
1607 2171 1695 2267 Elia,
1731 2171 1874 2270 rogarit

706 2292 893 2369 humiliter
918 2299 960 2367 ut
985 2293 1224 2370 misereretur
1249 2293 1338 2368 eius.
1366 2294 1469 2368 Tune
1497 2292 1593 2368 Elias
1624 2292 1671 2368 de
1700 2292 1872 2367 mandato

706 2414 825 2509 angeli
851 2411 1034 2488 deseendit
1058 2419 1095 2486 et
1121 2411 1220 2487 venit
1243 2411 1290 2487 ad
1315 2411 1509 2487 ochoziam
1524 2401 1562 2504 (⁶)
1581 2431 1721 2508 regem,
1747 2417 1784 2486 et
1808 2410 1873 2486 de-

707 2533 885 2609 nuntiavit
909 2532 976 2607 sibi
999 2539 1170 2628 mortem,
1196 2538 1234 2608 et
1250 2532 1301 2607 sic
1317 2533 1454 2607 iactum
1480 2539 1550 2627 est:
1572 2539 1609 2608 et
1626 2531 1792 2630 regnarit
1809 2533 1873 2607 Jo-

707 2674 787 2727 ram
813 2653 926 2728 irater
950 2653 1029 2728 eius
1061 2673 1128 2747 pro
1162 2674 1219 2747 eo,
1245 2673 1319 2728 non
1347 2654 1444 2728 enim
1477 2654 1635 2728 habebat
1664 2653 1791 2727 tilium.
1818 2655 1871 2728 Eo

707 2782 873 2870 tempore
896 2773 1024 2849 accidit
1049 2773 1148 2868 quod
1172 2795 1257 2848 cum
1283 2773 1459 2848 Dominus
1476 2775 1585 2849 vellet
1606 2775 1731 2850 levare
1755 2774 1870 2848 Etiam

706 2912 773 2989 per
805 2893 1000 2988 turbinem,
1026 2893 1121 2968 Elias
1158 2893 1273 2968 voluit
1305 2892 1488 2968 dimittere
1520 2893 1711 2969 *Eliseum
1743 2894 1779 2966 in
1812 2894 1871 2967 iti-

708 3035 821 3108 nere:
847 3013 909 3088 sed
938 3013 1077 3089 Eliseus
1106 3032 1311 3107 numquam
1341 3013 1455 3091 noluit
1483 3012 1697 3089 dimittere*
1711 3001 1747 3105 (⁷)
1770 3032 1870 3087 eum.

707 3135 857 3209 inerunt
881 3154 972 3229 ergo
995 3134 1105 3208 ambo
1131 3133 1278 3229 pariter,
1301 3140 1339 3209 et
1363 3132 1625 3230 quinquaginta
1643 3131 1711 3206 viri
1728 3132 1774 3207 de
1790 3131 1871 3206 tiliis

706 3255 968 3350 prophetarum
994 3253 1109 3328 secuti
1134 3259 1221 3326 sunt
1244 3273 1320 3347 eos,
1345 3258 1385 3327 et
1408 3258 1588 3328 steterunt
1603 3242 1640 3344 (⁸)
1657 3273 1679 3327 e
1695 3259 1824 3327 oontra
1849 3273 1871 3326 a

704 3373 824 3469 longe.
843 3373 935 3447 Cum
961 3393 1051 3469 ergo
1077 3373 1187 3446 ambo
1204 3373 1453 3467 pervenissent
1477 3372 1525 3447 ad
1550 3372 1759 3465 Iordanem,
1776 3373 1870 3446 Elias

705 3492 844 3587 aceepit
876 3491 1025 3586 pallium
1057 3512 1180 3585 suum,
1213 3498 1251 3568 et
1283 3513 1370 3567 cum
1402 3493 1462 3567 iilo
1496 3491 1661 3567 involuto
1693 3492 1873 3588 percussit

704 3631 820 3705 aquas
845 3631 929 3705 quae
954 3610 1076 3684 divisae
1101 3618 1197 3706 sunt,
1223 3618 1260 3686 et
1293 3612 1538 3687 transiverunt
1569 3614 1680 3687 ambo
1709 3631 1775 3708 per
1800 3613 1872 3687 sic·

704 3752 802 3807 cum.
835 3733 927 3807 Cum
966 3739 1092 3807 autem
1130 3733 1353 3826 transissent,
1386 3733 1480 3808 Elias
1514 3733 1603 3807 dixit
1635 3733 1775 3808 Eiiseo:
1806 3751 1871 3828 po-

704 3852 797 3926 stula
824 3851 912 3946 quid
937 3852 991 3926 vis
1015 3874 1037 3926 a
1063 3871 1124 3926 me
1148 3857 1346 3946 antequam
1378 3853 1484 3928 tollar
1513 3873 1535 3928 a
1563 3859 1609 3929 te.
1637 3853 1704 3928 Cui
1730 3852 1869 3928 Eliseus

702 3972 808 4047 dixit:
835 3993 927 4068 rogo
952 3972 1050 4067 quod
1075 3972 1220 4068 spiritus
1246 3979 1333 4047 tuus
1349 3973 1582 4068 propheticus
1606 3973 1811 4067 duplioetur
1832 3973 1869 4046 in

703 4113 774 4170 me.
801 4093 894 4168 Cum
921 4113 1010 4188 ergo
1031 4093 1082 4168 sio
1098 4092 1204 4188 irent,
1225 4100 1262 4168 et
1278 4093 1400 4168 eundo
1417 4094 1764 4187 sermocinarentur,
1782 4113 1869 4169 ecee

703 4236 836 4291 currus
869 4214 999 4311 igneus
1032 4220 1069 4289 et
1102 4214 1188 4308 equi
1222 4212 1317 4310 ignei
1350 4213 1551 4289 diviserunt
1583 4221 1798 4308 utrumque,
1831 4220 1869 4286 et

762 4450 791 4514 (¹)
807 4451 837 4502 Ε.
854 4450 992 4502 ascendens
1007 4451 1140 4502 verticem.
1388 4451 1415 4516 (ἢ
1432 4453 1463 4504 E.
1479 4453 1604 4516 precipit

761 4527 788 4588 (¹)
805 4533 860 4588 iit,
877 4531 935 4578 tuor
946 4528 1130 4592 quinquaginta
1141 4529 1245 4589 milites,
1255 4535 1282 4582 et
1292 4530 1388 4581 statim.
1398 4557 1427 4567 -
1437 4531 1467 4580 E.
1477 4535 1503 4582 et
1513 4535 1583 4592 tuos:
1592 4528 1661 4593 qnod
1672 4527 1758 4578 statim
1768 4527 1868 4578 iactum

699 4607 752 4654 eat:
769 4618 822 4667 qno
839 4603 908 4654 sacto
925 4617 970 4654 τοι
987 4604 1040 4667 ipsa
1056 4607 1151 4655 iterum
1168 4606 1247 4657 misit.
1388 4607 1416 4668 (¹)
1433 4607 1459 4658 S.
1476 4619 1491 4656 a
1508 4612 1562 4667 m,
1579 4609 1684 4658 iterum.

759 4678 787 4742 (¹)
804 4679 835 4729 B.
852 4679 933 4729 adium
949 4693 1009 4730 enm
1034 4680 1090 4731 aliis
1105 4681 1299 4746 quinquaginta,
1316 4683 1361 4747 qui
1377 4683 1493 4734 ridentes
1514 4683 1607 4744 liliam,
1626 4682 1760 4734 flectentes
1783 4693 1866 4746 genua

698 4769 744 4806 sua
760 4769 850 4806 eoram
867 4755 932 4815 Elia,
949 4761 975 4806 et
991 4757 1044 4807 dux
1061 4759 1114 4820 ipsa
1130 4760 1231 4823 rogarit
1247 4759 1331 4810 Ellam
1348 4765 1377 4810 ut
1394 4761 1569 4811 misereretur.

760 4831 787 4891 (¹)
803 4831 833 4880 Ε.
849 4831 987 4883 ochoziam
1004 4836 1156 4897 regemunt
1172 4837 1331 4888 denuntiarit
1346 4837 1466 4888 :imiliter
1476 4843 1589 4888 mortem
1605 4841 1632 4888 et
1643 4837 1867 4886 aicmortuurart.

699 4909 733 4960 Et
749 4909 865 4972 regnarit
881 4913 939 4972 pos:
953 4923 1014 4960 eum
1030 4911 1121 4962 loram
1137 4912 1218 4963 irater
1234 4914 1297 4974 eins,
1315 4914 1375 4978 qnia
1391 4927 1443 4964 uon
1459 4913 1569 4965 habam
1584 4913 1677 4964 ditum.

762 4983 789 5045 F)
805 4985 841 5036 La
858 4986 947 5048 peroio
962 4986 1025 5037 irai
1041 4987 1092 5039 duo
1107 4989 1241 5040 mtariaehi
1256 5003 1302 5042 rou
1319 4991 1431 5054 supputo·
1447 4989 1488 5042 dai
1503 4989 1591 5042 Codici
1608 4987 1653 5042 iit
1669 5003 1685 5040 a
1701 4988 1816 5039 Retenta

761 5059 790 5124 (¹)
807 5061 838 5111 B.
853 5065 982 5114 :tetamnt
996 5077 1010 5114 ι
1026 5065 1112 5130 longe.
