4606 6840
720 935 858 991 CANTUS
882 935 1072 992 VlGESfflUS
1095 937 1262 1004 Qumrus.
1510 927 1581 992 229

412 1089 492 1158 erat
516 1083 629 1156 homo
653 1081 798 1155 divinus
814 1073 862 1175 (¹),
888 1081 963 1155 imo
987 1103 1053 1177 pro
1074 1084 1151 1158 Deo
1177 1083 1321 1157 habitus
1346 1084 1435 1158 dum
1463 1083 1584 1158 adhuc

410 1203 561 1278 viveret.
589 1202 674 1276 ideo
700 1203 826 1275 volens
851 1203 1007 1278 transire
1038 1204 1085 1278 ad
1116 1205 1252 1279 Cacum
1280 1204 1357 1278 linit
1386 1212 1582 1280 tractatum

411 1323 557 1415 vannis,
583 1321 728 1397 dicens:
754 1325 786 1394 ei
813 1342 875 1394 sen
905 1315 1018 1415 suppl,
1048 1324 1182 1398 scilicet
1209 1325 1268 1398 ille
1301 1326 1464 1419 Vannes;
1496 1345 1582 1398 nam

411 1442 601 1538 proprium
627 1448 682 1515 est
708 1441 834 1515 iurum
860 1442 1000 1538 lugere,
1034 1442 1115 1517 ideo
1143 1444 1227 1518 dicit
1254 1444 1352 1538 quod
1377 1445 1482 1540 fugit,
1510 1465 1582 1519 nou

413 1563 511 1657 quod
537 1561 696 1654 recessit,
722 1563 772 1634 cn
786 1565 819 1635 el
841 1583 913 1636 non
935 1555 1043 1655 porto
1062 1559 1125 1656 piri
1152 1565 1269 1655 verbo,
1293 1563 1428 1638 scilicet
1452 1572 1581 1640 contra

411 1685 530 1759 Deum
550 1671 617 1758 ne'c
633 1682 834 1757 nobiscum.
849 1691 954 1758 -Et
967 1689 1013 1758 io.
1033 1685 1136 1758 Nunc
1154 1693 1263 1759 autor
1280 1685 1450 1760 describit
1465 1685 1580 1759 alium

411 1805 604 1897 antiquum
630 1804 751 1877 iurem
778 1804 959 1879 ramosum
992 1806 1039 1880 de
1072 1806 1202 1880 eadem
1237 1807 1366 1901 specie.
1397 1805 1449 1878 Ad
1475 1805 1581 1880 cuius

412 1925 657 2021 cognitionem
691 1931 836 2018 oportet
867 1926 1037 2019 praescire
1053 1918 1101 2018 (²),
1128 1925 1226 2019 quod
1252 1945 1382 1999 omnes
1407 1926 1579 2019 praecipui

412 2051 527 2140 poctae
564 2043 729 2117 scribunt
765 2043 811 2118 de
843 2045 911 2119 isto
943 2045 1134 2120 maledicto
1168 2045 1275 2138 Caco,
1309 2051 1346 2118 et
1378 2045 1579 2139 praesertim

412 2165 582 2262 Virgilius
607 2166 735 2259 pulcre
760 2171 797 2239 et
822 2167 980 2260 prolixe3
1003 2175 1137 2259 tamen,
1155 2167 1297 2240 omissis
1316 2166 1444 2240 tabulis
1461 2165 1580 2239 omnis

411 2293 541 2382 poeta,
579 2285 680 2358 Titus
718 2286 840 2359 Livius
877 2287 1043 2381 princeps
1081 2287 1337 2360 historicorum
1372 2284 1582 2381 perstringit

412 2409 505 2481 hanc
543 2425 623 2480 rem
653 2405 816 2480 breviter
844 2413 882 2480 et
913 2407 1061 2503 egregie
1091 2407 1183 2481 libro
1212 2407 1332 2502 primo
1364 2407 1411 2480 ab
1441 2406 1582 2502 origine

413 2527 514 2601 urbis
539 2527 637 2601 circa
662 2527 891 2622 principium.
919 2528 1049 2602 Scribit
1065 2529 1163 2604 enim
1182 2529 1279 2623 quod
1298 2529 1473 2603 Hercules
1489 2528 1579 2602 dum

414 2653 663 2722 reverteretur
688 2648 805 2722 victor
829 2647 875 2722 de
900 2647 1067 2743 Hispania
1089 2656 1171 2744 post
1191 2650 1379 2724 victoriam
1403 2649 1580 2743 uertens,

411 2767 557 2862 dequo
583 2767 852 2862 plenedictum
879 2775 934 2842 est
958 2789 1070 2864 supra
1101 2770 1259 2864 capitulo
1289 2771 1393 2863 livii,
1423 2768 1581 2843 ducebat

411 2907 538 2962 secum
564 2889 680 2963 multa
706 2894 743 2964 et
768 2889 895 2983 pulcra
921 2895 1100 2984 armenta,
1128 2900 1164 2965 et
1192 2909 1279 2964 cum
1310 2891 1489 2964 transiens
1514 2910 1580 2984 per

410 3009 548 3085 ltaliam
574 3010 799 3105 pervenisset
822 3009 868 3084 ad
885 3001 1033 3084 ‘radices
1048 3001 1083 3101 (³)
1109 3009 1241 3085 montis
1257 3010 1435 3102 Aventini,
1452 3015 1580 3103 captus

409 3129 621 3204 amoenitate
647 3129 726 3224 loci,
752 3130 867 3204 voluit
883 3149 1015 3224 parum
1034 3129 1267 3224 requiescere
1287 3130 1346 3204 ibi.
1365 3131 1467 3204 Tunc
1484 3141 1579 3206 tem-

409 3251 508 3345 poris
532 3257 613 3324 erat
638 3249 786 3344 quidam
813 3249 975 3323 ramosus
1000 3255 1037 3323 et
1061 3247 1316 3324 formidolosus
1330 3240 1366 3343 (⁸)
1391 3251 1485 3325 latro
1510 3271 1580 3324 no·

409 3371 510 3445 mine
535 3369 662 3464 Cacus,
688 3371 825 3444 habens
851 3370 1061 3466 speluncam
1095 3391 1200 3444 suam
1233 3369 1270 3444 in
1301 3375 1427 3445 monte
1457 3369 1578 3445 Aven-

408 3493 497 3587 tino,
515 3491 578 3586 qui
603 3496 683 3566 erat
704 3491 854 3566 infestus
870 3491 1040 3566 omnibus
1057 3491 1373 3588 praetereuntibus,
1392 3503 1428 3568 et
1446 3493 1580 3566 multas

410 3621 446 3688 et
473 3633 625 3710 magnas
650 3612 791 3708 praedes
815 3612 972 3688 ducebat
996 3612 1044 3688 ad
1068 3613 1299 3709 speluncam3
1322 3612 1385 3687 sed
1403 3613 1488 3708 quia
1512 3635 1581 3688 no-

411 3757 496 3810 men
522 3733 686 3809 Herculis
712 3740 792 3808 erat
817 3734 978 3809 terribile
1003 3741 1040 3808 et
1064 3734 1143 3830 jem
1171 3736 1397 3809 celebratum
1428 3734 1580 3829 ubique,

410 3857 525 3931 Cacus
550 3877 624 3930 non
649 3875 762 3928 ausus
786 3855 840 3928 uti
870 3855 917 3948 vi,
947 3855 1210 3948 fraudulenter,
1243 3856 1354 3929 etde
1383 3867 1490 3933 nocte
1522 3857 1580 3929 iu-

410 3983 512 4050 ratus
543 3981 598 4050 est
627 3975 767 4070 aliquas
787 3967 823 4067 (⁶)
856 3973 979 4065 boves,
1011 3993 1104 4066 quas
1134 3974 1180 4047 ad
1210 3975 1402 4049 celandum
1437 3976 1577 4048 lurtum

410 4095 520 4171 trarit
545 4117 611 4190 per
627 4095 763 4170 caudas
780 4095 817 4168 in
835 4093 1057 4188 speluncam.
1076 4095 1181 4167 Mane
1196 4083 1232 4186 (θ)
1255 4093 1363 4187 iacto,
1381 4115 1466 4168 cum
1485 4097 1578 4169 Her·

409 4219 511 4293 cules
535 4216 717 4292 revideret
743 4237 853 4288 sunm
879 4225 1102 4310 armentum,
1129 4215 1254 4289 videns
1277 4214 1390 4288 boves
1408 4215 1579 4289 meliores

408 4337 577 4433 deiicere,
603 4337 713 4433 coepit
742 4336 904 4430 undique
934 4357 1115 4431 quaerere,
1146 4356 1213 4411 nee
1238 4326 1448 4431 aliquaml⁷i
1475 4337 1579 4410 inve-

410 4459 542 4554 niebat
569 4459 632 4533 sed
656 4459 775 4533 solum
806 4457 958 4553 vestigia
990 4467 1208 4532 retroversa.
1235 4457 1372 4531 Putans
1398 4477 1488 4555 ergo
1522 4459 1578 4533 lo-

364 4639 369 4652 .
409 4597 495 4652 cum
506 4567 544 4670 (⁸)
561 4598 643 4653 esse
667 4579 734 4652 sibi
759 4578 944 4673 infestum,
961 4576 1190 4674 indignanter
1215 4579 1326 4672 coepit
1352 4579 1525 4654 recedere
1540 4569 1577 4672 (⁹)

472 4847 500 4908 (¹)
516 4845 547 4896 E.
564 4845 665 4896 (lirinus
681 4857 729 4910 pro
745 4847 800 4896 uso
816 4847 925 4908 hautun,
942 4849 1023 4898 immo
1038 4851 1065 4896 ot
1081 4847 1203 4896 udontm
1218 4845 1281 4897 ‹lurn
1298 4845 1383 4896 adhuc
1399 4847 1506 4896 rivaret.

472 4920 500 4984 (¹)
518 4925 571 4981 lto,
588 4921 664 4972 scire.
905 4921 932 4984 θ)
948 4925 1002 4982 tro,
1019 4919 1141 4971 radicem.
1326 4919 1352 4982 (il
1368 4919 1393 4970 S.
1410 4921 1576 4972 torminosos.

471 4999 498 5058 (¹)
515 5001 568 5056 mo,
579 4995 678 5061 aliquos
689 4997 775 5058 bores,
786 5011 859 5061 quot.
902 4997 930 5061 (⁸)
947 4999 977 5049 ll.
996 4997 1072 5050 lione
1088 5003 1176 5048 autom
1193 4996 1271 5048 iacto.
1323 4995 1350 5062 (a)
1367 5001 1421 5059 ilo,
1440 4997 1560 5062 uliquem.

472 5073 499 5136 (⁸)
516 5073 667 5136 liniacum
678 5073 725 5125 sibl
736 5073 866 5127 iniustum.
904 5073 931 5136 θ)
949 5075 979 5126 E.
996 5073 1125 5125 incedes.
