4534 6842
795 920 933 976 CANTUS
956 920 1147 976 vlumus
1170 921 1331 976 TERTIUS.
1573 909 1642 974 175

476 1085 546 1165 gns
571 1065 618 1140 de
646 1063 797 1158 nudato,
822 1063 910 1140 civis
941 1064 1183 1159 bononiensis,
1213 1063 1400 1140 Guamons
1425 1063 1473 1138 de
1497 1063 1645 1138 Caecia-

475 1185 616 1262 nimicis
640 1184 686 1260 de
711 1183 884 1278 Bononia,
915 1184 1118 1280 Raynerins
1143 1184 1190 1260 de
1214 1182 1400 1258 Adalardis
1424 1183 1471 1258 de
1495 1183 1644 1278 llntinn,

475 1313 512 1382 et
536 1306 661 1402 plnres
685 1304 807 1380 allide
824 1304 1029 1380 civitatibus
1054 1304 1272 1380 eorumdem
1298 1305 1523 1401 congregati,
1550 1305 1644 1381 inter

475 1448 515 1504 se
548 1426 673 1502 habito
703 1424 884 1519 colloquio
918 1430 956 1500 et
987 1425 1134 1500 consilio
1168 1425 1464 1520 supplicaverunt
1497 1425 1645 1500 Urbano

475 1567 578 1642 papre
615 1552 749 1639 quarto
785 1551 968 1639 quatenns
998 1545 1213 1642 dignaretur
1245 1544 1384 1620 donare
1417 1545 1468 1619 eis
1500 1551 1643 1620 certum

474 1665 640 1742 ordinem
667 1670 705 1740 et
729 1665 906 1758 habitum,
931 1665 1001 1740 sub
1027 1686 1102 1759 qno
1128 1670 1273 1759 possent
1306 1664 1433 1742 vivere
1462 1665 1577 1740 libere
1609 1665 1646 1738 in

475 1785 609 1880 quiete,
636 1785 673 1858 in
698 1785 773 1860 otio
790 1791 924 1860 sanctae
941 1784 1264 1880 contemplationis.
1286 1784 1454 1872 Quorum
1474 1784 1645 1880 precibus

477 1906 644 1980 Urbanus
675 1905 980 2000 condescendens,
1006 1905 1193 1980 constitnit
1217 1905 1269 1980 eis
1294 1904 1473 2000 ordinem,
1500 1905 1563 1999 qni
1589 1905 1646 1979 in-

477 2024 640 2100 titulatus
664 2032 719 2100 est
744 2024 835 2100 ordo
856 2025 991 2101 militiae
1013 2025 1130 2100 beutae
1147 2025 1268 2100 Mariae
1285 2023 1440 2122 Virginis
1457 2025 1646 2122 gloriosae3

476 2149 513 2218 et
536 2143 634 2221 dedit
658 2145 710 2220 eis
739 2150 878 2220 certam
915 2145 1082 2241 regulam
1113 2165 1200 2218 cnm
1232 2145 1355 2218 multis
1388 2146 1576 2240 praeceptis
1609 2151 1646 2222 et

476 2263 725 2358 observantiis,
744 2264 881 2340 scilicet
897 2265 996 2358 quod
1013 2265 1153 2340 ferrent
1169 2265 1288 2340 lroenn
1310 2285 1442 2340 eorum
1457 2259 1493 2357 (¹)
1517 2272 1554 2340 et
1571 2266 1647 2339 cal·

475 2383 575 2460 caria
600 2384 785 2478 simplicia,
812 2404 885 2459 nun
909 2383 1099 2478 deaurata,
1124 2404 1198 2458 non
1223 2383 1472 2480 deargentata,
1493 2385 1592 2480 qnod
1606 2376 1644 2476 (¹)

476 2523 550 2577 non
575 2503 670 2578 irent
694 2503 742 2578 ad
765 2502 932 2580 convivia
957 2504 1191 2580 saecularinm
1218 2523 1472 2599 personarum,
1490 2525 1558 2580 nec
1582 2504 1648 2579 do-

479 2630 612 2698 narent
638 2623 884 2717 histrionibus,
910 2643 977 2698 nec
998 2623 1093 2698 irent
1109 2623 1186 2698 sine
1206 2623 1316 2717 socio,
1336 2624 1462 2718 fratre,
1483 2625 1539 2698 vel
1558 2644 1647 2698 con-

477 2748 590 2836 sorte,
615 2743 673 2817 vel
699 2742 770 2818 alia
794 2763 950 2839 persona
975 2745 1148 2837 honesta5
1179 2751 1216 2820 et
1246 2744 1296 2818 ita
1324 2743 1371 2818 de
1402 2743 1536 2838 multis,
1562 2765 1647 2838 qum

479 2869 555 2938 tam
581 2863 707 2938 inutile
731 2883 844 2957 qnam
866 2864 1018 2959 longum
1036 2869 1131 2938 esset
1147 2881 1343 2958 enarrare3
1360 2863 1457 2939 dedit
1474 2864 1527 2939 eis
1543 2864 1647 2938 habi-

477 2989 556 3056 tum
589 2982 762 3078 nobilem,
795 2983 858 3077 qni
896 2984 1006 3058 habet
1044 3003 1216 3078 magnam
1249 2983 1522 3058 similitudinem
1557 3005 1646 3059 cnm

475 3102 601 3178 habitu
628 3101 932 3196 predicatorum
958 3109 996 3178 et
1020 3123 1088 3197 pru
1120 3102 1273 3198 insignio
1298 3109 1446 3177 scutum
1478 3103 1550 3178 albi
1582 3124 1663 3199 ⁰⁰2

474 3221 561 3297 loris
577 3242 664 3296 cnm
682 3241 796 3296 cruce
817 3223 944 3298 rubea.
970 3222 1025 3297 Ad
1049 3222 1276 3318 propositum
1301 3242 1410 3320 ergo:
1437 3223 1522 3298 dicit
1546 3243 1644 3298 nnus

476 3341 630 3416 istorum
662 3341 842 3414 fratrum:
874 3345 936 3416 troi
960 3347 1110 3436 mmmm
1135 3350 1172 3418 et
1207 3342 1323 3417 ntitnr
1354 3342 1498 3440 vulgari
1530 3343 1647 3418 buno-

477 3460 603 3555 niensi,
624 3464 715 3554 frati
754 3463 910 3536 Godenti.
945 3463 989 3536 Et
1018 3462 1077 3538 tric
1114 3469 1211 3557 nuta,
1244 3463 1343 3556 qnod
1381 3462 1448 3538 iste
1480 3462 1648 3538 denomi-

476 3586 540 3654 nat
553 3569 591 3672 (³)
626 3581 794 3656 ordinem
829 3601 940 3658 sunm
965 3603 987 3658 a
1013 3583 1193 3659 vocabulo
1223 3583 1354 3658 notiori
1388 3589 1426 3658 et
1457 3583 1646 3660 usitatiori.

476 3699 568 3774 llam
593 3721 617 3774 a
641 3699 817 3797 principio
843 3701 947 3776 multi
974 3701 1137 3778 ridentes
1162 3703 1320 3778 sormam
1346 3702 1491 3778 habitus
1508 3705 1647 3800 nobilis,

477 3825 515 3892 et
540 3819 752 3913 qualitatem
778 3820 873 3915 ritae,
899 3821 986 3915 qnia
1011 3821 1147 3898 scilicet
1171 3823 1249 3898 sine
1274 3823 1401 3898 labore
1433 3813 1645 3918 vitabantl‘)

478 3957 593 4014 onera
618 3945 656 4015 et
679 3942 895 4037 gravamina
919 3943 1074 4037 publica,
1092 3949 1129 4018 et
1146 3943 1330 4038 splendide
1348 3945 1592 4038 epulabantur
1610 3946 1646 4020 in

478 4056 564 4153 otio,
590 4067 781 4154 coepernnt
809 4061 954 4140 dicere:
983 4063 1116 4151 Quales
1150 4064 1282 4140 tratres
1313 4071 1399 4138 sunt
1432 4064 1516 4138 istit
1546 4073 1648 4142 certe

477 4185 563 4254 sunt
592 4179 723 4256 iratres
759 4183 970 4278 gaudentes
997 4184 1051 4258 Ex
1081 4185 1150 4258 troc
1163 4176 1200 4276 (⁶)
1232 4183 1391 4278 inolevit,
1424 4195 1467 4262 nt
1497 4185 1549 4260 sic
1580 4207 1648 4262 vo-

477 4306 608 4376 centur
625 4301 737 4398 rnlgo
755 4302 928 4396 usquein
947 4303 1161 4378 hodiernam
1188 4302 1298 4399 diem,
1315 4325 1401 4379 cum
1420 4312 1544 4380 tamen
1560 4328 1649 4402 pro-

476 4418 556 4513 prio
573 4420 753 4496 vocabulo
770 4428 992 4496 vocarentur
1010 4422 1142 4498 milites
1163 4415 1386 4516 llominae(⁶).
1410 4423 1512 4499 Dicto
1531 4426 1595 4519 qui
1610 4418 1646 4520 (⁷)

477 4537 638 4635 luerunt,
663 4541 748 4617 dicit
778 4541 875 4618 unde
906 4541 1055 4617 fuerunt
1069 4533 1119 4638 (⁸),
1155 4563 1241 4618 cum
1272 4544 1380 4620 dicit:
1410 4567 1431 4619 e
1459 4546 1647 4640 dotopaesi.

477 4658 547 4734 lste
571 4659 669 4736 enim
696 4661 787 4738 urdo
811 4662 923 4738 habet
948 4669 1119 4758 caputet
1144 4663 1423 4744 tundamentum
1449 4667 1647 4764 Bononiae3

539 4873 567 4982 (ἰ)
584 4876 614 4927 n
630 4889 723 4928 eorum
739 4877 874 4944 rimpllcir.
1052 4877 1080 4943 Γ)
1096 4880 1127 4931 lt.
1144 4885 1171 4932 et
1187 4881 1258 4946 qnod
1273 4895 1334 4932 non.
1406 4881 1433 4944 θ)
1451 4885 1504 4940 lte,
1522 4884 1645 4936 nominat.

540 4955 568 5092 {¹}
582 4951 609 5080 ἓ.
624 4953 859 5084 mgentem
874 5033 973 5086 Maria.
1050 4955 1079 5096 g
1093 4957 1399 5100 ammixtum
1405 4963 1508 5098 &attat
1519 4961 1630 5086 :ritem
