4580 6844
734 939 808 1007 ott
1130 951 1337 1010 couearurt
1359 955 1512 1010 menam
1541 963 1544 970 ·

735 1098 786 1174 tia
811 1105 849 1172 ct
874 1095 1022 1191 malitia,
1039 1115 1154 1191 quam
1175 1099 1283 1192 plano
1308 1119 1375 1174 ore
1398 1106 1437 1174 ct
1465 1105 1594 1194 aperto
1617 1096 1747 1174 effudit
1770 1103 1907 1175 secun·

735 1217 824 1292 dum
851 1217 950 1311 qnod
979 1215 1066 1291 dicit
1094 1216 1289 1294 Horatius:
1317 1221 1491 1291 antemna
1520 1225 1573 1290 art
1599 1219 1668 1292 nisi
1683 1239 1769 1310 ,aaa
1796 1221 1908 1311 qnod·

733 1357 877 1429 cumquc
899 1338 1068 1431 aranda,
1093 1338 1226 1412 occant
1253 1337 1339 1412 ldeo
1363 1337 1460 1413 hene
1483 1337 1606 1415 subdit
1629 1338 1730 1432 quod
1754 1359 1802 1414 ex
1827 1345 1903 1414 tam

736 1457 857 1551 inepta
881 1455 1040 1531 scissura
1069 1457 1295 1551 apparebant
1326 1457 1483 1552 turpiter
1513 1457 1638 1533 omnia
1669 1454 1905 1552 interioradl,

734 1576 877 1651 dicens:
903 1579 936 1649 lc
958 1579 1126 1670 mommo,
1160 1576 1264 1671 idest,
1294 1577 1448 1672 viscera,
1473 1578 1532 1652 vel
1564 1577 1745 1672 intestina,
1771 1581 1906 1670 pende-

734 1717 806 1770 eoo
829 1703 890 1770 tro
911 1699 945 1769 le
969 1698 1105 1788 pambo,
1127 1703 1164 1772 et
1188 1697 1282 1791 ideo,
1299 1699 1336 1771 lo
1359 1705 1501 1789 corato,
1530 1696 1625 1772 sicut
1649 1717 1726 1792 eor,
1751 1689 1904 1793 epar(¹),

731 1817 836 1913 splen
860 1816 1017 1893 invicem
1041 1817 1164 1913 ligata,
1175 1837 1329 1910 miano,
1345 1817 1448 1912 idest,
1465 1819 1666 1913 apparebat
1679 1809 1729 1912 (³),
1754 1823 1788 1892 el
1804 1823 1905 1894 ouo

731 1957 848 2028 roceo,
879 1937 1025 2031 scilicet,
1050 1937 1273 2031 stomachus,
1297 1939 1358 2010 cte
1387 1942 1430 2031 so
1459 1939 1584 2011 merda
1615 1940 1757 2029 dique!
1784 1941 1847 2012 che
1869 1942 1904 2012 si

731 2060 939 2149 honpopto:
964 2056 1065 2150 idest,
1086 2055 1133 2132 de
1156 2055 1239 2131 ciho
1256 2056 1320 2149 qui
1336 2055 1549 2152 deglutitur.
1568 2056 1785 2132 Stomachus
1802 2055 1901 2132 enim

734 2182 924 2271 tamquam
950 2177 1050 2251 lohes
1074 2176 1246 2270 decoquit
1270 2175 1395 2252 cibum
1419 2181 1632 2270 acceptum·
1652 2182 1689 2252 et
1713 2175 1903 2270 puriorem

733 2304 875 2393 partem
893 2295 1103 2370 transmittit
1118 2294 1166 2369 ad
1182 2313 1283 2390 epar,
1300 2295 1591 2389 superfluitatem
1612 2314 1703 2370 vero
1720 2296 1905 2374 trasmittit

732 2415 779 2492 ad
808 2415 987 2491 intestina.
1018 2415 1062 2491 Et
1090 2413 1149 2488 hic
1180 2423 1267 2491 nota
1298 2413 1398 2508 quod
1430 2421 1541 2489 autor
1572 2421 1707 2510 noster,
1733 2415 1819 2490 lioet
1849 2415 1905 2490 vi·

733 2535 864 2608 deatur
890 2534 990 2628 loqui
1010 2522 1046 2626 (⁸)
1073 2533 1133 2608 hio
1158 2532 1280 2608 minus
1305 2534 1469 2627 nonen,
1495 2539 1620 2608 mmen
1653 2534 1760 2608 valde
1784 2533 1901 2608 suhti·

733 2654 816 2728 liter
841 2661 879 2728 et
901 2653 1040 2749 pulcre.
1068 2652 1153 2730 Vult
1182 2653 1282 2727 enim
1312 2672 1378 2746 per
1410 2653 1480 2728 hoc
1503 2654 1594 2727 dare
1618 2653 1781 2750 intelligi,
1805 2654 1905 2749 quod

732 2773 852 2848 omnis
876 2773 980 2848 cibus
1006 2773 1069 2868 qui
1094 2773 1242 2850 intravit
1266 2792 1333 2866 per
1356 2792 1399 2846 os
1424 2773 1461 2846 in
1486 2781 1654 2850 ventrem
1675 2773 1790 2868 istius,
1814 2794 1905 2850 con·

734 2913 863 2970 versus
889 2900 945 2968 est
970 2899 1068 2968 totus
1093 2893 1129 2966 in
1149 2892 1312 2967 ioetidam
1333 2892 1478 2987 laeoem3
1496 2892 1584 2987 quia
1602 2893 1721 2968 omnis
1737 2893 1903 2970 doctrina

732 3035 817 3108 quae
842 3013 991 3088 intravit
1014 3013 1181 3087 animum
1199 3011 1280 3087 eius
1297 3011 1469 3106 produxit
1489 3033 1657 3088 errorem
1675 3013 1900 3108 horribilem,

729 3155 806 3230 quo
832 3141 950 3209 totum
976 3133 1055 3209 lere
1079 3132 1260 3207 mundum
1281 3131 1409 3228 polluit
1425 3138 1462 3206 et
1479 3131 1609 3208 iniecit
1628 3133 1692 3208 llic
1707 3132 1805 3208 enim
1828 3133 1899 3212 itu·

730 3255 894 3352 pudicus,
918 3253 1077 3346 adulter,
1102 3259 1145 3326 ut
1171 3254 1333 3328 traheret
1357 3251 1405 3327 ad
1434 3273 1475 3328 se
1504 3252 1776 3328 multitudinem
1808 3253 1902 3330 laxi-

730 3378 891 3450 vientcm
918 3365 968 3466 (ὅ),
1000 3393 1086 3468 quae
1121 3371 1290 3464 sequitur
1316 3371 1532 3466 voluptates,
1564 3371 1730 3446 iundavit
1760 3378 1899 3450 sectam

730 3505 837 3570 stram
869 3493 907 3567 in
939 3492 1051 3568 rohos
1083 3490 1291 3584 inhonestis,
1323 3490 1567 3585 permittendo
1598 3493 1735 3566 multas
1764 3512 1901 3568 uxores

730 3615 790 3690 vel
807 3612 1029 3688 concubinas
1046 3615 1230 3706 quotquot
1245 3610 1391 3704 vedent,
1409 3629 1482 3684 non
1500 3611 1620 3684 solum
1638 3619 1766 3688 contra
1792 3611 1901 3688 iidem

730 3733 964 3809 christianam
991 3737 1029 3806 et
1044 3731 1165 3825 legem
1182 3729 1446 3824 evangelicam,
1463 3729 1526 3804 sed
1544 3729 1653 3805 ctiam
1671 3737 1801 3806 contra
1821 3732 1902 3827 phi-

731 3841 970 3948 losophum(⁶)
998 3857 1036 3925 et
1061 3855 1190 3924 contra
1215 3850 1315 3944 leges
1340 3869 1569 3945 paganorum
1596 3870 1838 3926 romanorum
1863 3857 1902 3926 et

729 3993 952 4072 gracorum,
977 3990 1145 4046 asserens
1171 3968 1270 4064 quod
1287 3974 1476 4044 servantes
1495 3969 1614 4065 legem
1634 3991 1756 4065 suam,
1773 3971 1811 4046 in
1831 3973 1901 4046 Pa·

730 4095 851 4172 radiso
874 4093 1088 4169 deliciarum
1106 4091 1320 4166 fruerentur
1336 4089 1566 4185 amplexibus
1585 4090 1792 4185 puellarum
1812 4111 1899 4167 cum

729 4216 874 4310 vellent,
900 4221 938 4288 et
966 4212 1083 4287 multa
1101 4201 1138 4303 (⁷)
1165 4210 1261 4284 talia.
1279 4247 1330 4264 -
1346 4214 1491 4284 Menoe
1515 4209 1581 4284 llic
1610 4217 1720 4285 autor
1743 4211 1901 4286 ostendit

725 4335 915 4432 quomodo
932 4332 1182 4409 lllaoomethus
1198 4335 1276 4406 met
1292 4329 1528 4424 explicaverit
1550 4328 1616 4404 sihi
1642 4330 1800 4406 lormam
1820 4345 1899 4404 suae

728 4473 859 4551 poenae,
883 4452 1030 4527 dicens:
1071 4460 1109 4526 ct
1146 4447 1205 4522 illc
1239 4448 1500 4543 hlacomethus,
1532 4451 1733 4540 mrordomi,
1765 4455 1900 4523 marthe

728 4577 788 4648 olto
803 4578 840 4646 'n
856 4577 904 4646 lai
920 4573 1025 4644 aeder
1048 4575 1133 4643 tulto
1148 4570 1194 4640 m'
1206 4575 1354 4661 ottocco,
1371 4568 1463 4643 idest
1478 4568 1567 4642 dum
1586 4574 1704 4643 totum
1730 4568 1899 4643 animum
1989 4613 1993 4622 ·

790 4839 819 4902 ι’)
836 4839 1014 4899 rravnaen.
1266 4836 1293 4898 rt
1310 4837 1716 4900 tentamentorum.

791 4917 819 4981 (Ἴ
835 4920 882 4968 trs
895 4929 913 4968 a
928 4915 959 4966 ll.
977 4913 1141 4979 apparabant.
1266 4913 1293 4977 (⁸)
1310 4915 1341 4966 lt
1357 4915 1428 4978 loqnl
1444 4915 1520 4965 nlmls
1535 4913 1679 4965 inhoneata

789 4992 864 5056 (⁸l1t.
882 4993 1065 5044 innittentem.
1263 4990 1292 5054 (⁸)
1308 4991 1339 5042 ll.
1356 4989 1545 5054 philosophiam
1560 4995 1587 5042 at
1603 4991 1681 5056 lapan

790 5071 817 5133 (lt
833 5069 864 5121 a
880 5069 964 5122 multa
979 5069 1029 5120 alia
1046 5070 1131 5135 turpia
1146 5073 1173 5120 et
1188 5067 1435 5118 abhomimhilin-
1446 5070 1552 5120 Matre.
