4550 6844
714 945 786 1014 tlt
1112 955 1314 1014 cormarcus
1339 956 1491 1014 mnsam

713 1122 867 1178 snorum
894 1099 1060 1198 pervenit
1074 1095 1112 1195 (¹)
1139 1101 1176 1177 in
1197 1102 1368 1178 Africam.
1388 1104 1490 1178 Tunc
1507 1103 1692 1199 Carthago
1708 1109 1746 1177 et
1767 1104 1885 1180 Roma

712 1219 973 1318 multiplicibus
998 1221 1244 1297 anxiabantur
1274 1221 1385 1316 curis,
1402 1221 1478 1297 imo
1498 1228 1536 1296 et
1560 1221 1638 1296 lere
1663 1227 1763 1296 totus
1787 1223 1887 1298 orbis

715 1339 930 1437 respiciebat
955 1342 1001 1417 ad
1027 1342 1139 1417 finem
1164 1342 1268 1417 istius
1292 1342 1389 1437 belli,
1408 1341 1495 1436 quia
1519 1341 1604 1416 duae
1628 1341 1887 1437 potentissime

713 1461 878 1538 civitates
903 1463 950 1538 de
980 1462 1136 1558 imperio
1164 1461 1265 1536 orbis
1294 1462 1495 1538 certabant.
1522 1463 1566 1536 Et
1600 1481 1686 1537 curn
1716 1461 1796 1558 jam
1830 1459 1888 1537 isti

713 1580 788 1655 dno
813 1583 1106 1660 excellentissimi
1129 1582 1243 1658 duces
1265 1581 1618 1678 appropinquassent
1640 1588 1772 1677 castra,
1788 1583 1890 1658 Han-

716 1699 813 1776 nibal
838 1702 916 1777 sive
941 1724 1008 1777 sno
1038 1709 1155 1796 motu,
1180 1690 1258 1778 'sire
1283 1703 1329 1778 de
1355 1702 1529 1778 mandato
1553 1701 1680 1798 patriae
1710 1703 1836 1798 petivit
1864 1723 1886 1778 a

714 1820 881 1916 Scipione
906 1823 1034 1898 venire
1058 1823 1105 1898 ad
1130 1822 1354 1918 colloquium
1380 1843 1525 1898 secum:
1547 1842 1623 1917 quo
1642 1822 1803 1917 obtento,
1821 1843 1887 1900 re-

714 1948 849 2017 nerunt
869 1943 981 2017 ambo
1006 1943 1044 2017 in
1068 1963 1242 2039 campum
1276 1944 1441 2038 planum,
1469 1949 1628 2038 uterque
1652 1961 1738 2018 cum
1772 1943 1886 2019 inter·-

713 2068 817 2156 prete
850 2082 919 2137 sno
943 2069 981 2138 et
1005 2063 1229 2138 exercitibus
1262 2063 1337 2138 suis
1366 2061 1530 2158 armatis,
1556 2061 1832 2157 expectantibus
1846 2053 1884 2154 (¹)

715 2180 798 2256 binc
822 2181 923 2277 inde3
940 2182 1005 2277 qul
1022 2182 1186 2258 videntes
1202 2183 1296 2258 alter
1317 2183 1476 2257 alterum
1502 2181 1645 2257 attoniti
1662 2188 1793 2256 mntna
1818 2181 1885 2256 ad-

714 2302 907 2377 miratione
939 2302 1151 2397 aliquandiu
1188 2307 1395 2377 tacuerunt.
1429 2303 1531 2376 Tunc
1557 2301 1745 2396 Hannibal,
1773 2308 1883 2397 rupto

714 2422 868 2516 silentio,
892 2422 1035 2517 primns
1061 2422 1171 2518 coepit
1196 2421 1308 2516 loqui,
1328 2432 1366 2500 et
1390 2423 1595 2498 orationem
1621 2423 1705 2499 lecit
1728 2441 1882 2518 gravam

715 2549 752 2618 et
785 2540 1044 2616 sententiosum
1078 2540 1197 2636 nimis,
1232 2549 1269 2617 et
1297 2541 1335 2616 iu
1365 2563 1512 2618 summa
1541 2549 1696 2616 conatus
1716 2547 1770 2616 est
1799 2559 1884 2637 per·-

714 2660 872 2735 suadere
896 2679 1026 2754 pacem
1052 2660 1219 2758 Scipioni,
1251 2660 1446 2736 ostendens
1470 2660 1519 2735 illi
1546 2661 1788 2736 mutationem
1808 2660 1885 2734 lor·

715 2787 813 2854 tunae
842 2780 1011 2875 exemplo
1035 2779 1093 2856 sui
1118 2788 1156 2856 et
1180 2781 1338 2856 aliorum
1364 2781 1514 2874 ducum,
1540 2785 1578 2854 et
1601 2787 1783 2874 quantum
1813 2799 1884 2876 pax

714 2906 810 2976 essct
826 2899 861 2974 ei
878 2905 958 2973 tnta
975 2906 1012 2974 et
1027 2899 1198 2996 gloriosa,
1218 2921 1303 2994 quse
1320 2898 1470 2975 toHebat
1481 2889 1518 2992 (³)
1536 2899 1660 2974 omnia
1677 2898 1884 2973 discrimina

673 3065 677 3076 ·
713 3020 817 3096 belli:
843 3025 882 3094 et
906 3021 1168 3102 commendans
1193 3019 1288 3094 illins
1308 3026 1413 3116 gesta
1438 3018 1654 3116 rogabat'ut
1678 3017 1885 3113 imponeret

713 3139 865 3216 modurn
883 3160 961 3214 sue
978 3139 1148 3234 felicitati,
1166 3145 1365 3234 antequam
1382 3140 1531 3215 fortuna
1553 3136 1682 3214 laniem
1709 3144 1882 3230 mutaret,

712 3269 749 3336 et
773 3262 810 3336 in
836 3260 1091 3336 florentissimo
1116 3265 1213 3334 statu
1239 3279 1367 3334 rerum
1388 3279 1543 3334 suarum
1562 3259 1761 3355 deponeret
1777 3277 1883 3333 arma

713 3379 888 3455 victricia.
906 3379 1037 3474 Scipio,
1058 3375 1190 3454 auditis
1214 3379 1336 3454 uerbis
1360 3378 1582 3472 Hannibalis,
1602 3378 1665 3473 qui
1691 3377 1885 3453 ridebatur

714 3521 804 3574 sane
832 3499 1036 3592 consulere,
1063 3498 1161 3573 dedit
1187 3519 1401 3593 responsum
1434 3499 1612 3593 asperius,
1644 3499 1730 3592 quia
1755 3497 1884 3572 crede-

712 3617 775 3693 bat
790 3616 1028 3692 Hannibalem
1044 3613 1145 3710 loqui
1161 3636 1235 3690 non
1251 3635 1380 3691 amore
1393 3614 1492 3712 pacis
1506 3635 1618 3708 quam
1633 3633 1779 3710 semper
1795 3613 1884 3689 ode-

713 3745 782 3832 rat,
806 3736 871 3812 sed
896 3736 1028 3812 timore
1048 3735 1144 3831 belli,
1162 3735 1284 3810 dicens
1304 3732 1403 3830 qnod
1423 3735 1502 3830 jam
1529 3741 1611 3809 erat
1635 3741 1759 3810 certus
1782 3733 1883 3829 quod

712 3857 892 3944 adventus
915 3855 1125 3930 Hannibalis
1149 3854 1317 3931 turbaret
1346 3875 1448 3950 spem
1478 3855 1588 3951 pacis,
1614 3854 1701 3948 quia
1729 3855 1807 3950 ipse
1838 3855 1885 3930 de

712 3975 978 4053 conditionibus
1002 3975 1100 4071 pacis
1126 3977 1243 4051 multa
1267 3975 1494 4070 detrahebat,
1521 3995 1590 4050 nec
1616 3971 1795 4050 ollerebut
1820 3993 1883 4050 rn-

712 4098 831 4172 manis
852 4096 919 4171 nisi
936 4096 1023 4170 illud
1049 4095 1148 4190 quod
1168 4097 1246 4192 jam
1267 4095 1418 4172 aulerre
1435 4117 1509 4171 non
1525 4101 1680 4191 poterat,
1702 4115 1883 4170 excusans

712 4235 886 4292 romanos
911 4223 948 4292 et
972 4235 1149 4292 accusans
1170 4237 1310 4312 poenos,
1328 4216 1427 4311 qnod
1452 4217 1489 4290 in
1515 4218 1584 4291 boc
1605 4215 1766 4291 secundo
1786 4215 1883 4289 bello

710 4337 845 4434 punico
863 4342 900 4412 et
920 4336 1053 4432 priore,
1071 4356 1194 4412 cause
1219 4337 1403 4412 malorum
1430 4336 1478 4411 ab
1502 4335 1571 4410 illis
1594 4341 1687 4409 ortae
1711 4339 1817 4410 erant
1830 4322 1881 4428 (⁴),

711 4477 878 4534 asserens
903 4476 944 4530 se
968 4456 1064 4529 bene
1079 4455 1174 4530 scire
1190 4454 1290 4549 quod
1306 4461 1386 4530 erat
1406 4457 1518 4530 bomo
1535 4453 1710 4546 mortalis,
1728 4459 1766 4527 et
1782 4451 1882 4545 quod

712 4576 837 4650 omnia
862 4593 947 4669 quse
965 4573 1099 4669 agebat
1118 4579 1226 4647 erant
1245 4574 1408 4668 exposita
1427 4574 1526 4649 mille
1541 4571 1687 4648 casibus
1704 4569 1881 4662 fortune,

713 4692 777 4766 sed
802 4690 983 4785 sperabat,
1009 4689 1109 4784 quod
1133 4690 1182 4765 dii
1207 4691 1332 4765 lavere
1352 4690 1528 4766 deberent
1547 4688 1762 4764 facientibus
1787 4687 1882 4763 bella

710 4811 820 4906 justa.
846 4809 890 4882 Ht
919 4809 1096 4884 conclusit
1120 4810 1220 4902 quod
1244 4810 1338 4884 sicut
1367 4808 1493 4884 luisset
1518 4805 1720 4904 superbum
1745 4825 1884 4905 negare

776 4997 802 5056 l'l
820 5000 875 5056 ¹¹⁸.
890 4997 1046 5060 tupsncnit.
1241 4994 1268 5059 (¹)
1285 4995 1315 5048 ll.
1332 4997 1514 5062 speotxntlbuc.

778 5073 804 5134 (b
821 5072 851 5123 ll.
867 5071 991 5125 solvebat.
1076 5089 1077 5094 ¹
1179 5127 1183 5132 ,
1240 5073 1266 5136 i'i
1284 5079 1338 5132 llll.
1355 5073 1467 5126 lucrant.
