4534 6842
1104 933 1308 990 consucvit
1333 931 1482 988 rmum

709 1304 874 1374 CANTUS
897 1305 1129 1374 VIGESIMUS
1154 1306 1387 1386 SECUNDUS,
1406 1309 1442 1372 in
1464 1311 1658 1390 pertractat
1680 1306 1718 1372 de
1740 1305 1873 1386 eisdem

780 1423 810 1484 et
831 1420 912 1483 sicut
935 1423 1094 1484 extructus
1116 1419 1180 1500 fuit
1207 1419 1336 1502 quidum
1363 1417 1571 1483 navarrensis
1593 1417 1632 1482 de
1646 1417 1720 1500 pice
1743 1417 1783 1482 ab
1812 1437 1874 1482 uno

780 1527 818 1594 de
839 1527 905 1594 iltis
927 1527 1127 1608 demonibus,
1144 1549 1212 1596 cum
1229 1550 1289 1612 quo
1303 1527 1402 1594 oculta
1419 1533 1672 1610 receptouenunt3
1696 1533 1725 1592 et
1748 1529 1785 1594 de
1799 1530 1875 1594 rixa

781 1639 871 1722 sueto
885 1660 950 1722 pro
973 1639 1054 1706 dicto
1076 1641 1266 1707 novamnsi
1286 1642 1370 1706 inter
1391 1659 1451 1718 eos,
1482 1643 1512 1704 et
1537 1640 1619 1704 ment
1638 1639 1724 1724 fund
1747 1638 1786 1705 de
1808 1661 1874 1706 ma·

781 1751 1011 1818 eumenem.

779 2051 856 2217 Io
878 2165 954 2218 vnn
976 2134 1037 2236 pid
1061 2147 1216 2217 οαυαὶίεν
1236 2164 1355 2217 ntoocr
1374 2162 1509 2236 cumpo.
1531 2142 1728 2235 Postquam
1751 2141 1787 2214 in
1808 2163 1873 2214 su-

705 2263 838 2359 periori
865 2263 1022 2359 capituto
1047 2263 1213 2358 proxime
1229 2261 1447 2359 precedenti
1467 2268 1577 2335 autor
1596 2266 1720 2336 noster
1737 2266 1872 2335 tracto-

706 2383 818 2458 vitet
849 2383 1103 2457 determinavit
1131 2383 1177 2456 de
1210 2403 1283 2457 uua
1313 2382 1433 2477 specie
1461 2381 1743 2474 baratariurum,
1774 2399 1872 2454 utrnc

706 2509 979 2596 consequentur
997 2501 1073 2598 agit
1092 2508 1129 2576 et
1146 2508 1277 2576 tractat
1293 2501 1431 2598 delalia
1447 2500 1567 2596 specie
1586 2499 1871 2592 baratariorum‚

707 2621 770 2714 qui
784 2621 1048 2698 harataverunt
1064 2643 1175 2696 suum
1187 2622 1390 2716 dominum,
1404 2642 1487 2716 quae
1501 2620 1646 2695 videtur
1658 2620 1771 2715 peior,
1786 2621 1872 2715 quia

706 2760 851 2836 semper
876 2747 985 2815 autor
1009 2741 1055 2817 ad
1072 2741 1196 2837 peiora
1213 2741 1414 2835 descendit3
1440 2739 1503 2835 qui
1524 2739 1695 2814 baratarii
1714 2739 1874 2833 puniun-

707 2866 769 2933 tur
794 2859 923 2936 eadem
949 2883 1057 2958 poena
1081 2862 1170 2958 picis
1186 2862 1223 2936 in
1240 2863 1370 2937 eadem
1390 2861 1514 2957 bulgio
1535 2861 1671 2955 quinta.
1691 2861 1736 2935 Et
1753 2867 1870 2936 totum

706 3000 865 3075 praescns
890 2981 1090 3077 capitulum
1117 2981 1212 3054 XXII
1238 2988 1355 3077 potest
1379 2980 1487 3055 dividi
1509 2980 1546 3054 in
1568 2987 1728 3074 quatuor
1750 2988 1872 3076 partes

705 3101 914 3195 generales3
933 3100 969 3173 in
986 3101 1103 3196 prima
1123 3122 1282 3195 quarum
1305 3099 1521 3174 continuans
1538 3119 1578 3174 se
1599 3099 1644 3172 ad
1662 3099 1871 3195 praecedcu-

706 3218 755 3294 tia
779 3219 949 3294 describit
972 3227 1097 3296 actum
1130 3227 1167 3294 et
1197 3219 1348 3294 modum
1379 3219 1534 3293 istorum
1564 3218 1768 3293 natantium
1801 3217 1869 3292 sub

706 3337 785 3432 pice
798 3337 972 3416 bullienti.
987 3341 1026 3413 ln
1040 3340 1199 3415 secunda
1212 3345 1315 3433 parte
1329 3337 1523 3412 introducit
1541 3337 1577 3411 in
1590 3337 1736 3432 speciali
1751 3358 1867 3412 unum

705 3458 931 3533 baratarium
952 3445 1168 3534 modernum
1189 3458 1529 3554 mendosissimum,
1545 3457 1609 3553 qui
1627 3457 1723 3533 maie
1738 3462 1873 3531 tracta-

705 3585 764 3652 tus
795 3578 864 3651 tuit
897 3599 921 3653 a
953 3578 1192 3674 demonibus,
1227 3578 1289 3673 qui
1323 3585 1409 3652 sunt
1439 3577 1593 3654 ministri
1630 3583 1666 3652 et
1704 3575 1872 3652 custodes

703 3697 806 3772 istius
831 3697 975 3794 bulgiae,
1000 3698 1069 3772 ibi:
1095 3703 1137 3770 to
1162 3701 1243 3771 uidi.
1270 3699 1309 3770 ln
1336 3696 1442 3772 tertia
1468 3697 1586 3772 dictus
1614 3697 1761 3790 spiritus
1791 3717 1872 3770 ma-

704 3819 848 3894 nifestat
872 3818 1012 3913 aliquot
1031 3819 1147 3894 socios
1168 3839 1266 3912 suos,
1283 3817 1346 3912 qui
1364 3817 1528 3892 similiter
1550 3816 1792 3892 vendiderunt
1808 3815 1873 3890 do-

706 3937 823 4012 minos
848 3958 945 4032 suos,
971 3937 1065 4012 sicut
1089 3938 1166 4033 ipse
1190 3937 1370 4032 optimum
1396 3935 1587 4010 dominum
1601 3930 1638 4028 (¹)
1662 3957 1784 4030 suum,
1803 3935 1870 4009 ibi:

704 4061 755 4129 Lo
779 4059 869 4130 duca
894 4059 1040 4150 dunque.
1067 4059 1106 4131 ln
1132 4063 1264 4152 quarta
1289 4063 1326 4131 et
1351 4055 1480 4133 ultima
1505 4055 1660 4130 ostendit
1685 4054 1871 4149 quomodo

703 4176 896 4272 praedictus
910 4167 948 4270 (¹)
966 4176 1112 4273 spiritus
1129 4176 1383 4274 sagacissimus
1399 4175 1584 4270 deceperit
1597 4165 1633 4267 (³)
1652 4195 1781 4250 omues
1797 4173 1872 4248 dae·

704 4317 832 4370 mones
857 4303 894 4370 et
918 4297 1075 4372 evaserit
1099 4296 1282 4373 dimittens
1306 4315 1370 4370 eos
1394 4294 1431 4368 iu
1457 4294 1520 4368 lite
1545 4301 1582 4370 et
1602 4294 1784 4388 scandalo,
1801 4293 1870 4366 ihi:
1964 4375 1976 4394 Ι

709 4420 739 4489 0
763 4421 839 4488 uret
863 4417 986 4488 vedeu.
1013 4415 1067 4489 dd
1091 4415 1253 4510 primum
1275 4434 1365 4510 ergo
1383 4414 1476 4509 dico,
1494 4414 1592 4508 quod
1613 4421 1723 4489 autor
1744 4413 1870 4488 votens

702 4533 923 4610 descendere
936 4523 972 4627 (⁸)
992 4534 1039 4608 ad
1056 4534 1253 4608 secundam
1270 4533 1428 4628 speciem
1446 4534 1729 4628 baratariorum‚
1751 4532 1871 4628 primo

702 4655 887 4750 premittit
912 4655 1078 4750 pulcram
1104 4653 1413 4728 continuationem
1438 4654 1485 4729 ad
1506 4654 1699 4730 materiam
1726 4659 1870 4748 pertra-

702 4780 849 4868 ctatum,
869 4772 905 4847 in
926 4794 999 4867 qua
1024 4793 1065 4848 se
1086 4777 1239 4848 excusat
1254 4773 1353 4866 quod
1372 4793 1446 4848 non
1462 4780 1581 4868 potest
1599 4771 1763 4869 reperire
1779 4792 1869 4847 oon·

762 4957 790 5022 (¹)
805 4958 836 5009 B.
853 4959 937 5009 Deum
953 4973 1037 5013 suum.
1310 4960 1338 5022 Γ)
1354 4959 1380 5011 S.
1396 4961 1488 5012 dotus

762 5035 789 5096 (Ἴ
809 5033 835 5086 S·
850 5033 958 5098 decepit.
1312 5035 1339 5097 (¹)
1356 5035 1387 5088 tt
1403 5037 1549 5090 desertum
1564 5035 1711 5088 mumdum·
