4550 6844
738 921 809 990 tes
1127 930 1331 987 nomnen
1355 929 1505 984 menum

737 1079 835 1173 quod
852 1079 939 1154 illud
957 1080 1056 1178 quod
1072 1088 1126 1156 est
1146 1080 1225 1156 veri
1245 1079 1322 1174 Dei,
1341 1079 1510 1175 superbae
1530 1077 1664 1154 animae
1680 1069 1827 1176 spiritus
1848 1081 1906 1155 in·

737 1202 845 1277 llatus
868 1201 1016 1278 allectat
1039 1207 1077 1276 et
1100 1205 1201 1276 amat
1226 1200 1294 1274 sibi
1314 1200 1384 1274 diei
1400 1200 1438 1273 in
1455 1199 1625 1274 laudibus
1641 1199 1730 1274 illud
1747 1199 1905 1299 Virgilii:

733 1343 884 1414 parcere
915 1321 1072 1412 subsectis
1105 1327 1139 1394 et
1161 1321 1333 1394 debellare
1360 1320 1537 1412 supabos.
1571 1320 1663 1394 Dicit
1694 1321 1806 1396 etiam
1832 1323 1907 1396 Ho-

738 1463 865 1517 merus
890 1440 990 1535 quod
1013 1440 1141 1536 Apollo
1166 1439 1346 1516 destruxit
1369 1459 1434 1515 eos
1457 1445 1659 1534 antequam
1685 1440 1854 1516 venirent
1869 1435 1905 1534 (³)

735 1561 783 1635 ad
795 1561 997 1656 perfectam
1010 1565 1170 1654 aetatem,
1183 1559 1231 1634 ad
1247 1559 1488 1654 innuendum,
1501 1559 1600 1654 quod
1613 1560 1761 1654 qnando
1779 1561 1908 1637 viden·

736 1687 799 1757 tur
824 1700 905 1756 esse
933 1681 970 1754 in
999 1680 1101 1774 llere,
1126 1681 1225 1754 Deus
1256 1699 1323 1776 per
1352 1700 1459 1754 suam
1492 1679 1707 1775 sapientiam
1739 1681 1908 1768 fulminat

736 1819 820 1894 eos;
846 1808 883 1874 et
907 1799 958 1874 sic
983 1798 1066 1874 ride
1090 1799 1189 1892 quod
1213 1805 1323 1873 autor
1347 1799 1511 1893 loquitur
1540 1800 1599 1874 bic
1623 1799 1670 1875 de
1698 1801 1907 1898 gigantibus

735 1920 876 2016 poetice
900 1928 938 1994 et
963 1919 1164 2013 moraliter,
1180 1918 1275 1994 sicut
1290 1919 1438 1994 Boetius
1455 1919 1561 1994 dicit:
1584 1920 1765 2016 accepisti,
1789 1920 1907 2015 inquit
2042 1939 2048 1948 ·

736 2039 773 2112 in
798 2039 940 2134 rabulis,
965 2039 1183 2114 lacessentes
1207 2040 1344 2114 eoelum
1369 2039 1546 2136 gigantas,
1564 2039 1627 2113 sed
1652 2058 1717 2115 eos
1742 2040 1795 2113 uli
1816 2060 1906 2115 con-

734 2157 888 2256 dignum
917 2159 1075 2256 benigna
1101 2156 1275 2233 fortitudo
1307 2157 1483 2254 disposuit
1496 2148 1545 2250 (¹).
1559 2165 1654 2232 -A
1681 2161 1812 2250 dacer.
1839 2160 1905 2236 llic

734 2285 844 2354 autor
868 2278 1039 2354 describit
1054 2268 1090 2371 (³)
1118 2278 1276 2352 lormam
1293 2298 1413 2374 poenae
1433 2278 1535 2352 istius
1551 2279 1740 2375 prialtis3
1761 2289 1799 2356 et
1819 2280 1906 2356 dicit

736 2399 834 2494 quod
858 2398 1016 2475 babebat
1034 2418 1151 2472 unum
1172 2397 1365 2474 brachium
1391 2399 1543 2495 ligatum
1568 2405 1666 2495 ante,
1690 2401 1849 2476 alterum
1864 2389 1902 2493 (⁸)

736 2525 827 2616 post,
853 2527 891 2594 et
915 2520 1041 2594 volens
1065 2517 1259 2594 ostendere
1284 2518 1441 2612 qualiter
1458 2539 1606 2594 summa
1629 2521 1801 2615 potentia,
1819 2541 1904 2614 quae

736 2639 870 2713 resistit
886 2636 1065 2733 superbis,
1081 2637 1206 2734 ligavit
1218 2628 1256 2730 (⁶)
1275 2637 1399 2732 istum,
1416 2638 1520 2713 dicit:
1542 2643 1577 2711 to
1597 2659 1671 2712 nou
1686 2660 1728 2713 co
1746 2641 1804 2713 dtr
1822 2643 1907 2738 qual

736 2760 796 2832 cle
816 2763 911 2852 fosse
934 2759 962 2830 il
984 2764 1136 2831 maesbo
1161 2759 1325 2847 cancer
1341 2759 1402 2850 lui,
1423 2757 1527 2852 quasi
1544 2757 1658 2833 dicat:
1678 2758 1906 2854 quicumque

735 2877 847 2954 luerit
871 2882 973 2951 certe
997 2897 1154 2973 magnus
1179 2875 1354 2973 magister
1379 2876 1457 2973 luit,
1474 2884 1512 2951 et
1536 2878 1606 2952 boe
1631 2897 1705 2952 non
1729 2885 1786 2954 est
1805 2879 1905 2954 aliud

735 2998 857 3072 dicere
874 2996 941 3071 nisi
958 2996 1026 3071 luit
1038 2985 1076 3090 (θ)
1094 2997 1192 3071 Deus
1208 2995 1508 3092 incognoscibilis,
1530 2996 1903 3094 incomprehensibilis

734 3117 877 3212 artilex,
890 3137 950 3190 ma
966 3119 1010 3209 ei,
1022 3116 1159 3191 scilicet
1176 3115 1368 3212 Ephialtes,
1382 3123 1481 3190 enea
1496 3120 1524 3190 il
1538 3118 1678 3191 mnodo
1690 3120 1807 3192 destro
1823 3139 1903 3196 soo-

734 3242 839 3331 ct'nw,
852 3237 956 3329 idest,
974 3236 1140 3334 ligatum,
1152 3239 1279 3327 dubo,
1293 3235 1432 3333 iuncta
1450 3238 1903 3334 tergo,cca1trc,scilicet

734 3357 934 3452 sinistrum,
946 3359 1105 3448 dinanzi,
1119 3376 1166 3432 ne
1177 3356 1314 3432 scilicet
1329 3357 1358 3430 sl
1372 3357 1494 3432 amba
1507 3377 1640 3433 manus
1654 3365 1776 3434 essent
1793 3358 1903 3434 simul

730 3477 870 3572 junctae
883 3477 942 3552 vel
954 3483 1041 3552 ante
1053 3477 1112 3551 vel
1125 3481 1224 3551 retro
1238 3484 1359 3573 posset
1370 3477 1496 3573 aliquo
1508 3477 1618 3552 modo
1635 3497 1675 3553 se
1692 3480 1835 3556 solvere
1844 3480 1904 3556 vel

735 3595 906 3689 liberare,
930 3597 966 3668 d
977 3615 1050 3668 uon
1065 3602 1189 3668 cotem
1207 3598 1266 3669 cte
1278 3598 1304 3670 't
1326 3603 1424 3670 teneo
1440 3601 1595 3690 acuum,
1616 3598 1718 3693 idest,
1736 3599 1919 3696 ligatum·

735 3717 801 3790 dol
822 3718 911 3789 collo
934 3718 973 3788 tn
995 3710 1077 3808 clm
1103 3725 1140 3791 et
1169 3714 1221 3790 sic
1254 3715 1336 3791 vide
1365 3716 1463 3811 quod
1495 3717 1592 3792 dedit
1616 3719 1765 3794 cordam
1791 3721 1904 3795 Nem·

736 3835 856 3929 broth,
881 3835 967 3910 huic
992 3855 1082 3910 vero
1107 3835 1170 3910 dat
1193 3842 1377 3932 catenam3
1404 3837 1491 3931 quia
1511 3839 1590 3934 jam
1616 3839 1759 3917 dixerat
1783 3840 1903 3936 ipsum

735 3957 916 4032 maiorem
942 3963 979 4032 et
998 3956 1229 4052 ferociorem,
1249 3957 1331 4032 ideo
1348 3979 1441 4054 opus
1458 3965 1539 4034 erat
1559 3959 1690 4035 maiori
1710 3967 1748 4036 el
1764 3959 1902 4035 lorllori

736 4076 882 4151 vinculo
915 4076 962 4151 ad
995 4075 1241 4152 coercendum
1279 4078 1458 4154 maiorem
1493 4079 1679 4174 lurorem3
1705 4080 1788 4156 ideo
1823 4085 1903 4157 erat

578 4294 583 4304 Ι
735 4196 841 4272 valde
864 4197 1045 4292 astrictus,
1062 4190 1092 4270 si
1108 4200 1168 4272 cte
1192 4202 1227 4272 lo
1250 4208 1422 4292 scopon,
1443 4197 1533 4274 idest
1550 4221 1636 4295 pars
1652 4202 1816 4296 corporis
1837 4222 1903 4296 ap-

734 4335 867 4412 parens
891 4316 1093 4413 discoperta
1118 4316 1167 4392 ab
1193 4317 1367 4393 umbilico
1392 4339 1514 4413 supra,
1532 4341 1569 4394 se
1591 4322 1762 4412 rcootqeo
1786 4323 1824 4393 in
1847 4323 1907 4394 sul

733 4440 840 4528 giren
865 4435 1120 4530 qumquem,
1143 4435 1299 4512 babebat
1324 4438 1488 4534 quinque
1512 4438 1758 4514 revolutiones
1783 4445 1820 4513 et
1844 4437 1902 4534 gi·

735 4555 910 4649 rationem
928 4554 1009 4630 vult
1023 4555 1146 4630 dicere
1163 4556 1262 4650 qnod
1281 4564 1410 4633 catena
1430 4579 1565 4656 magna
1586 4557 1755 4655 cingebat
1780 4556 1900 4652 ipsum

736 4676 931 4770 quinquies
956 4676 993 4749 in
1017 4683 1123 4771 parte
1143 4678 1306 4773 corporis
1322 4677 1464 4755 detecta
1482 4701 1566 4774 qnae
1586 4678 1779 4755 ridebatur
1797 4685 1903 4754 extra

799 4890 828 4952 l'l
843 4889 875 4941 E·
891 4891 1063 4955 pensuram.
1415 4895 1444 4956 υ)
1459 4896 1485 4947 s,
1501 4895 1629 4961 commit.

798 4967 825 5031 (¹)
841 4967 872 5019 u
888 4967 1011 5020 ducrlblt
1027 4983 1129 5034 mem
1144 4975 1171 5024 et
1186 4969 1310 5024 lormrm.
1414 4973 1442 5036 (⁸)
1458 4973 1489 5024 B.
1506 4973 1618 5026 alterum
1635 4985 1698 5026 vero
1714 4977 1780 5037 noct

799 5043 826 5106 l'l
842 5044 873 5096 lt
890 5045 1018 5110 ligaverit.
1412 5049 1440 5113 ξ’)
1456 5051 1487 5101 B.
1503 5053 1552 5104 nm
1568 5051 1639 5116 quod
1655 5051 1713 5104 luit.
