4580 6844
698 951 768 1020 388
1094 965 1298 1026 tonsurus
1322 972 1474 1026 rnrnnru
1543 979 1546 986 ⁴

696 1111 983 1205 excusationem,
1008 1112 1231 1208 respondens
1260 1115 1421 1212 virgilio,
1447 1123 1484 1192 et
1515 1116 1662 1194 dicens:
1694 1119 1871 1211 lioperto

696 1232 904 1323 dappresso,
933 1231 1035 1327 idest,
1061 1233 1183 1308 statim
1209 1242 1290 1332 post
1315 1237 1638 1332 reprehensionem
1654 1231 1691 1330 (¹)
1719 1235 1869 1334 Virgilii,

693 1354 793 1443 forse
817 1353 863 1424 m’
876 1354 1007 1426 aoresti
1024 1373 1147 1428 nacor
1172 1357 1322 1430 dimerso
1353 1359 1388 1430 to
1415 1364 1506 1449 rtur,
1532 1355 1636 1451 idest,
1661 1356 1756 1432 torte
1780 1377 1872 1432 oon·

696 1471 865 1546 cessisses
877 1463 914 1563 (¹)
942 1471 1041 1567 milri,
1067 1475 1166 1568 quod
1192 1495 1262 1572 ego
1287 1475 1408 1551 adhuc
1433 1475 1690 1552 remansissem
1723 1475 1772 1551 ibi
1802 1476 1871 1552 ali·

696 1589 872 1685 quandiu,
888 1612 926 1664 se
941 1599 978 1666 to
994 1597 1108 1668 ovessi
1123 1601 1231 1668 attero
1247 1615 1272 1668 a
1289 1599 1327 1670 la
1342 1598 1469 1688 capion
1482 1598 1603 1689 perct'
1614 1599 1651 1671 io
1666 1598 1868 1689 puordooa.

695 1709 740 1784 m
774 1709 833 1785 hic
864 1710 1016 1787 adverte
1048 1713 1148 1807 quod
1179 1714 1314 1790 Dentes
1343 1715 1507 1809 loquitur
1540 1716 1599 1792 hic
1634 1716 1681 1790 ad
1715 1716 1868 1791 modum

695 1831 901 1925 passionali,
921 1832 1008 1926 quia
1026 1853 1100 1908 non
1122 1833 1268 1909 videtur
1284 1835 1471 1910 recordari
1495 1835 1595 1930 quod
1612 1835 1784 1932 Virgilius
1800 1857 1870 1910 no-

695 1951 791 2026 verit
805 1971 955 2027 omnem
974 1951 1210 2029 intentionem
1228 1975 1306 2029 suae
1324 1955 1467 2049 mentis,
1482 1955 1653 2049 quamvis
1668 1955 1869 2032 secretissi-

674 2065 809 2167 mam,
835 2080 877 2147 ut
897 2073 976 2168 jam
1001 2093 1099 2169 sepe
1123 2074 1224 2169 dixit,
1241 2079 1279 2150 et
1300 2074 1405 2150 dicet.
1425 2076 1471 2149 Et
1491 2075 1686 2150 intersecat
1698 2066 1736 2168 (³)
1757 2081 1868 2150 autor

694 2192 888 2268 artificiose
904 2193 1004 2287 quod
1030 2193 1201 2291 Virgilius
1221 2193 1396 2269 continuo
1421 2195 1627 2288 resedebat,
1651 2195 1729 2291 ipso
1746 2195 1799 2270 sic
1815 2196 1869 2270 lo·

694 2320 852 2409 quente3
879 2313 961 2389 ideo
986 2313 1114 2389 ordina
1143 2314 1195 2390 sic
1224 2314 1368 2390 literam
1394 2335 1479 2409 qum
1509 2315 1656 2390 ridetur
1679 2315 1865 2391 intricata:

694 2437 729 2508 to
754 2437 859 2524 duco,
884 2432 1021 2508 scilicet
1046 2433 1227 2530 Virgilius,
1252 2453 1315 2507 sen
1339 2427 1400 2526 plo
1420 2441 1539 2527 parte,
1574 2434 1677 2529 idest,
1706 2435 1868 2529 interim,

695 2553 746 2628 ita
772 2553 870 2648 quod
889 2559 996 2646 purte
1025 2573 1099 2626 non
1132 2560 1187 2628 est
1218 2553 1276 2628 hic
1301 2574 1448 2650 nomen,
1474 2553 1550 2629 imo
1575 2554 1804 2648 adverbium,
1829 2560 1867 2629 et
1930 2643 1934 2648 .

694 2680 750 2750 est
775 2673 930 2770 vulgare
952 2673 1201 2769 florentinum,
1222 2674 1328 2769 quasi
1344 2675 1463 2750 dicat:
1491 2675 1662 2771 Virgilius
1677 2675 1754 2750 ibat
1777 2695 1867 2750 con-

607 2871 611 2878 ,
695 2794 799 2868 tinuo
829 2794 918 2869 dum
951 2793 1212 2889 responderem
1229 2783 1267 2886 (ι)
1297 2795 1387 2889 sibi,
1421 2796 1491 2870 hoc
1525 2794 1608 2870 ideo
1642 2795 1744 2892 lingit
1778 2795 1866 2891 quia

694 2915 842 2991 nolebat
866 2913 1023 3008 amplius
1047 2914 1256 3010 expendere
1282 2921 1428 3012 tempus
1452 2915 1550 2991 circa
1563 2907 1602 3008 (⁵)
1619 2935 1700 2990 rem
1720 2916 1767 2991 de
1792 2937 1866 3010 qua

692 3155 794 3231 dicit:
812 3161 845 3228 et
867 3156 903 3228 to
928 3157 953 3228 o·
976 3157 1123 3228 monna
1141 3157 1253 3228 nono
1272 3143 1334 3246 ost
1356 3157 1506 3250 [acono
1531 3157 1568 3227 ta
1592 3157 1760 3247 nomn,
1793 3154 1867 3230 sci-

692 3275 787 3369 licet,
804 3275 851 3349 de
867 3293 977 3350 causa
995 3274 1141 3370 speciali
1158 3295 1243 3369 quae
1268 3295 1330 3350 me
1354 3273 1538 3350 detinebat
1550 3264 1587 3367 (⁶)
1606 3274 1652 3348 ad
1669 3274 1867 3370 respicien-

691 3396 782 3469 dum
807 3394 929 3469 adhuc
952 3393 1014 3488 ibi,
1040 3393 1139 3468 unde
1167 3394 1271 3469 dicit:
1297 3415 1317 3468 e
1340 3397 1602 3486 sopiupoendo:
1626 3397 1732 3468 credo
1756 3395 1866 3467 cl'un

691 3517 802 3607 spirtu
826 3515 884 3586 dcl
907 3515 977 3586 mio
992 3533 1139 3605 sunone,
1165 3513 1267 3606 idest,
1287 3513 1436 3607 quidam
1463 3512 1510 3588 de
1534 3533 1673 3610 genere
1694 3512 1866 3610 nldighe·

693 3635 847 3729 riorum,
874 3636 1011 3726 pinopo
1038 3636 1076 3707 lo
1106 3636 1227 3726 colpn,
1258 3632 1361 3727 idest,
1391 3633 1533 3709 crimen
1563 3633 1796 3710 detractionis
1815 3622 1865 3728 (⁷),

692 3755 753 3828 clu
776 3760 873 3827 tunm
897 3759 994 3826 costo
1017 3743 1055 3826 ld
1078 3748 1152 3844 pisi,
1177 3751 1280 3847 idest,
1306 3773 1391 3847 qum
1423 3759 1498 3827 tam
1529 3753 1634 3850 gravi
1662 3773 1771 3849 poena
1795 3773 1867 3849 pu-

692 3874 792 3948 nitur
817 3873 854 3947 in
879 3873 1004 3967 fundo,
1029 3875 1154 3947 dentro
1183 3893 1207 3946 a
1233 3875 1347 3965 quella
1378 3893 1482 3964 cavo,
1512 3872 1615 3967 idest,
1640 3872 1735 3946 intra
1766 3872 1865 3948 illam

691 3993 854 4090 bulgiam
880 4014 1016 4069 nonam
1042 3999 1223 4088 cavatam,
1241 4012 1355 4088 quam
1381 3993 1491 4068 modo
1508 3992 1723 4088 dimisimus,
1741 3995 1866 4068 doo'to

692 4121 790 4188 nnec
814 4135 859 4188 or
882 4117 933 4206 912·
956 4115 1063 4205 omitt,
1088 4113 1223 4189 scilicet
1248 4113 1523 4207 intellectuales,
1539 4105 1569 4186 d
1586 4119 1740 4205 aposto,
1761 4112 1865 4207 idest,

690 4241 766 4308 tam
792 4231 884 4309 linos
909 4233 956 4308 de
980 4232 1168 4327 industria,
1186 4252 1271 4308 cum
1292 4238 1394 4306 tanto
1411 4231 1541 4306 studio.
1559 4233 1604 4305 Et
1623 4231 1682 4306 hic
1700 4231 1863 4327 adverte,

690 4356 816 4449 lector,
842 4353 942 4449 quod
966 4359 1076 4428 autor
1101 4373 1174 4428 non
1199 4353 1361 4448 pepercit
1383 4353 1531 4448 pmprio
1553 4351 1722 4448 sanguini
1746 4351 1783 4426 in
1807 4351 1865 4426 di-

689 4474 805 4549 cenda
819 4473 996 4566 veritate,
1022 4472 1145 4547 minus
1170 4492 1261 4569 ergo
1290 4472 1417 4546 mirari
1450 4479 1553 4568 poles
1582 4472 1613 4546 si
1644 4492 1718 4547 non
1748 4471 1865 4568 parcit

688 4595 954 4669 aliis-Alton.
968 4591 1033 4668 Hic
1045 4599 1156 4668 autor
1167 4592 1269 4687 ponit
1281 4593 1474 4668 consilium
1488 4592 1626 4690 Virgilii
1642 4593 1740 4668 circa
1757 4592 1863 4666 istam

751 4787 780 4847 (¹)
795 4785 822 4836 S.
838 4785 1102 4837 reversionem-E.
1118 4787 1323 4850 responsionem.
1449 4785 1476 4848 (¹)
1494 4789 1548 4846 111,
1565 4785 1745 4836 commistum

752 4864 779 4923 (¹)
797 4867 842 4914 llo
858 4877 873 4913 e
890 4863 927 4914 Ε..
937 4864 1075 4914 interserit.
1448 4864 1476 4924 (1)
1492 4862 1518 4913 S.
1535 4861 1597 4914 dnm
1614 4861 1791 4924 responderet.

751 4941 778 5004 (¹)
795 4941 826 4992 Β.
843 4941 912 4990 clroa
929 4953 986 4991 rem
1003 4941 1128 5005 adquam
1145 4946 1269 4992 nouerat
1286 4940 1398 5004 amplius
1415 4939 1587 5000 redeundum,
1603 4951 1653 4989 nec
1669 4939 1702 4988 do
1717 4951 1748 4989 ea
1765 4937 1865 4989 mentio

690 5017 807 5069 iacienda
823 5019 869 5068 nist
886 5017 977 5068 leviter
992 5018 1019 5067 ln
1035 5019 1160 5079 trunsum
1176 5017 1278 5068 ntideo
1294 5017 1363 5068 dicit.
1447 5015 1475 5079 (⁸)
1489 5015 1521 5065 E.
1538 5015 1673 5066 retinebat.

752 5093 779 5156 (¹)
795 5093 820 5144 S.
838 5094 1023 5156 detestationis,
1039 5094 1215 5146 detractionis.
