4606 6840
422 1333 587 1402 CANTUS
622 1335 853 1403 VIGESIMUS
891 1336 1064 1420 SEXTUS,
1097 1338 1133 1402 in
1166 1357 1227 1422 qno
1260 1341 1378 1404 tractat
1410 1339 1449 1406 dc
1483 1345 1593 1406 octova

500 1448 898 1533 botpidotdospiritibus
920 1450 1042 1516 moos
1063 1449 1255 1530 inflammic
1275 1451 1441 1534 ionicam
1460 1451 1592 1534 fuorunt

498 1560 577 1626 moti
598 1560 799 1639 moeres
817 1561 874 1626 snb
897 1561 986 1626 tituto
1015 1561 1133 1645 Ulpacs
1155 1566 1185 1627 ot
1205 1561 1368 1639 sooiorvm,
1386 1563 1441 1646 poi
1462 1583 1496 1629 sc
1511 1585 1589 1646 per·

504 1672 653 1738 didmnt
673 1673 710 1738 in
729 1672 823 1751 mori,
846 1678 876 1739 ot
898 1674 937 1740 do
957 1673 1047 1740 modo
1063 1673 1256 1756 perditionis
1277 1693 1393 1740 comm.

496 1965 643 2134 Gom
665 2063 813 2133 Wcrrze
834 2062 897 2151 poi
919 2061 980 2132 cto
1011 2062 1062 2132 sci
1093 2052 1123 2132 si
1153 2065 1301 2153 poam.
1328 2064 1525 2159 Postquam
1553 2066 1589 2139 in

420 2176 565 2254 dnobus
598 2179 763 2275 capitulis
797 2179 964 2274 proxime
996 2181 1285 2273 praecedentibus
1322 2190 1431 2258 antor
1466 2193 1590 2259 noster

422 2301 589 2376 tractavit
613 2306 650 2375 et
673 2301 930 2376 determinavit
954 2299 1000 2374 de
1025 2283 1135 2393 prena
1158 2302 1283 2375 iurum
1305 2303 1367 2395 qni
1385 2303 1589 2398 puniuntur

420 2419 456 2492 in
470 2420 623 2515 septima
635 2420 776 2516 bulgia5
790 2439 889 2494 nunc
901 2428 1171 2514 consequenter
1184 2421 1397 2516 inpraesenti
1408 2425 1591 2498 xxvlca-

421 2540 535 2634 pitulo
559 2541 635 2636 agit
659 2551 697 2618 et
723 2545 853 2615 tractat
876 2539 923 2615 de
947 2560 1055 2634 poena
1080 2540 1232 2614 alterius
1257 2541 1407 2636 fraudis,
1427 2563 1511 2637 quae
1536 2544 1591 2617 di-

420 2661 516 2736 eitur
529 2655 566 2753 (¹)
591 2661 724 2736 astutia
750 2661 828 2736 sive
853 2660 1006 2754 valritia,
1027 2681 1111 2755 qnae
1136 2661 1287 2754 punitur
1307 2662 1343 2735 in
1361 2673 1491 2738 octava
1507 2663 1592 2736 bul·

419 2781 490 2877 gia.
508 2783 552 2856 nt
569 2801 728 2876 praesens
740 2781 940 2875 capitulum
953 2786 1072 2874 potest
1084 2780 1246 2856 breviter
1258 2781 1366 2856 dividi
1380 2783 1416 2856 in
1431 2791 1591 2876 quatuor

420 2911 541 2997 partes
566 2904 775 2999 generalem
802 2901 837 2974 in
863 2900 981 2994 prima
999 2921 1159 2994 quarum
1176 2902 1341 2996 increpat
1356 2904 1589 2999 Florentiam,

419 3043 503 3115 qnae
538 3023 706 3118 producit
740 3023 830 3096 tales
864 3019 965 3095 lilios.
997 3022 1037 3093 ln
1063 3021 1221 3095 secunda
1247 3022 1417 3097 describit
1441 3044 1588 3118 poenam

416 3147 625 3219 astutorum
651 3141 888 3237 ingenerati,
914 3139 978 3214 ibi:
1006 3143 1122 3212 Noici
1143 3143 1308 3232 paramo.
1334 3143 1374 3214 ln
1401 3142 1507 3216 tertia
1523 3141 1589 3216 de-

418 3263 542 3337 scribit
565 3261 657 3338 dnos
682 3261 828 3358 spiritns
852 3261 1022 3353 antiquos
1042 3259 1212 3354 famosos,
1230 3281 1390 3355 quornm
1412 3263 1505 3337 alter
1522 3263 1591 3336 fuit
1708 3275 1709 3280 ‘

417 3382 671 3476 astutissimus,
705 3405 726 3457 a
761 3401 836 3474 quo
868 3379 1038 3475 Virgilius
1068 3387 1199 3476 rogatu
1215 3371 1252 3471 (²)
1278 3380 1404 3455 Dentis
1429 3381 1518 3476 petit
1541 3381 1588 3456 de

417 3503 496 3577 eius
518 3508 637 3576 morte
663 3499 902 3594 memorabili,
923 3498 990 3574 ibi:
1010 3504 1051 3573 lo
1067 3507 1179 3572 stovo.
1199 3501 1240 3572 ln
1258 3507 1389 3592 quarta
1406 3506 1443 3575 et
1461 3500 1589 3574 ultima

417 3625 476 3700 ille
500 3623 646 3717 spiritns
671 3621 915 3699 astutissimus
941 3619 1136 3713 respondet
1151 3618 1198 3693 ad
1216 3619 1409 3713 qnaesitum
1429 3610 1586 3716 longai)

418 3744 638 3838 narratione,
665 3743 736 3818 ibi:
765 3747 813 3814 Lo
847 3744 987 3832 mopior
1012 3761 1134 3812 coron
1170 3739 1224 3814 bd
1249 3740 1410 3834 primum
1437 3741 1587 3815 veniens

416 3865 508 3958 dico,
526 3862 625 3957 quod
644 3869 754 3937 autor
772 3861 916 3936 mordet
927 3848 965 3951 (⁴)
983 3858 1139 3954 patriam
1160 3879 1267 3933 suam
1286 3879 1370 3952 qnae
1386 3859 1481 3952 parit
1497 3860 1587 3932 tales

417 3984 571 4077 nobiles;
582 3989 620 4058 et
631 3982 849 4058 continuans
860 3980 957 4053 istud
970 3979 1171 4072 capitulum
1183 3978 1228 4051 ad
1242 3977 1490 4073 precedentes
1503 3978 1587 4052 lacit

418 4125 530 4178 unam
556 4102 859 4178 exclamationem
887 4119 973 4174 cum
989 4091 1025 4190 (ὅ)
1053 4117 1181 4172 amara
1198 4095 1446 4192 indignatione
1462 4097 1584 4170 animi.

417 4226 461 4299 Et
492 4230 692 4318 antequam
726 4220 943 4297 descendam
978 4218 1024 4291 ad
1055 4216 1198 4292 literam
1225 4215 1477 4310 exponendam
1504 4216 1588 4289 volo

417 4344 535 4440 primo
561 4349 598 4418 te
623 4349 764 4436 notare,
782 4341 881 4434 qnod
900 4345 1010 4413 autor
1034 4336 1153 4411 utitur
1178 4355 1312 4432 magna
1337 4342 1418 4410 arte
1435 4335 1472 4408 in
1492 4355 1588 4430 prae-

416 4465 508 4542 senti
526 4465 696 4558 capitulo,
713 4462 797 4537 licet
814 4479 886 4534 non
899 4480 986 4534 cum
1002 4469 1101 4536 tanta
1114 4456 1337 4532 obscuritate
1349 4475 1434 4531 cnm
1451 4462 1588 4550 quanta

416 4586 454 4660 in
478 4585 636 4681 capitulo
662 4581 896 4677 praeoedenti3
915 4579 999 4654 lacit
1016 4577 1114 4653 enirn
1133 4577 1170 4650 in
1187 4577 1255 4652 isto
1273 4575 1447 4670 principio
1458 4565 1496 4667 (⁶)
1514 4580 1590 4649 tres

416 4706 566 4801 figuras,
584 4703 717 4778 scilicet
733 4701 1006 4797 apostropham,
1023 4697 1243 4773 invectivam
1257 4702 1295 4770 et
1307 4695 1474 4770 ironiam.
1492 4693 1589 4788 Apo-

479 4932 506 4995 (')
522 4932 548 4983 S·
566 4935 681 4982 wiur-
1088 4921 1116 4984 (¹)
1133 4923 1163 4972 E.
1180 4925 1294 4986 rogator.

478 5007 504 5071 (⁸)
520 5007 546 5058 S.
563 5020 611 5070 par
626 5006 730 5069 longam
747 5003 930 5055 namabonam.
1089 5000 1117 5061 (η
1133 4998 1163 5049 ll.
1179 5001 1276 5049 monet.

478 5086 505 5147 (¹)
523 5087 577 5145 lle,
593 5096 654 5134 cnm
670 5095 770 5147 magna.
1088 5075 1116 5138 υ)
1133 5079 1187 5134 lla,
1204 5072 1323 5149 pruenti
1339 5068 1452 5134 capitulo
1469 5073 1529 5122 rm
