4534 6842
729 957 776 1024 96
1127 966 1332 1023 multarunt
1355 966 1506 1022 muttum

728 1113 856 1208 quinat
884 1131 1013 1188 omnes
1042 1117 1232 1210 tangentes
1247 1104 1304 1206 (');
1336 1112 1436 1188 unde
1460 1111 1659 1185 Salomon:
1690 1111 1756 1198 Qut
1780 1111 1897 1200 tetige-

727 1237 779 1306 rit
807 1236 921 1326 picem
955 1234 1192 1327 inquinatior
1206 1225 1243 1325 (²)
1279 1231 1333 1305 ab
1356 1253 1409 1305 eo.
1441 1232 1487 1304 Et
1522 1230 1590 1304 ista
1622 1229 1806 1305 barataria
1845 1235 1901 1304 est

728 1373 803 1427 unu
828 1353 888 1448 pix
913 1352 963 1430 ita
989 1352 1211 1450 mntagiosa,
1237 1353 1336 1446 qnod
1361 1352 1392 1426 si
1416 1359 1563 1427 sanetus
1584 1352 1738 1426 intraret
1754 1350 1896 1426 curiam

728 1479 766 1548 et
790 1472 909 1548 officia
933 1473 1047 1546 curio
1072 1473 1282 1548 efficeretur
1306 1472 1525 1566 baratarius,
1550 1471 1644 1545 sieut
1669 1471 1716 1546 de
1740 1470 1835 1545 laeto
1860 1470 1898 1543 in

728 1592 895 1687 pluribus
920 1591 1016 1686 vidi,
1043 1599 1177 1686 quarto
1203 1592 1289 1686 quia
1315 1591 1401 1666 illud
1427 1591 1526 1685 quod
1552 1595 1607 1666 est
1631 1591 1701 1664 snb
1726 1589 1807 1684 pice
1823 1608 1897 1663 non

728 1718 890 1808 apparet,
919 1731 988 1788 nee
1019 1712 1132 1787 videri
1163 1718 1291 1806 potest,
1325 1713 1373 1786 ita
1405 1711 1588 1787 barataria
1620 1709 1660 1784 flt
1691 1710 1897 1785 inocculto

729 1841 766 1909 et
778 1833 922 1908 furtive.
936 1833 1037 1906 liano
1053 1838 1178 1908 antem
1197 1853 1344 1928 poenam
1361 1840 1472 1908 autor
1488 1831 1695 1907 manifestat
1711 1850 1777 1926 per
1793 1851 1896 1905 oom-

729 1953 954 2048 parationem
971 1943 1007 2045 (³)
1035 1953 1296 2048 pulcerrimam
1321 1953 1368 2028 de
1392 1958 1565 2027 arsenatu
1592 1951 1827 2026 Venetiarum
1843 1938 1896 2044 (⁸),

729 2073 793 2166 qni
817 2080 872 2148 est
896 2074 999 2148 loeus
1023 2093 1191 2168 magnus,
1209 2093 1336 2167 capax,
1356 2071 1417 2146 ubi
1436 2071 1528 2146 liunt
1552 2071 1697 2167 navigia
1718 2077 1754 2146 et
1771 2071 1895 2144 omnia

728 2214 866 2290 organa
893 2200 929 2268 et
952 2192 1195 2268 instrumenta
1220 2191 1425 2268 necessaria
1451 2201 1489 2268 et
1511 2197 1596 2286 apta
1620 2190 1667 2265 ad
1683 2191 1776 2286 ipsa;
1799 2189 1896 2265 unde

728 2313 777 2386 ibi
801 2313 848 2388 ad
872 2312 1046 2388 liniendas
1066 2333 1177 2388 naves
1194 2312 1299 2386 bullit
1316 2311 1376 2407 pir
1394 2311 1510 2386 multa
1529 2311 1567 2386 in
1584 2311 1772 2386 calidariis.
1791 2311 1896 2386 Nune
1993 2310 1998 2318 '

728 2432 775 2506 ad
804 2433 964 2508 literam:
1000 2432 1127 2507 ordina
1158 2432 1209 2507 sic
1240 2433 1378 2526 ipsam:
1410 2452 1484 2506 uuo
1502 2434 1632 2525 pepolo
1656 2452 1788 2524 spemn
1815 2431 1896 2505 ideo

728 2553 897 2647 obscura,
921 2553 1169 2627 elee'aeiseova
1194 2556 1230 2626 to
1254 2556 1336 2644 ripe
1360 2555 1488 2644 eope
1506 2551 1735 2645 pertenuis
1760 2551 1895 2626 seilicet

731 2672 868 2767 ubique
892 2672 991 2768 viget
1015 2672 1208 2767 barataria,
1234 2674 1339 2747 bellio
1364 2663 1400 2746 ἰὰ
1423 2672 1692 2765 piaesentem
1717 2672 1754 2745 in
1784 2671 1896 2747 inodo

731 2792 844 2887 vallis,
874 2811 947 2865 noa
972 2813 1040 2885 per
1069 2794 1161 2885 foco,
1194 2792 1280 2885 quia
1314 2791 1360 2865 ibi
1387 2811 1460 2866 non
1485 2799 1567 2867 erat
1590 2791 1682 2888 ignis
1708 2791 1896 2885 naturalis,

729 2933 789 2985 me
807 2933 875 3003 per
899 2913 1019 2986 muno
1044 2918 1134 3003 arte,
1159 2911 1251 2986 idest
1275 2911 1403 2988 ordine
1418 2912 1548 2987 divina
1565 2912 1726 3008 justitiae,
1745 2932 1829 3005 quae
1848 2911 1897 2985 ita

729 3031 942 3106 mirabiliter
975 3031 1099 3126 ooquit
1126 3032 1329 3107 baratarius
1353 3033 1383 3108 si
1407 3033 1502 3108 bene
1527 3039 1722 3108 cernerent
1747 3052 1894 3127 poenam

729 3173 848 3246 suam,
880 3154 932 3225 tol
959 3154 1062 3243 quale
1086 3155 1123 3225 lo
1147 3161 1265 3226 tenore
1283 3173 1367 3245 paee
1392 3153 1479 3226 bolla
1504 3155 1538 3226 o”
1550 3156 1710 3244 treverae,
1736 3150 1898 3247 intellige

729 3271 923 3367 precipue,
949 3270 1036 3364 quia
1062 3271 1162 3344 omni
1194 3277 1361 3365 tempore
1386 3271 1446 3366 pix
1472 3271 1577 3345 bullit
1605 3270 1666 3366 ibi,
1691 3271 1755 3346 sed
1781 3269 1897 3366 magis

729 3391 765 3464 in
791 3392 936 3486 hyeme,
962 3390 1047 3483 quia
1074 3398 1162 3465 tuno
1187 3412 1260 3466 non
1286 3398 1341 3465 est
1366 3397 1511 3486 tempus
1542 3391 1637 3465 bene
1670 3397 1797 3485 aptum
1831 3409 1898 3463 na-

729 3511 916 3606 vigationi,
948 3509 1030 3584 ideo
1063 3517 1150 3585 tuno
1182 3510 1298 3606 magis
1330 3509 1521 3584 intendunt
1555 3509 1676 3584 lacere
1712 3515 1750 3584 et
1789 3527 1896 3603 repa-

729 3649 814 3705 rare
828 3621 864 3722 (⁵)
901 3629 1056 3725 navigia,
1095 3650 1181 3704 eum
1219 3629 1354 3723 quibus
1384 3635 1510 3725 postea
1547 3629 1684 3724 possint
1720 3627 1896 3725 navigare

730 3755 896 3844 tempore
927 3748 1053 3823 aestivo
1084 3755 1169 3843 apto
1201 3748 1432 3846 navigationi,
1459 3771 1483 3821 a
1507 3753 1657 3841 liparae
1680 3753 1695 3822 i
1718 3752 1775 3822 lor
1806 3751 1899 3839 epol

729 3889 802 3941 non
816 3871 898 3942 sotei
911 3857 962 3963 (⁰),
989 3887 1073 3962 quae
1097 3875 1183 3941 sunt
1199 3867 1321 3944 -iraota
1338 3875 1376 3943 et
1392 3868 1722 3966 discompaginata;
1740 3868 1822 3943 ideo
1841 3866 1897 3942 di-

729 3989 799 4063 cit:
825 3990 980 4062 elenen
1000 4009 1122 4082 poeno
1147 3991 1493 4080 antecantamenta
1518 4009 1607 4081 oeee,
1633 3994 1782 4083 propter
1803 3994 1897 4062 tem·

728 4131 797 4206 pus
830 4109 1005 4204 ineptum.
1039 4109 1083 4183 Et
1115 4108 1297 4205 speeiiioat
1329 4113 1366 4183 et
1396 4107 1583 4204 distinguit
1606 4107 1751 4183 diversa
1776 4106 1895 4182 studia

729 4229 961 4305 diversorum
987 4229 1243 4324 operariorum
1270 4216 1404 4323 quae(⁷)
1432 4228 1525 4302 fiunt
1545 4227 1605 4323 ibi,
1622 4227 1745 4302 dicens
1760 4251 1770 4300 ε
1787 4230 1842 4301 elei
1855 4231 1897 4321 sa

728 4371 792 4424 suo
820 4353 921 4442 lepno
951 4371 1081 4440 nuovo,
1112 4349 1199 4443 quia
1225 4348 1376 4424 lubricat
1400 4348 1522 4423 navim
1549 4369 1696 4443 novam,
1721 4370 1741 4422 e
1764 4351 1819 4422 οἱα·
1841 4350 1896 4422 ea·-

727 4478 866 4563 stoppa,
891 4470 992 4565 idest,
1019 4470 1154 4544 iterum
1181 4469 1288 4564 stipat
1311 4476 1351 4544 et
1373 4469 1509 4545 claudit
1525 4489 1611 4546 cum
1629 4476 1772 4564 stuppa,
1789 4472 1821 4543 le
1837 4489 1897 4542 oo-

727 4596 778 4662 ste
807 4611 832 4662 a
865 4592 945 4682 quet
974 4591 1034 4664 ebe
1061 4583 1126 4682 piel
1156 4591 1276 4680 oiuppi
1296 4592 1383 4683 fece,
1407 4589 1543 4665 seilicet
1567 4589 1713 4687 navigm
1738 4594 1899 4681 vetusto,

790 4857 817 4920 l'l
833 4857 864 4908 Β·
880 4869 939 4908 em
955 4861 1095 4922 ungenta·
1396 4855 1425 4919 (¹)
1440 4855 1467 4908 S.
1482 4868 1498 4907 a
1514 4856 1546 4909 ll.
1562 4854 1777 4921 ootnqmmbttur.

790 4933 818 4996 (⁵)
836 4938 890 4994 tte,
907 4935 1128 4998 comparationem
1144 4932 1304 4985 munitatem
1321 4933 1354 4983 ‹la
1369 4939 1497 5036 urslanstu.

790 5008 818 5148 g
834 5009 865 5137 ξ,
881 5008 1138 5146 mammutium
1153 5099 1212 5152 qun
1227 5091 1296 5138 sunt.
1393 5009 1423 5148 (0))
1437 5007 1470 5136 8Β.
1480 5013 1635 5151 :etnim
1651 5088 1712 5137 snut
1727 5082 1771 5144 tut,
1787 5082 1882 5133 alluens.
