4566 6844
737 1001 809 1068 itia
1132 1013 1336 1070 manarum
1360 1011 1510 1068 utrumn
1593 951 1594 956 Ν

737 1158 783 1232 tis
807 1179 896 1251 suae,
922 1164 959 1233 et
982 1157 1155 1254 purgavit
1179 1165 1317 1233 terram
1337 1157 1440 1231 Judae
1460 1156 1508 1232 ab
1533 1154 1634 1229 omni
1654 1151 1904 1244 immunditia3

736 1285 774 1351 et
798 1275 1017 1372 gubernavit
1041 1296 1128 1351 cum
1150 1278 1287 1372 optima
1311 1297 1414 1374 pace,
1436 1295 1542 1373 reges
1563 1272 1734 1349 contrivit
1747 1264 1798 1366 (¹),
1817 1292 1907 1346 oon-

735 1396 894 1471 firmavit
919 1396 1087 1490 humiles,
1107 1416 1236 1470 omnes
1256 1395 1400 1489 iniquos
1425 1402 1463 1470 et
1488 1394 1603 1468 maios
1629 1389 1906 1484 exterminavit3

735 1523 783 1608 et,
801 1516 900 1610 qrrod
918 1516 1081 1590 maxime
1100 1516 1250 1591 adauxit
1267 1516 1422 1612 gloriam
1440 1535 1559 1608 suam,
1578 1513 1768 1587 renovarit
1785 1511 1905 1586 ioedus

734 1654 820 1709 cum
847 1635 1021 1729 romanis,
1038 1657 1060 1710 a
1078 1634 1212 1728 quibus
1230 1634 1510 1709 commendatus
1528 1641 1566 1708 et
1584 1630 1906 1708 recommendatus

734 1751 803 1827 iuit
824 1754 972 1848 regibus
998 1760 1034 1828 et
1059 1753 1229 1850 gentibus
1246 1753 1407 1828 orientis.
1427 1753 1520 1827 Cum
1538 1758 1663 1827 autem
1682 1751 1806 1825 Simon
1823 1751 1902 1845 jam

735 1891 847 1947 senex
874 1873 1090 1948 victoriosus
1115 1878 1210 1947 esset
1235 1872 1272 1946 in
1304 1893 1450 1948 summa
1480 1872 1597 1969 gioria
1622 1871 1721 1967 pacis
1745 1876 1783 1945 et
1807 1870 1905 1964 beili,

737 1991 874 2086 recepit
886 1991 1037 2068 crudele
1050 1992 1245 2085 excidium,
1261 1992 1358 2066 unde
1378 1991 1593 2086 expectabat
1608 1981 1645 2082 (¹)
1660 1989 1780 2084 potius
1796 1988 1904 2062 auxi-

736 2110 837 2184 iium.
857 2113 948 2185 Nam
967 2112 1116 2205 quidam
1130 2112 1366 2186 Pthoiomeus
1379 2110 1494 2185 Abobi
1507 2101 1543 2203 (³)
1560 2131 1677 2207 gener
1697 2109 1788 2204 eius,
1803 2110 1905 2185 dives

736 2230 843 2306 vaide
866 2251 962 2305 auro
985 2239 1025 2306 et
1049 2238 1215 2328 argento,
1240 2231 1305 2324 qui
1330 2231 1549 2306 constitutus
1574 2236 1655 2305 erat
1683 2231 1731 2304 ab
1756 2249 1801 2304 eo
1827 2230 1903 2305 dur

735 2351 771 2425 in
798 2371 928 2447 campo
954 2351 1110 2446 iericho,
1127 2357 1286 2426 cecatus
1312 2349 1478 2446 improba
1496 2350 1693 2446 cupiditate
1713 2349 1904 2446 regnandi,

735 2473 861 2546 volens
885 2471 952 2546 sihi
976 2471 1158 2545 subiicere
1189 2469 1379 2566 regionem
1413 2455 1631 2566 excogitavit
1662 2468 1902 2564 proditionem

734 2591 929 2685 pessimam
947 2597 1074 2666 contra
1088 2589 1274 2664 Simonem
1288 2595 1326 2663 et
1339 2587 1430 2663 filios
1447 2589 1537 2663 eius.
1552 2590 1645 2663 Cum
1660 2607 1750 2684 ergo
1764 2587 1903 2681 Simon,

736 2710 908 2784 sollicitus
933 2710 1030 2785 circa
1054 2708 1257 2784 custodiam
1278 2708 1381 2805 regni
1400 2708 1456 2782 sui
1477 2707 1751 2802 perambularet
1775 2706 1904 2782 cirita·

736 2837 791 2906 tes
816 2850 901 2925 quae
925 2835 1030 2906 erant
1059 2829 1097 2902 in
1126 2828 1278 2925 regione
1310 2827 1424 2922 tude,
1449 2828 1615 2922 pervenit
1641 2827 1784 2902 iericho
1815 2846 1901 2901 cum

735 2949 930 3026 biathathia
954 2955 992 3023 et
1023 2947 1116 3022 Juda
1148 2946 1227 3021 iiiiis
1258 2946 1344 3040 suis,
1373 2966 1466 3040 quos
1497 2945 1733 3021 ptholomeus
1765 2945 1903 3039 recepit

736 3068 939 3165 magnifice,
966 3074 1004 3142 et
1028 3067 1111 3142 iecit
1140 3066 1208 3140 iiiis
1232 3065 1443 3139 convivium
1468 3084 1646 3162 magnum
1672 3053 1899 3140 abscondens

735 3188 784 3263 ibi
810 3189 907 3263 viros
931 3193 1113 3279 armatos,
1139 3191 1176 3260 et
1200 3203 1287 3258 cum
1305 3183 1430 3258 Simon
1447 3190 1485 3258 et
1502 3182 1563 3258 iiiii
1580 3184 1661 3259 eius
1679 3184 1774 3259 bene
1789 3173 1827 3275 (⁸)
1843 3183 1900 3256 bi·

685 3327 687 3330 ·
733 3308 880 3401 bissem,
915 3307 1077 3383 surrexit
1111 3303 1345 3380 Pthoiomeus
1374 3324 1461 3379 curn
1494 3303 1580 3399 suis,
1611 3310 1650 3380 et
1679 3304 1810 3380 armati
1845 3303 1902 3377 in·

733 3435 872 3503 trantes
897 3427 1105 3504 convivium
1125 3425 1402 3500 trucidaverunt
1424 3422 1609 3499 Simonem
1636 3431 1673 3499 et
1698 3423 1789 3499 iiiios
1809 3423 1900 3516 eius,

733 3554 771 3621 et
795 3546 971 3642 quosdam
998 3545 1134 3638 socios3
1152 3563 1227 3638 quo
1244 3543 1340 3618 iacto
1357 3543 1456 3616 misit
1472 3543 1518 3618 ad
1536 3542 1754 3619 Antiochum
1773 3563 1900 3642 regern

733 3666 847 3762 Syrie
879 3685 946 3760 pro
979 3665 1127 3758 auxilio,
1159 3669 1197 3739 et
1227 3662 1406 3756 quosdam
1440 3663 1538 3736 misit
1570 3664 1617 3739 ad
1649 3665 1900 3760 occupandam

733 3785 974 3879 Hierusalem,
1000 3791 1038 3860 et
1065 3784 1156 3859 alios
1185 3783 1231 3859 ad
1261 3782 1444 3858 civitatem
1476 3781 1656 3859 Gazaram
1686 3784 1732 3859 ad
1763 3784 1902 3859 interii-

732 3905 902 3981 ciendum
937 3907 1140 3980 iohannem
1156 3895 1196 3996 (⁵)
1227 3903 1340 3978 alium
1375 3901 1489 3977 fliium
1524 3902 1692 3998 Simonis,
1724 3905 1809 3980 iicet
1841 3906 1901 3981 iiie

733 4027 877 4123 cognita
900 4034 1024 4102 morte
1048 4023 1160 4120 patris
1194 4030 1231 4098 et
1259 4022 1430 4117 fratrum,
1460 4029 1499 4098 et
1527 4023 1764 4118 presentiens
1792 4046 1899 4100 suam

733 4147 856 4244 parari
881 4145 959 4240 sibi,
984 4163 1113 4220 omnes
1138 4143 1218 4217 iiios
1242 4141 1382 4217 occidit.
1400 4143 1452 4216 Ex
1476 4144 1532 4218 bis
1556 4164 1648 4240 ergo
1673 4151 1776 4240 potes
1801 4146 1901 4220 clare

733 4266 859 4341 videre
885 4284 1001 4360 quare
1025 4269 1136 4339 autor
1158 4261 1405 4337 denominavit
1419 4252 1457 4355 (⁶)
1469 4263 1570 4358 juste
1587 4264 1693 4338 istam
1710 4265 1899 4361 regionem

733 4387 984 4461 Pthniomeam
1011 4383 1059 4458 ab
1084 4383 1153 4458 isto
1183 4381 1436 4475 antiquissimo
1461 4389 1498 4457 et
1520 4383 1679 4478 pessimo
1703 4383 1900 4478 proditore,

733 4507 796 4601 qui
816 4507 916 4582 uuila
933 4503 1064 4579 iniuria
1091 4501 1320 4596 precedente
1334 4490 1373 4594 (⁷)
1391 4499 1572 4578 interiecit
1591 4502 1637 4578 ad
1658 4523 1823 4578 mensam
1840 4525 1900 4578 so·

732 4647 863 4702 cerum
889 4644 1000 4700 suum
1017 4642 1208 4698 summum
1235 4621 1476 4716 sacerdotem,
1499 4623 1620 4697 virum
1642 4623 1900 4720 justissimum,

795 4813 822 4875 (¹)
839 4813 869 4864 lt.
886 4811 1014 4864 onnrertit
1028 4816 1056 4861 et
1071 4808 1242 4862 confirmarit.
1367 4808 1394 4872 (·)
1411 4814 1465 4870 itt,
1482 4811 1608 4874 sperabat.

794 4887 821 4950 (¹)
838 4891 890 4948 iit,
909 4887 977 4938 iilius
992 4885 1086 4938 auom.
1366 4885 1394 4948 (⁸)
1410 4886 1440 4937 li.
1458 4885 1523 4938 bene
1539 4887 1711 4938 comedissent
1726 4891 1753 4937 et
1768 4885 1899 4938 bibissent.

794 4969 822 5032 (⁸)
837 4969 868 5020 B.
883 4967 1020 5019 Ionatham
1037 4966 1117 5017 atium
1133 4963 1217 5015 fliium
1227 4963 1365 5026 Simonem
1381 4964 1426 5016 red
1442 4963 1488 5017 iiie
1496 4965 1600 5032 comita
1610 4969 1696 5018 morte
1706 4965 1796 5030 proto,
1807 4971 1834 5017 et
1844 4965 1900 5017 irn-

733 5049 806 5098 rrum
819 5044 955 5104 occisione,
972 5050 1000 5095 et
1013 5043 1188 5108 proluendum

795 5121 823 5186 (·)
836 5121 862 5174 S.
877 5121 1026 5174 nomtmrit
1362 5119 1390 5184 (”)
1406 5120 1437 5172 li.
1452 5121 1649 5173 interminio.
