4550 6844
712 937 783 1004 170
1109 951 1314 1010 consuunt
1337 955 1492 1010 imm

714 1099 874 1170 littoreo
900 1099 945 1172 ut
969 1098 1028 1175 hic
1052 1105 1140 1174 nota
1164 1101 1264 1195 quod
1288 1100 1385 1176 istud
1410 1121 1547 1177 nomen
1577 1111 1633 1178 est
1662 1106 1886 1186 eonveniens

711 1217 768 1292 isti
792 1218 949 1316 giganti:
981 1219 1242 1296 diciturenim
1273 1222 1445 1297 Briareus
1475 1223 1581 1316 quasi
1612 1223 1702 1300 briae
1716 1217 1754 1318 (⁴)
1785 1247 1884 1324 reus,

710 1337 797 1430 quia
823 1345 928 1413 extra
953 1359 1168 1415 mensuram
1195 1328 1405 1417 excessivos
1430 1342 1508 1435 init,
1534 1342 1617 1419 ideo
1642 1350 1752 1421 autor
1775 1357 1884 1424 vocat

710 1475 797 1531 enm
823 1459 1063 1554 immensum3
1081 1479 1167 1535 nam
1187 1461 1235 1536 de
1253 1460 1322 1536 isto
1338 1461 1471 1536 dicitur
1488 1463 1588 1556 qood
1604 1464 1705 1538 omni
1722 1464 1782 1542 die
1798 1487 1884 1542 ore-

709 1580 834 1654 scebat
850 1585 904 1654 tot
920 1580 1061 1676 palmis,
1078 1581 1213 1656 scilieet
1236 1599 1304 1675 per
1327 1580 1403 1655 rim
1429 1587 1468 1656 et
1491 1583 1789 1678 superbiamus
1812 1585 1882 1662 isto

709 1698 861 1774 Briareo
885 1707 997 1774 autor
1021 1700 1107 1776 tacit
1131 1699 1324 1795 specialem
1344 1701 1569 1778 mentionem
1589 1703 1796 1801 Purgatorii
1820 1725 1883 1780 ca·

709 1820 824 1915 pitulo
840 1821 916 1914 xil,
934 1819 997 1893 ubi
1014 1819 1118 1896 dicit:
1137 1823 1246 1894 vedeo
1265 1823 1418 1894 Bnureo
1432 1823 1507 1914 fitto
1524 1825 1588 1894 dot
1604 1825 1682 1896 tein.
1700 1823 1786 1898 ideo
1803 1831 1880 1898 tam

710 1940 873 2016 breviter
898 1939 956 2015 hio
980 1943 1206 2035 pertranseo.
1232 1939 1419 2015 ursnado
1445 1942 1719 2036 responsionem
1744 1943 1883 2040 Virgilii

562 2053 567 2058 '
710 2059 997 2154 adpetitionem
1032 2079 1152 2153 suam,
1185 2058 1333 2135 dicens:
1363 2063 1446 2134 ond
1459 2065 1503 2153 et,
1528 2061 1667 2139 scilieet
1700 2062 1882 2159 Virgilius,

709 2181 864 2271 rirpose:
895 2183 944 2251 Tu
970 2181 1094 2253 oedrai
1108 2185 1232 2272 Antan,
1249 2179 1355 2273 quasi
1371 2179 1486 2256 dicat:
1505 2201 1579 2257 non
1596 2188 1651 2256 est
1668 2202 1767 2257 nuno
1788 2189 1884 2258 tem·

710 2323 779 2398 pus
804 2303 948 2378 videndi
965 2303 1170 2398 Briareum,
1186 2303 1234 2379 de
1259 2323 1336 2398 quo
1358 2304 1501 2382 dicetur
1517 2305 1613 2401 alibi,
1631 2305 1695 2381 sed
1714 2312 1770 2381 est
1787 2314 1884 2382 tem-

709 2443 779 2518 pus
807 2423 951 2498 videndi
985 2421 1182 2518 Antinoum,
1207 2423 1286 2499 sine
1315 2445 1390 2518 quo
1424 2443 1497 2507 non
1528 2447 1725 2520 possumus
1758 2428 1881 2504 faeere

710 2543 780 2619 iter
796 2549 976 2636 nostrum,
994 2543 1082 2636 quia
1106 2543 1216 2619 habet
1232 2543 1396 2619 officium
1417 2546 1704 2642 transportandi3
1724 2547 1805 2622 ideo
1825 2547 1882 2622 di·

709 2664 781 2738 cit:
803 2683 929 2756 presso
952 2665 991 2737 di
1014 2667 1086 2760 qni,
1104 2664 1209 2758 quasi
1233 2664 1352 2740 dicat:
1377 2664 1450 2740 cito
1478 2666 1683 2742 ridebimus
1709 2687 1817 2760 eum;
1843 2673 1882 2742 et

709 2783 813 2859 dicit:
839 2786 900 2857 cie
910 2786 1022 2878 parta
1037 2790 1071 2858 et
1093 2781 1131 2858 de
1155 2787 1325 2877 domito,
1345 2785 1450 2880 quasi
1471 2785 1586 2864 dicat:
1605 2788 1705 2881 quod
1731 2788 1881 2862 nonio-

709 2904 836 3000 quitur
865 2904 1027 2998 confuse,
1057 2905 1152 2979 sicut
1182 2905 1395 3001 Nembroth,
1426 2925 1494 2982 neo
1527 2913 1582 2982 est
1615 2908 1760 3004 ligatus,
1785 2909 1881 2982 sicut

709 3025 882 3120 praedicti,
907 3025 957 3100 ita
983 3024 1083 3119 quod
1106 3025 1281 3123 intelliget
1306 3045 1373 3100 nos
1397 3032 1435 3101 et
1459 3026 1617 3121 portabit
1641 3047 1707 3101 nos
1733 3027 1880 3121 quando

709 3147 945 3242 requiremus
974 3165 1082 3239 eum3
1109 3145 1208 3221 unde
1239 3145 1346 3220 dicit:
1381 3149 1442 3222 cite
1469 3167 1513 3220 ne
1538 3137 1655 3240 pond
1683 3151 1742 3222 net
1768 3149 1881 3242 [nodo

707 3268 744 3341 d’
756 3270 842 3358 opni
863 3286 941 3356 reo,
966 3265 1068 3358 idest,
1095 3265 1132 3339 in
1161 3272 1290 3340 centro
1315 3265 1458 3361 inferni,
1484 3267 1547 3341 utri
1570 3267 1775 3363 puniuntur
1800 3285 1883 3362 pes·

709 3385 792 3460 simi
816 3389 1037 3480 peccatores,
1068 3383 1202 3460 seilicet
1232 3383 1445 3478 proditores.
1480 3387 1525 3459 Et
1558 3387 1617 3461 hie
1642 3392 1726 3462 nota
1753 3387 1801 3462 ad
1825 3385 1882 3459 in·

709 3503 946 3599 teiiigentiam
971 3501 1082 3576 huius
1107 3502 1272 3594 fictionis,
1298 3502 1397 3596 quod
1422 3504 1517 3578 sieut
1545 3511 1655 3578 autor
1681 3525 1793 3601 snpra
1818 3525 1882 3582 ca·

708 3622 823 3718 pitulo
848 3622 911 3694 xil
936 3620 1039 3695 finxit
1068 3639 1109 3695 se
1142 3621 1322 3716 reperisse
1351 3622 1446 3696 inter
1476 3629 1673 3697 centauros
1705 3643 1820 3696 unum
1840 3615 1877 3714 (²)

709 3742 832 3816 minus
857 3742 1009 3835 maium,
1031 3740 1167 3816 seilicet
1191 3739 1408 3836 Chironem3
1431 3741 1480 3815 ita
1505 3761 1605 3816 nuno
1628 3743 1687 3818 hio
1712 3742 1814 3840 fingit
1839 3763 1880 3819 se

708 3861 874 3938 invenire
906 3859 1002 3936 inter
1038 3861 1204 3958 gigantes
1240 3881 1354 3934 unum
1390 3860 1513 3935 minus
1550 3864 1708 3956 malum,
1744 3861 1880 3938 scilicet

708 3982 904 4076 Antheum,
922 3981 1004 4056 ideo
1021 3981 1122 4076 ponit
1145 4001 1233 4055 eum
1256 3981 1430 4075 solutum,
1447 3981 1535 4076 quia
1548 3973 1586 4073 (³)
1609 4002 1682 4056 non
1699 4003 1880 4078 praesum-

708 4102 778 4198 psit
802 4099 1014 4176 immediate
1046 4105 1174 4176 eontra
1203 4100 1304 4194 deos,
1333 4100 1397 4176 sed
1426 4107 1554 4176 eontra
1586 4101 1765 4196 homines,
1797 4101 1880 4176 iicet

709 4242 846 4299 nomen
871 4221 1097 4296 contrarium
1114 4228 1229 4296 sonet.
1247 4219 1401 4295 Videtur
1426 4220 1523 4295 enim
1549 4220 1619 4295 dici
1643 4221 1808 4296 datheus
1833 4219 1881 4296 ab

709 4346 804 4435 Anti,
830 4344 930 4438 quod
953 4346 1009 4417 est
1033 4348 1160 4416 eontra
1185 4346 1223 4416 et
1248 4339 1692 4432 tteor‚i)eus.1steenim
1718 4339 1881 4415 Amheus

708 4467 880 4541 historice
904 4463 971 4539 fuit
996 4483 1153 4559 magnus
1181 4461 1241 4535 vei
1273 4461 1489 4536 formidatus
1518 4462 1620 4558 gigas
1651 4462 1687 4534 in
1717 4459 1881 4556 partibus

709 4585 851 4678 dirieae,
880 4583 943 4676 qui
975 4585 1241 4677 pretereuntes
1270 4580 1425 4676 cogebat
1450 4579 1543 4656 inire
1568 4582 1705 4655 luctam
1739 4599 1879 4674 senum,

709 4704 844 4800 quibus
863 4724 931 4778 sua
946 4699 1158 4777 fortitudine
1182 4701 1374 4796 superatis,
1392 4700 1510 4795 capita
1527 4705 1717 4796 amputata
1742 4719 1881 4795 appen-

709 4823 818 4901 debat
837 4822 951 4920 portis
969 4821 1102 4896 domus
1118 4841 1207 4894 sure.
1224 4820 1279 4896 De
1295 4820 1365 4895 iroo
1382 4819 1525 4916 fingunt
1542 4825 1671 4914 poetae,
1689 4819 1789 4916 quod
1805 4819 1881 4894 dn·

770 5079 798 5144 (¹)
814 5079 845 5131 Β·
862 5079 958 5131 ¹³le¹!-
1085 5079 1112 5142 i')
1128 5079 1159 5132 B.
1175 5091 1258 5130 unum
1274 5078 1306 5130 da
1322 5079 1392 5144 ipsis.
1518 5076 1545 5141 (⁸)
1561 5077 1592 5129 E.
1608 5077 1669 5142 qnia
1684 5077 1739 5142 ipss
1754 5089 1815 5126 non.
