<?xml version="1.0" encoding="UTF-8"?>
<!DOCTYPE html PUBLIC "-//W3C//DTD XHTML 1.0 Transitional//EN"
    "http://www.w3.org/TR/xhtml1/DTD/xhtml1-transitional.dtd">
<html xmlns="http://www.w3.org/1999/xhtml" xml:lang="en" lang="en">
 <head>
  <title>
</title>
<meta http-equiv="Content-Type" content="text/html;charset=utf-8" />
  <meta name='ocr-system' content='tesseract 3.04.00' />
  <meta name='ocr-capabilities' content='ocr_page ocr_carea ocr_par ocr_line ocrx_word'/>
</head>
<body>
  <div class='ocr_page' id='page_1' title='image "./comentumsuperda01benvgoog_0307.png"; bbox 0 0 4606 6840; ppageno 0'>
   <div class='ocr_carea' id='block_1_1' title="bbox 704 922 1483 990">
    <p class='ocr_par' dir='ltr' id='par_1_1' title="bbox 704 922 1483 990">
     <span class='ocr_line' id='line_1_1' title="bbox 704 922 1483 990; baseline -0.003 0"><span class='ocrx_word' id='word_1_1' title='bbox 704 922 776 990; x_wconf 76' lang='lat'><strong>298</strong></span> <span class='ocrx_word' id='word_1_2' title='bbox 1100 930 1304 988; x_wconf 71' lang='lat' dir='ltr'><strong>contumuit</strong></span> <span class='ocrx_word' id='word_1_3' title='bbox 1329 933 1483 988; x_wconf 74' lang='lat' dir='ltr'><strong>iuream</strong></span> 
     </span>
    </p>
   </div>
   <div class='ocr_carea' id='block_1_2' title="bbox 699 1061 1879 2608">
    <p class='ocr_par' dir='ltr' id='par_1_2' title="bbox 699 1061 1879 2608">
     <span class='ocr_line' id='line_1_2' title="bbox 699 1061 1876 1177; baseline 0 -24"><span class='ocrx_word' id='word_1_4' title='bbox 699 1077 900 1177; x_wconf 87' lang='lat' dir='ltr'><strong>justissime</strong></span> <span class='ocrx_word' id='word_1_5' title='bbox 931 1075 1083 1173; x_wconf 80' lang='lat' dir='ltr'>punivit,</span> <span class='ocrx_word' id='word_1_6' title='bbox 1115 1083 1153 1152; x_wconf 90' lang='lat' dir='ltr'><strong>et</strong></span> <span class='ocrx_word' id='word_1_7' title='bbox 1185 1075 1234 1151; x_wconf 89' lang='lat' dir='ltr'><strong>ita</strong></span> <span class='ocrx_word' id='word_1_8' title='bbox 1268 1075 1345 1172; x_wconf 88' lang='lat' dir='ltr'><strong>ipse</strong></span> <span class='ocrx_word' id='word_1_9' title='bbox 1370 1075 1572 1172; x_wconf 87' lang='lat' dir='ltr'><strong>justissime</strong></span> <span class='ocrx_word' id='word_1_10' title='bbox 1602 1061 1784 1154; x_wconf 84' lang='lat' dir='ltr'><strong>mactatus</strong></span> <span class='ocrx_word' id='word_1_11' title='bbox 1808 1074 1876 1153; x_wconf 87' lang='lat' dir='ltr'><strong>luit</strong></span> 
     </span>
     <span class='ocr_line' id='line_1_3' title="bbox 704 1195 1876 1294; baseline -0.003 -21"><span class='ocrx_word' id='word_1_12' title='bbox 704 1197 881 1294; x_wconf 82' lang='lat' dir='ltr'><strong>lapidibus</strong></span> <span class='ocrx_word' id='word_1_13' title='bbox 906 1197 943 1271; x_wconf 93' lang='lat' dir='ltr'><strong>in</strong></span> <span class='ocrx_word' id='word_1_14' title='bbox 968 1197 1060 1292; x_wconf 89' lang='lat' dir='ltr'><strong>loro,</strong></span> <span class='ocrx_word' id='word_1_15' title='bbox 1085 1196 1174 1271; x_wconf 90' lang='lat' dir='ltr'><strong>dum</strong></span> <span class='ocrx_word' id='word_1_16' title='bbox 1200 1216 1307 1270; x_wconf 88' lang='lat' dir='ltr'><strong>suam</strong></span> <span class='ocrx_word' id='word_1_17' title='bbox 1332 1195 1584 1272; x_wconf 77' lang='lat' dir='ltr'>crudelitatem</span> <span class='ocrx_word' id='word_1_18' title='bbox 1603 1195 1748 1292; x_wconf 90' lang='lat' dir='ltr'><strong>publice</strong></span> <span class='ocrx_word' id='word_1_19' title='bbox 1766 1215 1876 1272; x_wconf 84' lang='lat' dir='ltr'><strong>ener-</strong></span> 
     </span>
     <span class='ocr_line' id='line_1_4' title="bbox 704 1315 1877 1413; baseline -0.003 -18"><span class='ocrx_word' id='word_1_20' title='bbox 704 1325 806 1395; x_wconf 91' lang='lat' dir='ltr'><strong>ceret</strong></span> <span class='ocrx_word' id='word_1_21' title='bbox 831 1323 960 1393; x_wconf 93' lang='lat' dir='ltr'><strong>contra</strong></span> <span class='ocrx_word' id='word_1_22' title='bbox 985 1315 1228 1413; x_wconf 88' lang='lat' dir='ltr'><strong>justissimum</strong></span> <span class='ocrx_word' id='word_1_23' title='bbox 1255 1316 1520 1412; x_wconf 89' lang='lat' dir='ltr'><strong>philosophum,</strong></span> <span class='ocrx_word' id='word_1_24' title='bbox 1546 1317 1640 1392; x_wconf 90' lang='lat' dir='ltr'><strong>sicut</strong></span> <span class='ocrx_word' id='word_1_25' title='bbox 1660 1317 1739 1412; x_wconf 90' lang='lat' dir='ltr'><strong>jam</strong></span> <span class='ocrx_word' id='word_1_26' title='bbox 1765 1337 1877 1412; x_wconf 89' lang='lat' dir='ltr'><strong>supra</strong></span> 
     </span>
     <span class='ocr_line' id='line_1_5' title="bbox 704 1436 1879 1534; baseline -0.003 -21"><span class='ocrx_word' id='word_1_27' title='bbox 704 1438 881 1534; x_wconf 85' lang='lat' dir='ltr'><strong>scripturn</strong></span> <span class='ocrx_word' id='word_1_28' title='bbox 912 1445 967 1514; x_wconf 89' lang='lat' dir='ltr'><strong>est</strong></span> <span class='ocrx_word' id='word_1_29' title='bbox 991 1436 1150 1532; x_wconf 90' lang='lat' dir='ltr'><strong>capitulo</strong></span> <span class='ocrx_word' id='word_1_30' title='bbox 1175 1437 1235 1532; x_wconf 89' lang='lat' dir='ltr'><strong>lV;</strong></span> <span class='ocrx_word' id='word_1_31' title='bbox 1261 1439 1450 1529; x_wconf 66' lang='lat' dir='ltr'><strong>maclovo</strong></span> <span class='ocrx_word' id='word_1_32' title='bbox 1474 1457 1540 1510; x_wconf 81' lang='lat' dir='ltr'><strong>coo</strong></span> <span class='ocrx_word' id='word_1_33' title='bbox 1565 1439 1603 1510; x_wconf 86' lang='lat' dir='ltr'><strong>lo</strong></span> <span class='ocrx_word' id='word_1_34' title='bbox 1627 1457 1709 1510; x_wconf 85' lang='lat' dir='ltr'><strong>uoce</strong></span> <span class='ocrx_word' id='word_1_35' title='bbox 1732 1439 1879 1532; x_wconf 69' lang='lat' dir='ltr'><strong>deltos-</strong></span> 
     </span>
     <span class='ocr_line' id='line_1_6' title="bbox 703 1555 1878 1653; baseline -0.002 -21"><span class='ocrx_word' id='word_1_36' title='bbox 703 1562 801 1653; x_wconf 79' lang='lat' dir='ltr'><strong>plitto,</strong></span> <span class='ocrx_word' id='word_1_37' title='bbox 833 1557 968 1632; x_wconf 88' lang='lat' dir='ltr'><strong>scilicet</strong></span> <span class='ocrx_word' id='word_1_38' title='bbox 1001 1555 1170 1651; x_wconf 89' lang='lat' dir='ltr'><strong>bominis,</strong></span> <span class='ocrx_word' id='word_1_39' title='bbox 1203 1557 1267 1652; x_wconf 86' lang='lat' dir='ltr'><strong>qui</strong></span> <span class='ocrx_word' id='word_1_40' title='bbox 1293 1557 1445 1636; x_wconf 89' lang='lat' dir='ltr'><strong>interius</strong></span> <span class='ocrx_word' id='word_1_41' title='bbox 1469 1556 1717 1652; x_wconf 80' lang='lat' dir='ltr'><strong>cruciabatur,</strong></span> <span class='ocrx_word' id='word_1_42' title='bbox 1742 1556 1878 1633; x_wconf 90' lang='lat' dir='ltr'><strong>scilicet</strong></span> 
     </span>
     <span class='ocr_line' id='line_1_7' title="bbox 704 1675 1876 1773; baseline -0.003 -19"><span class='ocrx_word' id='word_1_43' title='bbox 704 1677 836 1772; x_wconf 91' lang='lat' dir='ltr'><strong>Perilli,</strong></span> <span class='ocrx_word' id='word_1_44' title='bbox 854 1675 1038 1773; x_wconf 81' lang='lat' dir='ltr'><strong>perimens</strong></span> <span class='ocrx_word' id='word_1_45' title='bbox 1061 1677 1178 1772; x_wconf 91' lang='lat' dir='ltr'><strong>illum,</strong></span> <span class='ocrx_word' id='word_1_46' title='bbox 1198 1689 1236 1755; x_wconf 90' lang='lat' dir='ltr'><strong>et</strong></span> <span class='ocrx_word' id='word_1_47' title='bbox 1259 1677 1311 1752; x_wconf 89' lang='lat' dir='ltr'><strong>sic</strong></span> <span class='ocrx_word' id='word_1_48' title='bbox 1335 1676 1586 1772; x_wconf 79' lang='lat' dir='ltr'><strong>aequissimum</strong></span> <span class='ocrx_word' id='word_1_49' title='bbox 1612 1683 1678 1772; x_wconf 84' lang='lat' dir='ltr'><strong>est,</strong></span> <span class='ocrx_word' id='word_1_50' title='bbox 1696 1681 1789 1751; x_wconf 61' lang='lat' dir='ltr'><strong>nem</strong></span> <span class='ocrx_word' id='word_1_51' title='bbox 1812 1698 1876 1750; x_wconf 86' lang='lat' dir='ltr'><strong>ar-</strong></span> 
     </span>
     <span class='ocr_line' id='line_1_8' title="bbox 704 1790 1875 1891; baseline 0.003 -22"><span class='ocrx_word' id='word_1_52' title='bbox 704 1800 808 1890; x_wconf 72' lang='lat' dir='ltr'><strong>tifices</strong></span> <span class='ocrx_word' id='word_1_53' title='bbox 832 1802 910 1870; x_wconf 84' lang='lat' dir='ltr'><strong>orte</strong></span> <span class='ocrx_word' id='word_1_54' title='bbox 931 1799 1051 1889; x_wconf 83' lang='lat' dir='ltr'><strong>perire</strong></span> <span class='ocrx_word' id='word_1_55' title='bbox 1073 1817 1162 1890; x_wconf 81' lang='lat' dir='ltr'><strong>auo;</strong></span> <span class='ocrx_word' id='word_1_56' title='bbox 1192 1803 1229 1872; x_wconf 91' lang='lat' dir='ltr'><strong>et</strong></span> <span class='ocrx_word' id='word_1_57' title='bbox 1254 1816 1341 1872; x_wconf 86' lang='lat' dir='ltr'><strong>ecoe</strong></span> <span class='ocrx_word' id='word_1_58' title='bbox 1372 1796 1571 1891; x_wconf 87' lang='lat' dir='ltr'><strong>quomodo,</strong></span> <span class='ocrx_word' id='word_1_59' title='bbox 1603 1790 1633 1870; x_wconf 78' lang='lat' dir='ltr'><strong>sl</strong></span> <span class='ocrx_word' id='word_1_60' title='bbox 1662 1799 1737 1870; x_wconf 83' lang='lat' dir='ltr'><strong>odel</strong></span> <span class='ocrx_word' id='word_1_61' title='bbox 1757 1817 1875 1890; x_wconf 85' lang='lat' dir='ltr'><strong>pareo</strong></span> 
     </span>
     <span class='ocr_line' id='line_1_9' title="bbox 699 1915 1873 2012; baseline 0 -22"><span class='ocrx_word' id='word_1_62' title='bbox 699 1937 772 2010; x_wconf 85' lang='lat' dir='ltr'><strong>pur</strong></span> <span class='ocrx_word' id='word_1_63' title='bbox 792 1917 923 2008; x_wconf 69' lang='lat' dir='ltr'><strong>oestuo</strong></span> <span class='ocrx_word' id='word_1_64' title='bbox 948 1916 1012 1988; x_wconf 87' lang='lat' dir='ltr'><strong>dcl</strong></span> <span class='ocrx_word' id='word_1_65' title='bbox 1033 1915 1169 2007; x_wconf 63' lang='lat' dir='ltr'><strong>dolore</strong></span> <span class='ocrx_word' id='word_1_66' title='bbox 1187 1915 1271 1991; x_wconf 90' lang='lat' dir='ltr'><strong>licet</strong></span> <span class='ocrx_word' id='word_1_67' title='bbox 1290 1935 1364 1990; x_wconf 93' lang='lat' dir='ltr'><strong>non</strong></span> <span class='ocrx_word' id='word_1_68' title='bbox 1380 1921 1575 2012; x_wconf 90' lang='lat' dir='ltr'><strong>appareret</strong></span> <span class='ocrx_word' id='word_1_69' title='bbox 1590 1935 1701 1991; x_wconf 90' lang='lat' dir='ltr'><strong>causa</strong></span> <span class='ocrx_word' id='word_1_70' title='bbox 1721 1915 1873 2010; x_wconf 88' lang='lat' dir='ltr'><strong>doloris;</strong></span> 
     </span>
     <span class='ocr_line' id='line_1_10' title="bbox 702 2034 1873 2131; baseline 0.002 -21"><span class='ocrx_word' id='word_1_71' title='bbox 702 2036 785 2112; x_wconf 89' lang='lat' dir='ltr'><strong>ideo</strong></span> <span class='ocrx_word' id='word_1_72' title='bbox 810 2035 917 2111; x_wconf 90' lang='lat' dir='ltr'><strong>dicit:</strong></span> <span class='ocrx_word' id='word_1_73' title='bbox 943 2055 1013 2108; x_wconf 83' lang='lat' dir='ltr'><strong>ooo</strong></span> <span class='ocrx_word' id='word_1_74' title='bbox 1039 2042 1121 2109; x_wconf 82' lang='lat' dir='ltr'><strong>tutto</strong></span> <span class='ocrx_word' id='word_1_75' title='bbox 1145 2036 1220 2109; x_wconf 81' lang='lat' dir='ltr'><strong>odel</strong></span> <span class='ocrx_word' id='word_1_76' title='bbox 1239 2039 1333 2131; x_wconf 74' lang='lat' dir='ltr'><strong>[osse</strong></span> <span class='ocrx_word' id='word_1_77' title='bbox 1353 2038 1392 2111; x_wconf 84' lang='lat' dir='ltr'><strong>di</strong></span> <span class='ocrx_word' id='word_1_78' title='bbox 1405 2056 1518 2129; x_wconf 83' lang='lat' dir='ltr'><strong>rome,</strong></span> <span class='ocrx_word' id='word_1_79' title='bbox 1537 2035 1638 2129; x_wconf 88' lang='lat' dir='ltr'><strong>idest,</strong></span> <span class='ocrx_word' id='word_1_80' title='bbox 1656 2034 1702 2110; x_wconf 91' lang='lat' dir='ltr'><strong>de</strong></span> <span class='ocrx_word' id='word_1_81' title='bbox 1718 2035 1873 2112; x_wconf 88' lang='lat' dir='ltr'><strong>materia</strong></span> 
     </span>
     <span class='ocr_line' id='line_1_11' title="bbox 702 2154 1874 2250; baseline 0.002 -22"><span class='ocrx_word' id='word_1_82' title='bbox 702 2156 838 2231; x_wconf 87' lang='lat' dir='ltr'><strong>metalli</strong></span> <span class='ocrx_word' id='word_1_83' title='bbox 863 2154 1072 2231; x_wconf 89' lang='lat' dir='ltr'><strong>inanimata.</strong></span> <span class='ocrx_word' id='word_1_84' title='bbox 1099 2155 1144 2228; x_wconf 84' lang='lat' dir='ltr'><strong>Et</strong></span> <span class='ocrx_word' id='word_1_85' title='bbox 1169 2157 1238 2230; x_wconf 91' lang='lat' dir='ltr'><strong>boo</strong></span> <span class='ocrx_word' id='word_1_86' title='bbox 1259 2161 1344 2231; x_wconf 90' lang='lat' dir='ltr'><strong>uota</strong></span> <span class='ocrx_word' id='word_1_87' title='bbox 1365 2161 1545 2250; x_wconf 88' lang='lat' dir='ltr'><strong>quantum</strong></span> <span class='ocrx_word' id='word_1_88' title='bbox 1564 2154 1788 2249; x_wconf 86' lang='lat' dir='ltr'><strong>comparatio</strong></span> <span class='ocrx_word' id='word_1_89' title='bbox 1805 2154 1874 2230; x_wconf 89' lang='lat' dir='ltr'><strong>ista</strong></span> 
     </span>
     <span class='ocr_line' id='line_1_12' title="bbox 703 2273 1872 2372; baseline -0.003 -22"><span class='ocrx_word' id='word_1_90' title='bbox 703 2274 924 2372; x_wconf 91' lang='lat' dir='ltr'><strong>pulcerrima</strong></span> <span class='ocrx_word' id='word_1_91' title='bbox 958 2273 1205 2370; x_wconf 84' lang='lat' dir='ltr'><strong>propriissime</strong></span> <span class='ocrx_word' id='word_1_92' title='bbox 1234 2274 1518 2370; x_wconf 78' lang='lat' dir='ltr'><strong>correspondeat</strong></span> <span class='ocrx_word' id='word_1_93' title='bbox 1553 2273 1759 2370; x_wconf 88' lang='lat' dir='ltr'><strong>proposito;</strong></span> <span class='ocrx_word' id='word_1_94' title='bbox 1785 2293 1872 2348; x_wconf 89' lang='lat' dir='ltr'><strong>narn</strong></span> 
     </span>
     <span class='ocr_line' id='line_1_13' title="bbox 703 2391 1874 2489; baseline -0.001 -20"><span class='ocrx_word' id='word_1_95' title='bbox 703 2395 797 2470; x_wconf 87' lang='lat' dir='ltr'><strong>sicut</strong></span> <span class='ocrx_word' id='word_1_96' title='bbox 822 2393 985 2468; x_wconf 90' lang='lat' dir='ltr'><strong>inclusus</strong></span> <span class='ocrx_word' id='word_1_97' title='bbox 1010 2394 1047 2468; x_wconf 93' lang='lat' dir='ltr'><strong>in</strong></span> <span class='ocrx_word' id='word_1_98' title='bbox 1072 2394 1168 2468; x_wconf 84' lang='lat' dir='ltr'><strong>bove</strong></span> <span class='ocrx_word' id='word_1_99' title='bbox 1192 2393 1306 2469; x_wconf 90' lang='lat' dir='ltr'><strong>siculo</strong></span> <span class='ocrx_word' id='word_1_100' title='bbox 1331 2393 1566 2468; x_wconf 85' lang='lat' dir='ltr'><strong>cruciabatur</strong></span> <span class='ocrx_word' id='word_1_101' title='bbox 1588 2391 1793 2489; x_wconf 89' lang='lat' dir='ltr'><strong>perignem</strong></span> <span class='ocrx_word' id='word_1_102' title='bbox 1810 2411 1874 2468; x_wconf 89' lang='lat' dir='ltr'><strong>oc·</strong></span> 
     </span>
     <span class='ocr_line' id='line_1_14' title="bbox 702 2512 1874 2608; baseline -0.002 -19"><span class='ocrx_word' id='word_1_103' title='bbox 702 2514 811 2607; x_wconf 91' lang='lat' dir='ltr'><strong>culte,</strong></span> <span class='ocrx_word' id='word_1_104' title='bbox 838 2513 887 2588; x_wconf 90' lang='lat' dir='ltr'><strong>ita</strong></span> <span class='ocrx_word' id='word_1_105' title='bbox 913 2512 1012 2608; x_wconf 88' lang='lat' dir='ltr'><strong>quod</strong></span> <span class='ocrx_word' id='word_1_106' title='bbox 1028 2533 1103 2588; x_wconf 94' lang='lat' dir='ltr'><strong>non</strong></span> <span class='ocrx_word' id='word_1_107' title='bbox 1127 2513 1349 2608; x_wconf 81' lang='lat' dir='ltr'><strong>apparebat3</strong></span> <span class='ocrx_word' id='word_1_108' title='bbox 1375 2513 1425 2588; x_wconf 92' lang='lat' dir='ltr'><strong>ita</strong></span> <span class='ocrx_word' id='word_1_109' title='bbox 1449 2512 1517 2588; x_wconf 83' lang='lat' dir='ltr'><strong>iste</strong></span> <span class='ocrx_word' id='word_1_110' title='bbox 1541 2513 1687 2608; x_wconf 87' lang='lat' dir='ltr'><strong>spiritus</strong></span> <span class='ocrx_word' id='word_1_111' title='bbox 1711 2513 1874 2587; x_wconf 90' lang='lat' dir='ltr'><strong>inclusus</strong></span> 
     </span>
    </p>
   </div>
   <div class='ocr_carea' id='block_1_3' title="bbox 703 2631 1987 2729">
    <p class='ocr_par' dir='ltr' id='par_1_3' title="bbox 703 2631 1987 2729">
     <span class='ocr_line' id='line_1_15' title="bbox 703 2631 1987 2729; baseline -0.003 -23"><span class='ocrx_word' id='word_1_112' title='bbox 703 2634 740 2707; x_wconf 94' lang='lat' dir='ltr'><strong>in</strong></span> <span class='ocrx_word' id='word_1_113' title='bbox 764 2635 913 2708; x_wconf 90' lang='lat' dir='ltr'><strong>tlamma</strong></span> <span class='ocrx_word' id='word_1_114' title='bbox 939 2631 1081 2708; x_wconf 90' lang='lat' dir='ltr'><strong>italica:</strong></span> <span class='ocrx_word' id='word_1_115' title='bbox 1108 2638 1146 2708; x_wconf 90' lang='lat' dir='ltr'><strong>et</strong></span> <span class='ocrx_word' id='word_1_116' title='bbox 1170 2631 1263 2707; x_wconf 86' lang='lat' dir='ltr'><strong>sicut</strong></span> <span class='ocrx_word' id='word_1_117' title='bbox 1287 2652 1360 2707; x_wconf 79' lang='lat' dir='ltr'><strong>vox</strong></span> <span class='ocrx_word' id='word_1_118' title='bbox 1386 2632 1481 2706; x_wconf 92' lang='lat' dir='ltr'><strong>illius</strong></span> <span class='ocrx_word' id='word_1_119' title='bbox 1507 2653 1580 2708; x_wconf 94' lang='lat' dir='ltr'><strong>non</strong></span> <span class='ocrx_word' id='word_1_120' title='bbox 1606 2638 1687 2708; x_wconf 89' lang='lat' dir='ltr'><strong>erat</strong></span> <span class='ocrx_word' id='word_1_121' title='bbox 1705 2631 1874 2729; x_wconf 88' lang='lat' dir='ltr'><strong>intelligi·</strong></span> <span class='ocrx_word' id='word_1_122' title='bbox 1982 2642 1987 2654; x_wconf 87' lang='lat'><strong>·</strong></span> 
     </span>
    </p>
   </div>
   <div class='ocr_carea' id='block_1_4' title="bbox 693 2744 1875 4739">
    <p class='ocr_par' dir='ltr' id='par_1_4' title="bbox 693 2744 1875 4739">
     <span class='ocr_line' id='line_1_16' title="bbox 705 2744 1874 2848; baseline -0.003 -20"><span class='ocrx_word' id='word_1_123' title='bbox 705 2753 809 2848; x_wconf 90' lang='lat' dir='ltr'><strong>bilis;</strong></span> <span class='ocrx_word' id='word_1_124' title='bbox 835 2753 886 2826; x_wconf 93' lang='lat' dir='ltr'><strong>ita</strong></span> <span class='ocrx_word' id='word_1_125' title='bbox 902 2744 939 2846; x_wconf 78' lang='lat'><strong>(¹)</strong></span> <span class='ocrx_word' id='word_1_126' title='bbox 967 2772 1041 2828; x_wconf 81' lang='lat' dir='ltr'><strong>vox</strong></span> <span class='ocrx_word' id='word_1_127' title='bbox 1065 2751 1168 2826; x_wconf 84' lang='lat' dir='ltr'><strong>istius</strong></span> <span class='ocrx_word' id='word_1_128' title='bbox 1194 2771 1268 2827; x_wconf 95' lang='lat' dir='ltr'><strong>non</strong></span> <span class='ocrx_word' id='word_1_129' title='bbox 1293 2758 1374 2826; x_wconf 89' lang='lat' dir='ltr'><strong>erat</strong></span> <span class='ocrx_word' id='word_1_130' title='bbox 1399 2751 1596 2827; x_wconf 88' lang='lat' dir='ltr'><strong>intellecta:</strong></span> <span class='ocrx_word' id='word_1_131' title='bbox 1622 2758 1659 2828; x_wconf 90' lang='lat' dir='ltr'><strong>et</strong></span> <span class='ocrx_word' id='word_1_132' title='bbox 1683 2751 1777 2826; x_wconf 88' lang='lat' dir='ltr'><strong>sicut</strong></span> <span class='ocrx_word' id='word_1_133' title='bbox 1801 2771 1874 2827; x_wconf 81' lang='lat' dir='ltr'><strong>vox</strong></span> 
     </span>
     <span class='ocr_line' id='line_1_17' title="bbox 702 2870 1875 2966; baseline -0.002 -18"><span class='ocrx_word' id='word_1_134' title='bbox 702 2873 894 2949; x_wconf 88' lang='lat' dir='ltr'><strong>videbatur</strong></span> <span class='ocrx_word' id='word_1_135' title='bbox 924 2873 1028 2948; x_wconf 84' lang='lat' dir='ltr'><strong>exire</strong></span> <span class='ocrx_word' id='word_1_136' title='bbox 1057 2873 1223 2948; x_wconf 82' lang='lat' dir='ltr'><strong>debore</strong></span> <span class='ocrx_word' id='word_1_137' title='bbox 1247 2893 1347 2947; x_wconf 86' lang='lat' dir='ltr'><strong>aereo</strong></span> <span class='ocrx_word' id='word_1_138' title='bbox 1374 2870 1540 2966; x_wconf 85' lang='lat' dir='ltr'><strong>ardente,</strong></span> <span class='ocrx_word' id='word_1_139' title='bbox 1566 2873 1664 2966; x_wconf 88' lang='lat' dir='ltr'><strong>quod</strong></span> <span class='ocrx_word' id='word_1_140' title='bbox 1696 2879 1777 2948; x_wconf 90' lang='lat' dir='ltr'><strong>erat</strong></span> <span class='ocrx_word' id='word_1_141' title='bbox 1805 2873 1875 2947; x_wconf 91' lang='lat' dir='ltr'><strong>mi-</strong></span> 
     </span>
     <span class='ocr_line' id='line_1_18' title="bbox 703 2983 1873 3087; baseline -0.002 -20"><span class='ocrx_word' id='word_1_142' title='bbox 703 2992 817 3068; x_wconf 91' lang='lat' dir='ltr'><strong>rabile</strong></span> <span class='ocrx_word' id='word_1_143' title='bbox 831 2983 893 3086; x_wconf 87' lang='lat'><strong>(¹);</strong></span> <span class='ocrx_word' id='word_1_144' title='bbox 918 2991 968 3067; x_wconf 86' lang='lat' dir='ltr'><strong>ita</strong></span> <span class='ocrx_word' id='word_1_145' title='bbox 1000 3011 1047 3067; x_wconf 84' lang='lat' dir='ltr'><strong>ex</strong></span> <span class='ocrx_word' id='word_1_146' title='bbox 1077 2994 1227 3067; x_wconf 90' lang='lat' dir='ltr'><strong>tlamma</strong></span> <span class='ocrx_word' id='word_1_147' title='bbox 1251 2990 1343 3087; x_wconf 89' lang='lat' dir='ltr'><strong>ignis</strong></span> <span class='ocrx_word' id='word_1_148' title='bbox 1371 2990 1531 3066; x_wconf 88' lang='lat' dir='ltr'><strong>ardentis</strong></span> <span class='ocrx_word' id='word_1_149' title='bbox 1556 2989 1750 3065; x_wconf 82' lang='lat' dir='ltr'><strong>ridebatur</strong></span> <span class='ocrx_word' id='word_1_150' title='bbox 1775 3011 1873 3065; x_wconf 89' lang='lat' dir='ltr'><strong>nunc</strong></span> 
     </span>
     <span class='ocr_line' id='line_1_19' title="bbox 699 3109 1872 3206; baseline -0.003 -18"><span class='ocrx_word' id='word_1_151' title='bbox 699 3112 803 3188; x_wconf 89' lang='lat' dir='ltr'><strong>exire</strong></span> <span class='ocrx_word' id='word_1_152' title='bbox 827 3131 901 3186; x_wconf 85' lang='lat' dir='ltr'><strong>vox</strong></span> <span class='ocrx_word' id='word_1_153' title='bbox 926 3131 1013 3186; x_wconf 92' lang='lat' dir='ltr'><strong>curn</strong></span> <span class='ocrx_word' id='word_1_154' title='bbox 1038 3111 1175 3205; x_wconf 91' lang='lat' dir='ltr'><strong>dolore,</strong></span> <span class='ocrx_word' id='word_1_155' title='bbox 1201 3110 1300 3206; x_wconf 89' lang='lat' dir='ltr'><strong>quod</strong></span> <span class='ocrx_word' id='word_1_156' title='bbox 1325 3116 1406 3185; x_wconf 88' lang='lat' dir='ltr'><strong>erat</strong></span> <span class='ocrx_word' id='word_1_157' title='bbox 1432 3109 1614 3185; x_wconf 90' lang='lat' dir='ltr'><strong>mirabile:</strong></span> <span class='ocrx_word' id='word_1_158' title='bbox 1639 3116 1678 3185; x_wconf 87' lang='lat' dir='ltr'><strong>et</strong></span> <span class='ocrx_word' id='word_1_159' title='bbox 1701 3109 1796 3184; x_wconf 89' lang='lat' dir='ltr'><strong>sicut</strong></span> <span class='ocrx_word' id='word_1_160' title='bbox 1811 3109 1872 3184; x_wconf 91' lang='lat' dir='ltr'><strong>ille</strong></span> 
     </span>
     <span class='ocr_line' id='line_1_20' title="bbox 699 3221 1871 3328; baseline -0.004 -21"><span class='ocrx_word' id='word_1_161' title='bbox 699 3230 830 3307; x_wconf 83' lang='lat' dir='ltr'><strong>artilex</strong></span> <span class='ocrx_word' id='word_1_162' title='bbox 856 3230 913 3305; x_wconf 86' lang='lat' dir='ltr'><strong>vir</strong></span> <span class='ocrx_word' id='word_1_163' title='bbox 935 3231 1058 3328; x_wconf 91' lang='lat' dir='ltr'><strong>magni</strong></span> <span class='ocrx_word' id='word_1_164' title='bbox 1075 3230 1210 3328; x_wconf 89' lang='lat' dir='ltr'><strong>ingenii</strong></span> <span class='ocrx_word' id='word_1_165' title='bbox 1227 3230 1296 3307; x_wconf 89' lang='lat' dir='ltr'><strong>luit</strong></span> <span class='ocrx_word' id='word_1_166' title='bbox 1313 3250 1403 3304; x_wconf 86' lang='lat' dir='ltr'><strong>nsua</strong></span> <span class='ocrx_word' id='word_1_167' title='bbox 1421 3235 1502 3305; x_wconf 90' lang='lat' dir='ltr'><strong>arte</strong></span> <span class='ocrx_word' id='word_1_168' title='bbox 1518 3251 1586 3306; x_wconf 90' lang='lat' dir='ltr'><strong>sua</strong></span> <span class='ocrx_word' id='word_1_169' title='bbox 1603 3230 1641 3305; x_wconf 95' lang='lat' dir='ltr'><strong>in</strong></span> <span class='ocrx_word' id='word_1_170' title='bbox 1654 3221 1691 3322; x_wconf 70' lang='lat'><strong>(³)</strong></span> <span class='ocrx_word' id='word_1_171' title='bbox 1710 3230 1871 3322; x_wconf 76' lang='lat' dir='ltr'><strong>malum,</strong></span> 
     </span>
     <span class='ocr_line' id='line_1_21' title="bbox 699 3348 1872 3426; baseline -0.001 -2"><span class='ocrx_word' id='word_1_172' title='bbox 699 3351 749 3426; x_wconf 89' lang='lat' dir='ltr'><strong>ita</strong></span> <span class='ocrx_word' id='word_1_173' title='bbox 775 3358 813 3426; x_wconf 90' lang='lat' dir='ltr'><strong>et</strong></span> <span class='ocrx_word' id='word_1_174' title='bbox 838 3350 915 3426; x_wconf 88' lang='lat' dir='ltr'><strong>iste.</strong></span> <span class='ocrx_word' id='word_1_175' title='bbox 941 3350 1033 3425; x_wconf 89' lang='lat' dir='ltr'><strong>Nam</strong></span> <span class='ocrx_word' id='word_1_176' title='bbox 1059 3349 1153 3425; x_wconf 90' lang='lat' dir='ltr'><strong>sicut</strong></span> <span class='ocrx_word' id='word_1_177' title='bbox 1178 3349 1331 3424; x_wconf 87' lang='lat' dir='ltr'><strong>Perillus</strong></span> <span class='ocrx_word' id='word_1_178' title='bbox 1358 3348 1602 3423; x_wconf 85' lang='lat' dir='ltr'><strong>astutissimus</strong></span> <span class='ocrx_word' id='word_1_179' title='bbox 1627 3349 1752 3424; x_wconf 91' lang='lat' dir='ltr'><strong>docuit</strong></span> <span class='ocrx_word' id='word_1_180' title='bbox 1776 3349 1872 3424; x_wconf 93' lang='lat' dir='ltr'><strong>Pba-</strong></span> 
     </span>
     <span class='ocr_line' id='line_1_22' title="bbox 701 3457 1870 3563; baseline -0.002 -21"><span class='ocrx_word' id='word_1_181' title='bbox 701 3470 808 3544; x_wconf 86' lang='lat' dir='ltr'><strong>larim</strong></span> <span class='ocrx_word' id='word_1_182' title='bbox 836 3469 1101 3543; x_wconf 85' lang='lat' dir='ltr'><strong>astutissimam</strong></span> <span class='ocrx_word' id='word_1_183' title='bbox 1117 3457 1154 3559; x_wconf 73' lang='lat'><strong>(⁸)</strong></span> <span class='ocrx_word' id='word_1_184' title='bbox 1181 3468 1313 3563; x_wconf 93' lang='lat' dir='ltr'><strong>punire</strong></span> <span class='ocrx_word' id='word_1_185' title='bbox 1337 3469 1503 3542; x_wconf 88' lang='lat' dir='ltr'><strong>inimicos</strong></span> <span class='ocrx_word' id='word_1_186' title='bbox 1519 3487 1606 3542; x_wconf 86' lang='lat' dir='ltr'><strong>suos</strong></span> <span class='ocrx_word' id='word_1_187' title='bbox 1636 3488 1704 3562; x_wconf 91' lang='lat' dir='ltr'><strong>per</strong></span> <span class='ocrx_word' id='word_1_188' title='bbox 1731 3487 1870 3541; x_wconf 85' lang='lat' dir='ltr'><strong>novum</strong></span> 
     </span>
     <span class='ocr_line' id='line_1_23' title="bbox 701 3585 1870 3681; baseline -0.003 -19"><span class='ocrx_word' id='word_1_189' title='bbox 701 3589 878 3681; x_wconf 90' lang='lat' dir='ltr'><strong>modum;</strong></span> <span class='ocrx_word' id='word_1_190' title='bbox 905 3587 954 3662; x_wconf 88' lang='lat' dir='ltr'><strong>ita</strong></span> <span class='ocrx_word' id='word_1_191' title='bbox 986 3587 1054 3662; x_wconf 87' lang='lat' dir='ltr'><strong>iste</strong></span> <span class='ocrx_word' id='word_1_192' title='bbox 1079 3606 1204 3661; x_wconf 88' lang='lat' dir='ltr'><strong>comes</strong></span> <span class='ocrx_word' id='word_1_193' title='bbox 1228 3586 1472 3661; x_wconf 88' lang='lat' dir='ltr'><strong>astutissimus</strong></span> <span class='ocrx_word' id='word_1_194' title='bbox 1496 3585 1620 3662; x_wconf 93' lang='lat' dir='ltr'><strong>docuit</strong></span> <span class='ocrx_word' id='word_1_195' title='bbox 1645 3587 1870 3661; x_wconf 88' lang='lat' dir='ltr'><strong>Boniiacium</strong></span> 
     </span>
     <span class='ocr_line' id='line_1_24' title="bbox 701 3705 1871 3804; baseline -0.003 -21"><span class='ocrx_word' id='word_1_196' title='bbox 701 3708 978 3802; x_wconf 87' lang='lat' dir='ltr'><strong>astutissimum,</strong></span> <span class='ocrx_word' id='word_1_197' title='bbox 995 3707 1059 3802; x_wconf 87' lang='lat' dir='ltr'><strong>qui</strong></span> <span class='ocrx_word' id='word_1_198' title='bbox 1081 3706 1148 3782; x_wconf 88' lang='lat' dir='ltr'><strong>tuit</strong></span> <span class='ocrx_word' id='word_1_199' title='bbox 1164 3726 1321 3802; x_wconf 90' lang='lat' dir='ltr'><strong>magnus</strong></span> <span class='ocrx_word' id='word_1_200' title='bbox 1338 3713 1517 3804; x_wconf 88' lang='lat' dir='ltr'><strong>tyrannus</strong></span> <span class='ocrx_word' id='word_1_201' title='bbox 1536 3705 1631 3781; x_wconf 87' lang='lat' dir='ltr'><strong>inter</strong></span> <span class='ocrx_word' id='word_1_202' title='bbox 1652 3705 1871 3800; x_wconf 82' lang='lat' dir='ltr'><strong>sacerdotes,</strong></span> 
     </span>
     <span class='ocr_line' id='line_1_25' title="bbox 700 3821 1872 3922; baseline -0.003 -18"><span class='ocrx_word' id='word_1_203' title='bbox 700 3827 948 3904; x_wconf 83' lang='lat' dir='ltr'><strong>exterminare</strong></span> <span class='ocrx_word' id='word_1_204' title='bbox 980 3826 1145 3902; x_wconf 90' lang='lat' dir='ltr'><strong>inimicos</strong></span> <span class='ocrx_word' id='word_1_205' title='bbox 1176 3845 1262 3900; x_wconf 86' lang='lat' dir='ltr'><strong>suos</strong></span> <span class='ocrx_word' id='word_1_206' title='bbox 1294 3845 1361 3922; x_wconf 93' lang='lat' dir='ltr'><strong>per</strong></span> <span class='ocrx_word' id='word_1_207' title='bbox 1384 3846 1523 3901; x_wconf 85' lang='lat' dir='ltr'><strong>novum</strong></span> <span class='ocrx_word' id='word_1_208' title='bbox 1549 3825 1750 3900; x_wconf 90' lang='lat' dir='ltr'><strong>consilium.</strong></span> <span class='ocrx_word' id='word_1_209' title='bbox 1777 3821 1872 3900; x_wconf 85' lang='lat' dir='ltr'><strong>Nota</strong></span> 
     </span>
     <span class='ocr_line' id='line_1_26' title="bbox 699 3945 1870 4043; baseline -0.005 -19"><span class='ocrx_word' id='word_1_210' title='bbox 699 3947 810 4024; x_wconf 88' lang='lat' dir='ltr'><strong>etiarn</strong></span> <span class='ocrx_word' id='word_1_211' title='bbox 823 3949 922 4043; x_wconf 86' lang='lat' dir='ltr'><strong>quod</strong></span> <span class='ocrx_word' id='word_1_212' title='bbox 939 3947 1058 4023; x_wconf 89' lang='lat' dir='ltr'><strong>Sicilia</strong></span> <span class='ocrx_word' id='word_1_213' title='bbox 1075 3946 1143 4021; x_wconf 88' lang='lat' dir='ltr'><strong>luit</strong></span> <span class='ocrx_word' id='word_1_214' title='bbox 1160 3946 1264 4041; x_wconf 87' lang='lat' dir='ltr'><strong>quasi</strong></span> <span class='ocrx_word' id='word_1_215' title='bbox 1282 3966 1429 4042; x_wconf 91' lang='lat' dir='ltr'><strong>semper</strong></span> <span class='ocrx_word' id='word_1_216' title='bbox 1446 3945 1591 4021; x_wconf 86' lang='lat' dir='ltr'><strong>officina</strong></span> <span class='ocrx_word' id='word_1_217' title='bbox 1609 3951 1870 4043; x_wconf 73' lang='lat' dir='ltr'><strong>tyrannorum,</strong></span> 
     </span>
     <span class='ocr_line' id='line_1_27' title="bbox 698 4063 1869 4163; baseline -0.003 -21"><span class='ocrx_word' id='word_1_218' title='bbox 698 4069 746 4143; x_wconf 95' lang='lat' dir='ltr'><strong>ibi</strong></span> <span class='ocrx_word' id='word_1_219' title='bbox 773 4069 871 4144; x_wconf 89' lang='lat' dir='ltr'><strong>enim</strong></span> <span class='ocrx_word' id='word_1_220' title='bbox 899 4069 1050 4144; x_wconf 90' lang='lat' dir='ltr'><strong>luerunt</strong></span> <span class='ocrx_word' id='word_1_221' title='bbox 1070 4067 1156 4143; x_wconf 90' lang='lat' dir='ltr'><strong>olim</strong></span> <span class='ocrx_word' id='word_1_222' title='bbox 1174 4067 1366 4163; x_wconf 71' lang='lat' dir='ltr'><strong>agatocleo</strong></span> <span class='ocrx_word' id='word_1_223' title='bbox 1391 4075 1430 4142; x_wconf 90' lang='lat' dir='ltr'><strong>et</strong></span> <span class='ocrx_word' id='word_1_224' title='bbox 1454 4065 1700 4162; x_wconf 84' lang='lat' dir='ltr'><strong>Hieronymus</strong></span> <span class='ocrx_word' id='word_1_225' title='bbox 1725 4063 1869 4161; x_wconf 84' lang='lat' dir='ltr'><strong>tyranni</strong></span> 
     </span>
     <span class='ocr_line' id='line_1_28' title="bbox 696 4184 1869 4286; baseline -0.005 -24"><span class='ocrx_word' id='word_1_226' title='bbox 696 4189 921 4286; x_wconf 91' lang='lat' dir='ltr'><strong>syracusani,</strong></span> <span class='ocrx_word' id='word_1_227' title='bbox 946 4194 985 4264; x_wconf 90' lang='lat' dir='ltr'><strong>et</strong></span> <span class='ocrx_word' id='word_1_228' title='bbox 1008 4188 1083 4262; x_wconf 95' lang='lat' dir='ltr'><strong>duo</strong></span> <span class='ocrx_word' id='word_1_229' title='bbox 1108 4187 1278 4283; x_wconf 85' lang='lat' dir='ltr'><strong>Dionysii,</strong></span> <span class='ocrx_word' id='word_1_230' title='bbox 1304 4192 1411 4282; x_wconf 86' lang='lat' dir='ltr'><strong>pater</strong></span> <span class='ocrx_word' id='word_1_231' title='bbox 1436 4192 1473 4261; x_wconf 89' lang='lat' dir='ltr'><strong>et</strong></span> <span class='ocrx_word' id='word_1_232' title='bbox 1500 4184 1596 4261; x_wconf 93' lang='lat' dir='ltr'><strong>tllius</strong></span> <span class='ocrx_word' id='word_1_233' title='bbox 1612 4203 1869 4282; x_wconf 90' lang='lat' dir='ltr'><strong>syracusanus,</strong></span> 
     </span>
     <span class='ocr_line' id='line_1_29' title="bbox 695 4301 1869 4403; baseline -0.008 -19"><span class='ocrx_word' id='word_1_234' title='bbox 695 4319 734 4386; x_wconf 88' lang='lat' dir='ltr'><strong>et</strong></span> <span class='ocrx_word' id='word_1_235' title='bbox 750 4309 817 4384; x_wconf 93' lang='lat' dir='ltr'><strong>iste</strong></span> <span class='ocrx_word' id='word_1_236' title='bbox 834 4307 996 4383; x_wconf 88' lang='lat' dir='ltr'><strong>Phalaris</strong></span> <span class='ocrx_word' id='word_1_237' title='bbox 1016 4306 1278 4403; x_wconf 86' lang='lat' dir='ltr'><strong>agrigentinus.</strong></span> <span class='ocrx_word' id='word_1_238' title='bbox 1298 4305 1368 4381; x_wconf 91' lang='lat' dir='ltr'><strong>Sed</strong></span> <span class='ocrx_word' id='word_1_239' title='bbox 1389 4306 1425 4380; x_wconf 93' lang='lat' dir='ltr'><strong>in</strong></span> <span class='ocrx_word' id='word_1_240' title='bbox 1456 4304 1586 4381; x_wconf 91' lang='lat' dir='ltr'><strong>eadem</strong></span> <span class='ocrx_word' id='word_1_241' title='bbox 1618 4305 1765 4379; x_wconf 84' lang='lat' dir='ltr'><strong>civitate</strong></span> <span class='ocrx_word' id='word_1_242' title='bbox 1793 4301 1869 4376; x_wconf 93' lang='lat' dir='ltr'><strong>duo</strong></span> 
     </span>
     <span class='ocr_line' id='line_1_30' title="bbox 693 4412 1866 4520; baseline -0.008 -18"><span class='ocrx_word' id='word_1_243' title='bbox 693 4427 764 4503; x_wconf 87' lang='lat' dir='ltr'><strong>viri</strong></span> <span class='ocrx_word' id='word_1_244' title='bbox 785 4428 947 4501; x_wconf 80' lang='lat' dir='ltr'><strong>maxime</strong></span> <span class='ocrx_word' id='word_1_245' title='bbox 964 4426 1137 4501; x_wconf 88' lang='lat' dir='ltr'><strong>contrarii</strong></span> <span class='ocrx_word' id='word_1_246' title='bbox 1154 4424 1321 4500; x_wconf 91' lang='lat' dir='ltr'><strong>tloruisse</strong></span> <span class='ocrx_word' id='word_1_247' title='bbox 1338 4425 1526 4520; x_wconf 89' lang='lat' dir='ltr'><strong>leguntur,</strong></span> <span class='ocrx_word' id='word_1_248' title='bbox 1545 4423 1682 4498; x_wconf 88' lang='lat' dir='ltr'><strong>scilicet</strong></span> <span class='ocrx_word' id='word_1_249' title='bbox 1697 4419 1817 4496; x_wconf 89' lang='lat' dir='ltr'><strong>Galias</strong></span> <span class='ocrx_word' id='word_1_250' title='bbox 1829 4412 1866 4512; x_wconf 77' lang='lat'><strong>(⁵)</strong></span> 
     </span>
     <span class='ocr_line' id='line_1_31' title="bbox 695 4539 1869 4642; baseline -0.007 -22"><span class='ocrx_word' id='word_1_251' title='bbox 695 4545 956 4642; x_wconf 85' lang='lat' dir='ltr'><strong>agrigentinus,</strong></span> <span class='ocrx_word' id='word_1_252' title='bbox 982 4549 1087 4640; x_wconf 83' lang='lat' dir='ltr'><strong>pater</strong></span> <span class='ocrx_word' id='word_1_253' title='bbox 1110 4542 1229 4618; x_wconf 85' lang='lat' dir='ltr'><strong>onrnis</strong></span> <span class='ocrx_word' id='word_1_254' title='bbox 1255 4541 1490 4617; x_wconf 87' lang='lat' dir='ltr'><strong>humanitatis</strong></span> <span class='ocrx_word' id='word_1_255' title='bbox 1515 4547 1553 4616; x_wconf 92' lang='lat' dir='ltr'><strong>et</strong></span> <span class='ocrx_word' id='word_1_256' title='bbox 1578 4539 1812 4634; x_wconf 85' lang='lat' dir='ltr'><strong>liberalitatis,</strong></span> <span class='ocrx_word' id='word_1_257' title='bbox 1831 4545 1869 4614; x_wconf 89' lang='lat' dir='ltr'><strong>et</strong></span> 
     </span>
     <span class='ocr_line' id='line_1_32' title="bbox 695 4660 1869 4739; baseline -0.002 -3"><span class='ocrx_word' id='word_1_258' title='bbox 695 4664 857 4739; x_wconf 90' lang='lat' dir='ltr'><strong>Pbalaris</strong></span> <span class='ocrx_word' id='word_1_259' title='bbox 890 4670 999 4739; x_wconf 89' lang='lat' dir='ltr'><strong>autor</strong></span> <span class='ocrx_word' id='word_1_260' title='bbox 1032 4663 1151 4738; x_wconf 91' lang='lat' dir='ltr'><strong>omnis</strong></span> <span class='ocrx_word' id='word_1_261' title='bbox 1182 4662 1456 4738; x_wconf 85' lang='lat' dir='ltr'><strong>inhumanitatis</strong></span> <span class='ocrx_word' id='word_1_262' title='bbox 1490 4667 1528 4736; x_wconf 90' lang='lat' dir='ltr'><strong>et</strong></span> <span class='ocrx_word' id='word_1_263' title='bbox 1560 4660 1796 4736; x_wconf 89' lang='lat' dir='ltr'><strong>crudelitatis.</strong></span> <span class='ocrx_word' id='word_1_264' title='bbox 1818 4701 1869 4714; x_wconf 97' lang='lat'>-</span> 
     </span>
    </p>
   </div>
   <div class='ocr_carea' id='block_1_5' title="bbox 759 4872 1851 5091">
    <p class='ocr_par' dir='ltr' id='par_1_5' title="bbox 759 4872 1851 5091">
     <span class='ocr_line' id='line_1_33' title="bbox 759 4872 1851 4941; baseline -0.005 -12"><span class='ocrx_word' id='word_1_265' title='bbox 759 4876 885 4941; x_wconf 75' lang='lat' dir='ltr'><strong>(¹)1t.lta</strong></span> <span class='ocrx_word' id='word_1_266' title='bbox 901 4889 950 4930; x_wconf 82' lang='lat' dir='ltr'><strong>neo</strong></span> <span class='ocrx_word' id='word_1_267' title='bbox 965 4877 1039 4930; x_wconf 75' lang='lat' dir='ltr'><strong>bitus</strong></span> <span class='ocrx_word' id='word_1_268' title='bbox 1053 4882 1110 4928; x_wconf 78' lang='lat' dir='ltr'><strong>arnt</strong></span> <span class='ocrx_word' id='word_1_269' title='bbox 1125 4875 1267 4928; x_wconf 78' lang='lat' dir='ltr'><strong>intellecta.</strong></span> <span class='ocrx_word' id='word_1_270' title='bbox 1333 4873 1362 4938; x_wconf 73' lang='lat'><strong>(⁸)</strong></span> <span class='ocrx_word' id='word_1_271' title='bbox 1379 4873 1410 4926; x_wconf 78' lang='lat' dir='ltr'>R</span> <span class='ocrx_word' id='word_1_272' title='bbox 1426 4873 1570 4926; x_wconf 69' lang='lat' dir='ltr'><strong>munna.</strong></span> <span class='ocrx_word' id='word_1_273' title='bbox 1633 4873 1661 4937; x_wconf 81' lang='lat'><strong>(¹)</strong></span> <span class='ocrx_word' id='word_1_274' title='bbox 1676 4873 1709 4925; x_wconf 78' lang='lat'><strong>1³„</strong></span> <span class='ocrx_word' id='word_1_275' title='bbox 1724 4873 1751 4924; x_wconf 91' lang='lat' dir='ltr'><strong>tn</strong></span> <span class='ocrx_word' id='word_1_276' title='bbox 1767 4872 1851 4924; x_wconf 75' lang='lat' dir='ltr'><strong>mulir.</strong></span> 
     </span>
     <span class='ocr_line' id='line_1_34' title="bbox 759 4947 1560 5017; baseline -0.004 -12"><span class='ocrx_word' id='word_1_277' title='bbox 759 4951 787 5016; x_wconf 79' lang='lat'><strong>(¹)</strong></span> <span class='ocrx_word' id='word_1_278' title='bbox 803 4953 834 5007; x_wconf 80' lang='lat' dir='ltr'><strong>E.</strong></span> <span class='ocrx_word' id='word_1_279' title='bbox 850 4955 1076 5006; x_wconf 74' lang='lat' dir='ltr'><strong>instructissimum</strong></span> <span class='ocrx_word' id='word_1_280' title='bbox 1091 4955 1185 5017; x_wconf 82' lang='lat' dir='ltr'><strong>punire</strong></span> <span class='ocrx_word' id='word_1_281' title='bbox 1200 4952 1320 5004; x_wconf 79' lang='lat' dir='ltr'><strong>inimicos</strong></span> <span class='ocrx_word' id='word_1_282' title='bbox 1335 4955 1363 5003; x_wconf 84' lang='lat' dir='ltr'><strong>et</strong></span> <span class='ocrx_word' id='word_1_283' title='bbox 1379 4951 1476 5003; x_wconf 79' lang='lat' dir='ltr'><strong>amicos</strong></span> <span class='ocrx_word' id='word_1_284' title='bbox 1492 4947 1560 5003; x_wconf 71' lang='lat' dir='ltr'><strong>sune</strong></span> 
     </span>
     <span class='ocr_line' id='line_1_35' title="bbox 761 5028 1160 5091; baseline -0.028 -1"><span class='ocrx_word' id='word_1_285' title='bbox 761 5028 789 5091; x_wconf 85' lang='lat' dir='ltr'><strong>t&#39;l</strong></span> <span class='ocrx_word' id='word_1_286' title='bbox 806 5033 860 5090; x_wconf 77' lang='lat' dir='ltr'><strong>rio.</strong></span> <span class='ocrx_word' id='word_1_287' title='bbox 877 5029 973 5082; x_wconf 70' lang='lat' dir='ltr'><strong>uiuo.</strong></span> <span class='ocrx_word' id='word_1_288' title='bbox 982 5055 1013 5069; x_wconf 92' lang='lat'><em>-</em></span> <span class='ocrx_word' id='word_1_289' title='bbox 1023 5029 1053 5080; x_wconf 77' lang='lat' dir='ltr'><strong>u</strong></span> <span class='ocrx_word' id='word_1_290' title='bbox 1070 5029 1160 5082; x_wconf 64' lang='lat' dir='ltr'><strong>urna</strong></span> 
     </span>
    </p>
   </div>
   <div class='ocr_carea' id='block_1_6' title="bbox 0 0 2308 6839">
    <p class='ocr_par' dir='ltr' id='par_1_6' title="bbox 0 0 2308 6839">
     <span class='ocr_line' id='line_1_36' title="bbox 0 0 2308 6839; baseline 0 0"><span class='ocrx_word' id='word_1_291' title='bbox 0 0 2308 6839; x_wconf 95' lang='lat' dir='ltr'><strong> </strong></span> 
     </span>
    </p>
   </div>
  </div>
 </body>
</html>
