4580 6844
694 975 834 1033 caurus
858 977 1050 1034 unssmns
1074 977 1257 1032 seminus.
1493 965 1564 1034 ³23

394 1119 506 1196 ritate
530 1119 582 1194 sie
611 1118 776 1215 spoliata,
800 1125 1080 1216 prostraverunt
1108 1117 1247 1196 muenia
1261 1115 1311 1216 (¹),
1342 1126 1380 1196 et
1409 1121 1495 1217 igne
1527 1128 1565 1197 et

392 1237 492 1314 ierro
518 1244 754 1314 vastaverunt
779 1245 918 1336 totam;
944 1260 990 1316 ex
1024 1259 1100 1336 qno
1130 1240 1372 1316 christianitas
1401 1247 1476 1317 tota
1502 1262 1564 1318 re-

297 1419 302 1430 .
392 1358 489 1454 cepit
528 1378 706 1455 magnum
747 1359 936 1434 damnum.
974 1361 1067 1435 Nam
1107 1369 1257 1455 propter
1299 1361 1563 1435 exterminium

391 1469 552 1571 unius(²)
579 1498 653 1554 non
678 1479 852 1554 remansit
878 1479 1001 1574 aliqua
1026 1489 1127 1558 terra
1152 1479 1190 1552 in
1211 1479 1324 1554 Terra
1342 1479 1474 1556 Sancta
1495 1501 1563 1576 pro

392 1596 604 1672 entmuanis.
630 1598 675 1672 Et
705 1617 834 1674 omnes
864 1597 1002 1674 nobiles
1015 1589 1053 1692 (³)
1087 1598 1198 1672 urbes
1232 1605 1453 1694 receperunt
1483 1620 1564 1673 ma-

393 1737 509 1812 gnum
533 1715 785 1811 praeiudicium
811 1723 961 1813 propter
985 1717 1124 1792 bonum
1144 1716 1256 1790 situm
1275 1717 1371 1791 illius
1396 1717 1562 1812 civitatis,

393 1835 480 1930 quia
505 1836 646 1911 eratin
671 1836 791 1912 ironte
815 1837 930 1913 nostri
956 1836 1067 1911 maris
1098 1836 1136 1910 in
1164 1836 1286 1912 medio
1317 1835 1431 1933 Syriae
1456 1839 1563 1932 quasi

393 1954 431 2028 in
455 1960 582 2030 centro
614 1955 740 2030 mundi
773 1975 887 2051 prope
917 1954 1145 2030 Hierusalem
1176 1973 1244 2050 per
1276 1955 1507 2052 septuaginta
1523 1944 1560 2048 (⁴)

393 2073 578 2168 milliaria;
595 2081 633 2148 et
657 2081 737 2149 erat
761 2073 841 2149 lons
866 2080 902 2150 et
924 2080 1052 2169 portus
1076 2074 1245 2150 omnium
1271 2075 1561 2150 mercantiarum

393 2198 469 2268 tam
494 2192 644 2268 orientis
672 2213 784 2288 quum
815 2193 1020 2288 occidentis,
1045 2199 1084 2269 et
1115 2193 1234 2268 omnis
1264 2194 1410 2291 generis
1443 2195 1563 2269 homi·-

394 2333 484 2388 num
515 2312 642 2387 mundi
675 2313 843 2387 omnium
876 2312 1104 2408 idiomatum,
1134 2313 1184 2387 ita
1214 2314 1312 2408 quod
1342 2320 1424 2388 erat
1454 2315 1558 2409 quasi

392 2430 577 2526 quoddam
611 2433 836 2508 elementum
852 2419 892 2525 Ι(5)
929 2432 1066 2506 mundi.
1098 2433 1142 2507 Et
1173 2439 1270 2528 nota,
1303 2434 1429 2530 lector,
1462 2437 1562 2530 quod

393 2551 488 2626 istud
515 2571 588 2626 non
614 2550 759 2626 videtur
783 2551 956 2626 aucidisae
979 2551 1057 2627 sine
1081 2554 1183 2648 justo
1207 2553 1346 2649 judicio
1370 2554 1449 2649 Dei,
1474 2556 1561 2650 quia

393 2671 473 2744 haec
498 2670 624 2746 civitae
649 2670 750 2746 velut
774 2672 915 2746 sentina
940 2678 1021 2746 erat
1042 2672 1179 2768 repleta
1199 2673 1300 2748 omni
1321 2694 1460 2770 genere
1481 2695 1561 2751 sor-

390 2790 560 2866 didorum
592 2790 777 2884 vitiorum,
812 2791 1007 2886 plusquam
1038 2791 1122 2886 alia,
1156 2813 1241 2886 quae
1277 2799 1366 2868 tunc
1398 2801 1495 2870 esset
1523 2795 1561 2869 in

390 2909 482 2986 orbe
506 2909 711 2984 christiano.
730 2911 823 2986 Nota
839 2911 962 3006 etiam,
980 2911 1079 3006 quod
1096 2912 1175 2986 hec
1196 2912 1322 2987 civitas
1341 2912 1453 3008 Aeon,
1471 2914 1558 2988 olim

391 3036 520 3105 vocata
545 3035 601 3104 est
624 3029 757 3124 Joppe;
784 3035 821 3105 et
844 3029 932 3105 olim
958 3035 1063 3126 capta
1088 3036 1126 3106 et
1150 3030 1271 3106 diruta
1300 3031 1370 3106 luit
1393 3053 1416 3106 a
1441 3031 1560 3108 Cestio

391 3148 487 3224 duce
521 3168 762 3222 romanorum
799 3154 968 3243 tempore
1004 3149 1179 3244 Neronis3
1213 3149 1344 3226 deinde
1376 3152 1561 3248 avepa-

390 3268 493 3343 siano
506 3257 543 3358 (⁶)
569 3267 665 3342 duce
690 3266 854 3342 eiusdem
879 3267 1033 3344 Neronis
1046 3259 1097 3362 (⁷),
1119 3268 1212 3344 sieut
1233 3271 1359 3346 scribit
1383 3272 1560 3367 Iosephus

389 3386 427 3460 in
452 3385 545 3460 libro
569 3385 616 3461 de
644 3385 740 3462 hello
760 3386 919 3482 judaieo.
946 3389 1000 3462 En
1025 3388 1128 3464 dietis
1150 3389 1262 3486 igitur
1289 3391 1414 3467 videre
1444 3398 1560 3488 potes,

389 3505 489 3600 quod
512 3525 638 3580 eomes
661 3505 779 3580 Guido
803 3509 929 3582 volens
953 3507 1276 3604 ostenderequod
1296 3509 1559 3588 Columnenses

389 3645 462 3700 non
488 3625 748 3700 commiserant
772 3631 848 3700 tam
874 3647 962 3703 acre
986 3627 1171 3723 delictum,
1199 3635 1240 3703 ut
1274 3639 1349 3706 tam
1381 3631 1503 3707 dirum
1519 3621 1557 3726 (⁸)

387 3744 604 3840 supplicium
629 3751 855 3841 paterentur,
880 3746 978 3842 dicit,
1008 3749 1108 3842 quod
1138 3750 1261 3824 nullus
1286 3750 1451 3845 ipsorum
1477 3752 1582 3865 lue-J

387 3871 444 3940 rat
469 3885 630 3960 praesens
654 3865 795 3941 excidio
819 3865 930 3942 Acon.
958 3867 1020 3942 llis
1037 3868 1122 3944 visis
1144 3890 1243 3945 nunc
1259 3871 1343 3946 veni
1356 3863 1391 3963 (⁹)
1409 3871 1456 3946 ad
1474 3893 1559 3948 ver-

387 3982 476 4057 bum
502 3983 718 4078 principale:
737 3981 783 4060 ne*
798 3977 940 4077 quareo
964 3989 1002 4060 in
1025 4008 1063 4060 se
1085 4008 1220 4062 sommo
1237 3992 1359 4081 officio,
1376 3983 1423 4062 ul
1438 3992 1559 4064 ordini

385 4104 495 4194 sueri,
520 4102 607 4197 quia
624 4110 704 4178 erat
723 4104 893 4179 sacerdos
918 4110 956 4180 et
984 4125 1153 4180 summus
1178 4106 1359 4202 sacerdos,
1376 4105 1422 4182 na*
1435 4111 1473 4182 in
1489 4129 1557 4202 ore,

385 4223 524 4320 supple,
550 4225 721 4320 respexit,
748 4227 1023 4319 protospatae,
1046 4225 1148 4322 idest,
1175 4226 1279 4300 illum
1306 4227 1432 4302 lunem
1458 4228 1556 4306 beati

386 4344 579 4440 Francisci‚
596 4346 656 4418 cllo
670 4347 767 4418 soleo
779 4347 844 4438 sur
860 4347 885 4418 ti
899 4348 978 4418 suoi
1000 4347 1084 4420 unt
1097 4341 1162 4440 pro
1178 4350 1304 4438 moeri,
1322 4346 1457 4424 scilieet
1482 4348 1557 4424 ira-

447 4623 475 4683 (¹)
490 4623 522 4674 E.
537 4624 646 4685 monia:
663 4625 722 4688 igne
736 4629 763 4675 et
779 4622 851 4675 lerro
867 4627 1032 4675 nutaverunt
1048 4627 1155 4676 terram.

447 4697 474 4758 Γ)
490 4701 544 4758 lit,
560 4700 647 4750 innius
994 4697 1021 4761 (¹)
1038 4698 1069 4750 li.
1084 4699 1186 4752 nobiles
1200 4699 1281 4751 urbis.

446 4773 474 4836 (⁸)
490 4778 544 4835 tlt,
561 4775 734 4840 tomllllaria3
745 4781 773 4828 et
782 4782 839 4828 erat
850 4775 931 4828 none
992 4775 1021 4840 (¹)
1036 4775 1066 4826 lt
1083 4775 1246 4828 alimentum.
1307 4776 1336 4840 (¹)
1350 4777 1381 4828 R
1398 4777 1554 4842 Vespiltano.

445 4847 544 4911 mitt,
560 4851 671 4904 Neron&
690 4853 785 4904 lterum
805 4853 856 4904 tuta
874 4857 948 4916 napta
967 4857 996 4904 at
1015 4864 1105 4904 eversa
1124 4867 1186 4904 enm
1206 4853 1412 4918 reintegraretur
1431 4865 1446 4904 a
1467 4853 1555 4916 piratis

384 4923 557 4986 prodentibus
571 4937 656 4986 mam
673 4927 741 4977 eires
756 4932 782 4978 et
799 4927 903 4992 prologi
918 4926 1045 4991 malentes
1061 4941 1122 4978 cnm
1138 4927 1264 4979 naviculis
1274 4932 1427 4990 tempestate
1436 4927 1555 4992 immiteis

383 5001 410 5050 in
425 4999 538 5064 respuite
553 5000 693 5052 miserabili
709 5002 845 5066 nanlragio
862 5003 1004 5066 perierunt.
1020 5001 1088 5054 eleut
1102 5002 1190 5053 scribit
1205 5002 1342 5065 templus.

446 5073 474 5138 ι’)
489 5072 516 5126 S.
532 5067 595 5126 e'E.
612 5075 717 5128 durum.
995 5075 1023 5140 θ)
1038 5075 1070 5125 Β.
1087 5075 1170 5128 renio.
