4580 6844
718 943 858 1000 caurus
883 943 1074 999 menemus
1097 939 1269 1018 cernuus.
1302 913 1304 917 ’
1510 927 1581 994 357

408 1107 494 1163 mus
518 1089 658 1164 reversi
683 1089 730 1163 ad
754 1091 985 1183 praesentiam
1012 1088 1108 1163 illius
1121 1079 1158 1180 (¹)
1189 1085 1342 1179 diaboli;
1369 1085 1451 1160 ideo
1475 1083 1579 1160 dicit:

401 1210 525 1302 prtmc
550 1211 711 1300 ct'altrt',
737 1209 840 1304 idest,
863 1209 995 1304 aliquis
1027 1214 1195 1283 nostrum
1220 1207 1437 1281 vulneratus
1462 1206 1510 1280 ab
1535 1227 1581 1282 eo

406 1323 432 1403 tl
448 1329 599 1420 mvnda,
630 1328 732 1423 idest,
761 1329 897 1405 iterum
928 1329 1048 1423 radat,
1079 1327 1216 1404 scilicet
1245 1332 1466 1402 revertatur.
1500 1327 1579 1401 Non

407 1449 487 1523 vult
511 1447 611 1522 aliud
636 1447 760 1524 dicere
785 1448 852 1522 nisi
876 1449 977 1542 quod
1002 1448 1125 1523 omnia
1151 1448 1306 1521 vulnera
1337 1452 1423 1520 sunt
1451 1455 1579 1521 sanata

407 1573 607 1660 antequam
634 1566 766 1660 aliquis
790 1567 926 1644 iterum
947 1572 1158 1642 revertatur
1174 1565 1221 1639 ed
1238 1583 1362 1640 ensem
1382 1564 1580 1639 vulneran-

407 1689 478 1762 dus
491 1679 527 1779 (²)
546 1687 594 1762 ab
611 1692 798 1762 eo-lin
814 1696 860 1761 tu.
878 1688 1142 1780 Macomethus‚
1159 1692 1352 1781 postquam
1371 1683 1582 1759 manifeste·

408 1807 461 1881 rit
481 1798 519 1898 (³)
544 1827 693 1903 poenam
718 1807 775 1881 sui
801 1814 839 1882 et
864 1827 1033 1902 suorum,
1049 1806 1139 1902 petit
1157 1806 1205 1879 ab
1221 1811 1355 1880 autore
1374 1804 1457 1898 quis
1481 1804 1527 1878 sit
1544 1812 1582 1878 et

409 1945 527 2020 qnare
550 1926 629 2002 sine
653 1947 775 2022 poene,
800 1927 942 2002 dicens:
971 1924 1268 2021 quandoquidem
1290 1945 1363 1999 non
1382 1923 1580 2018 requisitus

408 2067 431 2122 a
457 2053 505 2141 le,
530 2046 604 2121 dixi
630 2047 693 2122 tibi
720 2055 758 2122 et
782 2047 922 2122 ostendi
949 2047 1107 2121 sormam
1132 2043 1295 2140 supplicii
1316 2044 1389 2118 mei
1415 2054 1453 2120 et
1478 2064 1582 2120 meo-

409 2187 520 2260 rum3
552 2185 665 2262 ergo:
704 2187 765 2240 mc
796 2174 831 2240 tu
862 2169 917 2240 clo·
944 2170 1003 2240 sie'
1025 2169 1085 2240 alte
1106 2169 1142 2238 'n
1170 2187 1212 2238 su
1246 2169 1280 2238 lo
1311 2168 1442 2255 scopon
1474 2185 1582 2256 muse,

408 2284 512 2380 idest,
538 2286 602 2379 qui
628 2286 665 2360 in
690 2293 800 2380 ponte
831 2285 943 2361 badas
975 2297 1013 2363 et
1044 2285 1303 2380 circumspicis,
1333 2286 1438 2379 quasi
1463 2283 1581 2360 dicat:

409 2406 473 2500 qui
499 2412 573 2480 stas
597 2405 694 2480 nitus
719 2406 756 2479 in
781 2411 892 2500 ponte
909 2413 1014 2480 extra
1035 2405 1202 2480 ordinem
1222 2405 1393 2496 aliorum,
1415 2425 1484 2479 nec
1501 2423 1584 2479 sen-

409 2525 455 2598 tis
479 2525 574 2599 ictus
599 2525 695 2598 ensis
720 2524 902 2619 diabolici3
925 2531 963 2599 et
985 2524 1100 2621 tangit
1125 2545 1275 2599 causum
1298 2522 1446 2598 dubiam
1466 2542 1584 2617 quare

409 2644 463 2719 sie
494 2649 566 2718 stet
597 2644 645 2718 ad
677 2644 957 2740 respiciendum,
988 2645 1124 2720 scilicet
1157 2650 1200 2719 ut
1234 2643 1391 2719 redimat
1416 2653 1582 2738 tempus3

410 2762 509 2838 unde
525 2763 633 2838 dicit:
648 2768 747 2857 [orac
758 2786 827 2857 per
846 2767 1015 2857 induntur
1030 2767 1107 2838 d'ir
1124 2786 1148 2837 α
1164 2768 1202 2838 lu
1215 2785 1321 2857 pena,
1344 2761 1449 2857 quasi
1466 2761 1584 2836 dicat:

410 2885 504 2959 sorte
516 2883 562 2959 de
579 2883 758 2960 industria
775 2885 974 2980 interponis
987 2891 1143 2978 tempus,
1157 2891 1200 2957 ut
1211 2884 1406 2979 prolonges
1420 2903 1579 2978 poenam,

410 3024 523 3099 qnam
551 3010 674 3078 tamen
701 3004 819 3078 vitare
836 3025 909 3078 non
925 3005 1059 3098 possis;
1078 3003 1160 3078 ideo
1173 3003 1274 3077 dicit:
1292 2999 1375 3076 clt'e'
1390 3005 1582 3094 qiudtcutq

410 3123 546 3198 scilicet
570 3141 637 3216 per
661 3122 775 3198 llinos
789 3112 826 3215 (⁴)
849 3123 1011 3217 judicem
1038 3121 1251 3219 generalem
1281 3121 1424 3216 interni,
1452 3127 1492 3196 nt
1516 3141 1583 3216 pa-

410 3241 480 3315 tuit
495 3241 533 3314 in
550 3240 770 3334 precedenti
791 3241 961 3336 capitulo,
977 3245 1015 3315 in
1034 3263 1076 3314 su
1093 3245 1125 3314 le
1145 3249 1199 3314 tce
1214 3263 1347 3333 comme,
1369 3242 1455 3335 quia
1468 3241 1583 3339 juder

409 3359 563 3456 intlingit
587 3379 736 3455 poenam
762 3360 966 3436 secundum
988 3361 1201 3456 qualitatem
1219 3360 1391 3456 criminis,
1410 3382 1485 3456 quo
1503 3361 1586 3456 quis

409 3488 465 3557 est
490 3487 687 3556 accusatus
711 3488 749 3555 et
768 3482 870 3576 juste
886 3483 1086 3558 convictus.
1104 3483 1150 3555 Et
1165 3481 1288 3559 subdit
1312 3482 1584 3577 responsionem

410 3601 548 3696 Virgilii
572 3599 619 3676 ad
645 3600 968 3698 interrogationem
995 3601 1223 3695 lllacomcthi‚
1241 3601 1328 3695 quia
1353 3621 1500 3696 semper
1524 3622 1584 3675 as-

408 3722 522 3796 sumit
546 3729 669 3816 partes
693 3722 845 3815 autoris,
871 3721 1020 3816 quando
1041 3721 1230 3815 responsio
1248 3720 1394 3796 videtur
1419 3728 1585 3816 spectare

408 3840 454 3915 ad
480 3839 627 3916 laudern
653 3839 743 3915 eius.
770 3840 863 3916 Dicit
888 3860 1002 3936 ergo:
1028 3843 1057 3912 c
1082 3844 1153 3914 mio
1184 3846 1338 3912 maestro
1362 3843 1517 3932 n'spose:
1541 3833 1588 3912 nd

410 3962 841 4050 montemtremitum,
867 3959 972 4053 quasi
998 3958 1112 4034 dicat:
1139 3939 1207 4032 iste
1224 3977 1298 4032 non
1323 3964 1379 4034 est
1404 3958 1583 4033 scismati-

409 4101 488 4175 cus,
513 4081 572 4155 vel
597 4079 783 4155 detractor
800 4070 856 4173 (⁵);
881 4078 964 4153 ideo
990 4098 1064 4152 non
1081 4085 1137 4154 est
1153 4084 1325 4153 mortuus
1345 4079 1382 4152 in
1398 4079 1467 4154 isto
1485 4079 1582 4174 vitio,

409 4201 504 4276 sicut
537 4208 577 4274 tu
613 4206 650 4275 et
680 4201 746 4294 tui,
780 4220 849 4276 nec
880 4219 946 4293 per
981 4219 1210 4294 consequens
1241 4206 1409 4274 meretur
1434 4220 1583 4296 poenam

410 4322 505 4398 inter
520 4311 556 4414 (θ)
584 4340 660 4396 ros.
687 4320 772 4396 ldeo
797 4319 901 4394 dicit:
928 4315 974 4394 nd
995 4323 1098 4413 colpu
1122 4322 1151 4394 c
1173 4340 1317 4393 metae
1342 4322 1585 4410 tormentorto,

410 4441 546 4518 scilicet
575 4442 623 4517 ad
652 4461 778 4517 ensem
810 4439 961 4535 diaboli;
988 4447 1025 4516 et
1050 4440 1136 4534 quia
1167 4450 1289 4535 posset
1318 4440 1441 4516 dicere
1464 4441 1586 4516 liaco-

410 4563 575 4636 mathus:
593 4560 680 4655 qnid
697 4581 789 4658 ergo
805 4559 903 4635 vadit
920 4559 1084 4636 iaciendo
1101 4581 1168 4656 per
1189 4581 1348 4658 regnum
1362 4561 1587 4636 scismatico·

411 4684 526 4754 rum?
551 4679 745 4774 respondet
769 4679 962 4777 Virgilius:
984 4702 1044 4753 mc
1060 4702 1085 4753 a
1101 4701 1167 4772 mc,
1184 4683 1245 4754 cte
1261 4689 1376 4755 morto
1400 4703 1480 4773 son,
1496 4681 1584 4777 quie

472 4892 502 4954 ι’)
517 4893 549 4944 ll.
565 4891 635 4944 lilim
649 4893 774 4945 samono
789 4896 826 4944 sle
842 4895 971 4954 lenatia:
987 4895 1054 4946 ideo.

472 4966 500 5029 (¹)
517 4969 547 5018 rt
563 4967 842 5024 vulnerum-lla
852 4977 887 5022 tu.
899 4969 975 5022 Nune
984 4971 1174 5022 umnelin.
1236 4971 1264 5032 e)
1280 4975 1335 5030 lle,
1351 4970 1562 5022 mmllutmerlt.

473 5043 501 5107 (Ἰ
517 5043 548 5094 ll.
564 5045 690 5096 Minoem.
815 5045 842 5108 (¹)
858 5044 889 5095 lt.
907 5045 1062 5097 destructor.
1238 5045 1266 5106 (ἢ
1281 5050 1337 5106 tte.
1353 5047 1422 5096 slent
1437 5059 1491 5096 ros.
