4606 6840
717 942 788 1012 308
1111 955 1317 1013 oouunuru
1339 959 1492 1012 rursum

715 1099 938 1196 stupetactus
963 1107 1019 1177 est
1034 1109 1073 1177 et
1089 1103 1248 1177 territus.
1266 1102 1311 1178 lit
1327 1103 1554 1199 quicumque
1570 1105 1743 1202 degente
1760 1100 1884 1180 iranca

715 1227 859 1315 poterat
884 1241 1081 1298 recurrere
1104 1223 1152 1297 ad
1181 1231 1333 1318 equum,
1359 1224 1521 1321 fugiebat
1551 1231 1657 1300 extra
1686 1225 1883 1317 civitatem,

716 1345 754 1414 et
779 1340 995 1416 recurrebat
1007 1333 1045 1433 (⁴)
1072 1341 1119 1416 ad
1144 1362 1337 1437 quercum,
1355 1343 1509 1418 credens
1528 1339 1578 1417 ibi
1604 1343 1769 1419 invenire
1785 1365 1883 1438 suos

716 1465 754 1532 et
778 1459 1015 1536 incurrebant
1028 1452 1066 1553 (¹)
1092 1481 1225 1535 manus
1250 1461 1470 1557 hostium,a
1499 1463 1633 1556 quibus
1658 1469 1765 1538 erant
1788 1463 1905 1550 cest,-

716 1581 761 1653 Et
777 1581 872 1675 capti
887 1572 925 1673 (³)
942 1581 1106 1656 similitor
1131 1579 1192 1674 illi,
1210 1583 1273 1676 qui
1298 1588 1553 1658 remanserant
1569 1583 1606 1656 in
1626 1583 1784 1677 civitate,
1805 1588 1886 1657 tru-

716 1700 933 1775 cidabantur
948 1689 984 1794 (⁸)
1016 1721 1168 1777 omnes:
1198 1709 1236 1777 et
1264 1702 1316 1777 sic
1348 1723 1482 1799 magna
1511 1703 1709 1798 sagacitate
1743 1697 1885 1778 comitis

716 1819 890 1896 (luidonis
914 1822 1047 1916 pulcra
1067 1827 1104 1896 et
1133 1841 1269 1918 magna
1299 1842 1390 1918 gens
1423 1821 1553 1918 gallica
1587 1822 1656 1896 luit
1686 1823 1883 1898 destructa.

716 1941 761 2014 Et
785 1935 891 2014 multi
917 1940 1056 2016 nobiles
1080 1947 1118 2018 et
1142 1946 1332 2037 magnates
1357 1941 1466 2016 italici
1496 1941 1708 2018 ceciderunt
1733 1942 1770 2015 in
1795 1961 1886 2015 con-

716 2061 833 2155 llictu3
860 2056 955 2137 inter
979 2062 1070 2136 alios
1094 2060 1164 2138 luit
1188 2082 1285 2134 unus
1305 2081 1441 2154 comes,
1459 2061 1602 2135 Tadeus
1626 2061 1672 2136 de
1697 2059 1886 2136 llontelel-

717 2189 786 2275 tro,
811 2179 1108 2276 consanguineus
1133 2180 1276 2254 comitis
1307 2179 1501 2274 Guidonis3
1527 2179 1591 2254 sed
1620 2184 1702 2255 erat
1732 2179 1885 2254 infestus

716 2301 751 2376 ei
765 2291 802 2392 (⁵)
829 2304 979 2394 propter
1003 2300 1115 2393 litem,
1142 2320 1255 2394 quam
1283 2299 1464 2375 habuerat
1488 2319 1616 2374 secum
1633 2317 1745 2394 super
1766 2299 1886 2372 nere-

716 2420 845 2513 ditate;
865 2425 902 2494 et
919 2419 1184 2514 Thebaidellus,
1203 2419 1267 2514 qui
1284 2419 1429 2515 aperuit
1440 2410 1478 2512 (ὓ)
1496 2419 1719 2513 Faventiam,
1736 2417 1884 2512 quando

718 2527 1060 2634 dormiebanturd),
1078 2546 1114 2614 et
1139 2540 1264 2635 plures
1279 2540 1352 2614 alii.
1370 2541 1554 2615 lohannes
1579 2540 1625 2615 de
1649 2538 1739 2634 lpia
1760 2543 1885 2613 tamen

620 2695 629 2702 ·
718 2678 803 2732 cum
831 2655 956 2752 paucis
981 2658 1113 2752 evasit3
1139 2664 1177 2733 et
1202 2658 1252 2733 ita
1276 2658 1426 2734 delusus
1451 2666 1489 2734 et
1518 2659 1686 2734 desertus
1716 2677 1887 2733 reversus
2030 2749 2033 2756 Ι

718 2785 774 2854 est
797 2777 1022 2854 Faventiam.
1049 2779 1147 2874 Papa
1172 2778 1346 2852 Martinus
1372 2779 1486 2852 iratus
1504 2778 1600 2852 misit
1620 2799 1734 2854 novas
1758 2783 1887 2874 gentes

718 2904 908 2993 equestres
932 2901 970 2972 et
994 2897 1180 2994 pedestres
1204 2897 1251 2973 ad
1269 2898 1441 2973 comitem
1459 2898 1675 2991 iohannem,
1694 2897 1757 2990 qui
1778 2915 1888 2971 recu·

718 3018 860 3113 per-avit
884 3017 1085 3092 Forlivium
1110 3037 1208 3091 anno
1232 3017 1400 3112 sequenti
1425 3016 1472 3091 de
1496 3035 1625 3090 mense
1649 3014 1748 3109 maii,
1773 3020 1811 3089 et
1833 3013 1889 3087 di-

718 3137 793 3211 ruit
817 3157 966 3212 omnem
981 3126 1020 3228 (⁸)
1046 3135 1268 3231 tortiliciem3
1285 3155 1411 3211 comes
1432 3155 1521 3210 vero
1538 3134 1656 3209 Guido
1673 3132 1822 3208 recessit
1839 3132 1886 3207 de

717 3257 885 3333 Forlivio.
903 3257 962 3332 Sic
986 3275 1077 3352 ergo
1097 3259 1197 3351 patet
1211 3255 1398 3350 quomodo
1421 3255 1610 3352 ingenium
1636 3251 1777 3328 comitis
1801 3251 1888 3327 vicit

717 3379 815 3454 vires
839 3375 1024 3452 tortissimi
1048 3375 1245 3470 bellatoris,
1271 3376 1356 3450 licet
1386 3376 1533 3450 tandem
1564 3372 1802 3448 succubuerit
1832 3371 1888 3446 vi-

718 3495 821 3570 ribus
845 3495 1018 3570 ecclesioe.
1049 3493 1155 3568 Nunc
1183 3493 1231 3568 ad
1262 3495 1424 3568 literam:
1451 3501 1561 3568 autor
1586 3491 1758 3568 describit
1782 3487 1887 3569 istam

719 3625 858 3692 terram
883 3614 931 3689 ab
962 3613 1030 3688 ista
1059 3633 1194 3708 magna
1227 3619 1350 3709 strage
1379 3618 1418 3688 et
1446 3612 1693 3687 dominatione
1722 3611 1812 3686 eius.
1845 3611 1890 3684 Et

718 3737 798 3811 vult
822 3734 984 3810 breviter
1008 3733 1142 3828 dicere,
1168 3731 1267 3828 quod
1293 3733 1353 3808 illa
1382 3737 1483 3809 terra
1514 3739 1595 3809 erat
1627 3738 1716 3808 tunc
1745 3725 1891 3807 subdita

718 3855 909 3933 Ordelaffis
933 3853 1113 3929 nobilibus
1129 3853 1176 3929 de
1192 3852 1361 3948 Fortius,
1378 3871 1540 3947 quorum
1559 3851 1733 3926 familiam
1750 3851 1814 3925 dat
1833 3851 1904 3950 ingl

719 3976 831 4073 telligi
855 3995 921 4070 per
934 3966 972 4066 (⁹)
998 3973 1157 4070 signum,
1183 3972 1282 4048 unde
1307 3971 1415 4047 dicit:
1442 3973 1479 4046 ta
1504 3979 1614 4064 mma,
1640 3971 1776 4046 scilicet
1800 3969 1891 4045 For-

719 4098 859 4190 livium,
884 4099 945 4170 cte
966 4099 1003 4190 se
1026 4084 1087 4186 yid
1111 4097 1149 4167 tc
1173 4097 1281 4186 tanqu
1302 4113 1433 4186 prona,
1459 4092 1546 4186 quia
1576 4092 1639 4167 diu
1669 4098 1821 4168 steterat
1852 4089 1890 4164 in

719 4201 940 4294 continentia
955 4206 1021 4308 (Ν).
1043 4214 1106 4287 list
1122 4213 1221 4287 enirn
1240 4212 1337 4286 natio
1356 4211 1570 4287 forliviensis
1585 4211 1703 4307 magis
1719 4214 1890 4305 prompta

718 4337 766 4414 ad
791 4335 1040 4428 rebellionem,
1060 4340 1098 4409 et
1125 4331 1264 4407 tardior
1289 4331 1336 4404 ad
1362 4330 1594 4425 deditionem,
1613 4348 1726 4424 quam
1740 4322 1794 4420 (¹¹)
1818 4328 1890 4402 alia

781 4547 808 4608 (¹)
824 4545 855 4596 B.
871 4543 1034 4596 occurmbat.
1391 4539 1420 4600 (Ἴ
1435 4539 1467 4592 lt.
1483 4538 1632 4591 incurrebat
1649 4537 1684 4588 tn.

781 4621 809 4685 (¹)
824 4622 856 4672 li.
871 4621 939 4684 capti
954 4624 1016 4670 runt
1029 4618 1076 4670 illt.
1391 4615 1418 4679 (⁸)
1434 4617 1465 4668 li.
1482 4621 1509 4667 ct
1525 4613 1728 4665 trucidabantur.

782 4698 810 4760 (¹)
827 4701 881 4758 tte.
898 4696 938 4746 llll
954 4701 1059 4760 propter
1075 4695 1134 4746 lites
1148 4707 1221 4758 quar.
1392 4691 1419 4754 (⁸)
1435 4693 1461 4744 S.
1478 4695 1625 4756 operuerat.

781 4775 809 4836 (Ἴ)
823 4774 850 4824 S.
865 4770 1129 4824 ‹temtabatur-lt.
1145 4769 1248 4836 quaudo
1264 4769 1425 4821 dormiebant
1441 4770 1518 4820 elren.

781 4851 809 4916 θ)
825 4851 857 4904 ts
873 4863 951 4902 omne
967 4849 1122 4901 lorttbtium.
1390 4845 1418 4909 (t)
1434 4845 1460 4896 S.
1477 4857 1524 4910 per
1540 4843 1639 4908 tnntgne
1654 4847 1681 4894 et
1696 4843 1807 4908 signnm.

772 4929 811 4992 (¹⁶)
825 4928 852 4980 S.
871 4927 897 4978 tn
916 4927 1064 4978 continuata
1084 4935 1226 4990 guerra·
1237 4927 1291 4986 tlt,
1309 4935 1325 4974 e
1343 4923 1374 4974 ll.
1394 4921 1565 4975 contumacia.
1589 4921 1636 4973 Eat
1654 4919 1724 4972 enlm
1739 4931 1801 4984 geue
1815 4913 1894 4968 torli-

722 5007 823 5058 utensis.

768 5081 809 5147 (¹¹)
823 5082 855 5135 lt
871 5095 950 5149 qnam
966 5081 1053 5148 ulique
1070 5089 1141 5148 gens.
