4606 6840
714 938 785 1005 262
1108 943 1312 1000 COMENTUH
1336 945 1490 1000 inunum

711 1094 781 1167 bns
805 1099 914 1166 autor
940 1089 1103 1166 exulavit
1127 1109 1149 1162 a
1174 1089 1302 1184 patria,
1323 1090 1436 1165 multa
1457 1095 1495 1164 et
1521 1108 1655 1184 magna
1681 1089 1779 1162 mala
1797 1109 1884 1164 eve-

712 1218 846 1288 nerunt
876 1211 926 1284 illi
960 1209 1054 1304 urbi,
1085 1208 1180 1282 sicut
1210 1209 1309 1284 bella
1331 1209 1462 1303 civilia,
1492 1209 1669 1302 incendia,
1695 1209 1820 1305 spolia,
1848 1217 1886 1285 et

711 1333 782 1407 alia
808 1351 941 1428 magna
966 1328 1150 1424 dispendia
1176 1335 1213 1404 et
1238 1329 1416 1404 scandala.
1444 1331 1488 1402 bt
1514 1337 1554 1403 ut
1580 1329 1703 1403 videas
1721 1330 1821 1423 quod
1838 1331 1886 1406 de

712 1452 881 1548 proximo
917 1450 984 1523 ista
1022 1450 1118 1522 mala
1134 1441 1171 1541 (¹)
1210 1449 1409 1543 evenerint,
1448 1449 1532 1523 volo
1570 1455 1606 1523 te
1644 1449 1749 1543 scire,
1786 1450 1885 1544 quod

711 1572 749 1645 in
782 1570 943 1645 MCCClll
975 1568 1166 1644 cardinalis
1200 1568 1246 1643 de
1272 1569 1381 1644 Prato
1410 1568 1616 1662 predictus,
1642 1570 1791 1645 nomine
1823 1570 1886 1644 Ni·-

713 1690 830 1784 cbola,
864 1690 920 1764 vir
950 1688 1194 1763 astutissimus
1219 1695 1257 1763 et
1281 1687 1548 1784 sagacissimus,
1574 1707 1706 1782 parum
1733 1688 1885 1784 diligens

713 1810 935 1903 florentinos,
949 1809 1081 1883 missus
1095 1799 1133 1901 (²)
1146 1809 1367 1884 Florentiam
1388 1829 1411 1883 a
1427 1828 1520 1903 papa
1537 1807 1732 1882 Benedicto
1752 1809 1800 1882 lll
1822 1811 1885 1902 qni

714 1930 886 2006 successit
902 1920 937 2022 (³)
974 1929 1168 2025 magnifico
1200 1929 1395 2022 Boniiacio,
1428 1929 1574 2005 volebat
1598 1927 1791 2023 pacificare
1817 1930 1886 2004 tlo-

714 2049 989 2124 rentinostunc
1014 2048 1215 2141 discordem
1242 2048 1305 2122 sed
1332 2068 1404 2122 non
1423 2049 1547 2123 valens
1564 2047 1789 2122 concordare
1809 2069 1886 2144 eos,

712 2169 817 2243 dixit:
839 2173 897 2242 llo
922 2190 989 2260 quo
1014 2189 1086 2240 oon
1112 2169 1213 2240 voles
1237 2168 1514 2258 benedictionem,
1542 2173 1716 2241 renmnete
1742 2188 1818 2240 oum
1845 2157 1884 2262 (⁴)

712 2291 974 2362 maledictione.-
999 2298 1037 2364 et
1074 2286 1406 2363 excommunicavit
1445 2287 1641 2370 civitatem.
1685 2287 1790 2363 Anno
1829 2309 1887 2366 sc·

713 2409 851 2503 quenti,
878 2429 965 2482 cum
991 2414 1203 2502 speraretur
1227 2407 1326 2500 quod
1351 2406 1469 2482 dictus
1484 2398 1521 2499 (ὅ)
1550 2406 1742 2482 cardinalis
1770 2428 1888 2504 pone·

715 2536 770 2603 ret
802 2549 931 2624 pacem
969 2528 1064 2605 inter
1089 2527 1198 2620 cives,
1231 2527 1411 2602 tlorentini
1432 2517 1480 2621 (θ),
1516 2528 1719 2603 secundum
1754 2548 1884 2603 eorum

715 2668 858 2722 morem
889 2647 1095 2740 antiquum,
1126 2645 1288 2721 kalendis
1320 2647 1406 2720 maii
1431 2646 1599 2722 lecerunt
1629 2667 1808 2744 magnum
1836 2649 1889 2724 se-

713 2775 830 2861 stum3
856 2773 894 2842 et
918 2767 1173 2861 unusquisque
1194 2765 1360 2841 certatim
1392 2767 1595 2840 conabatur
1633 2767 1754 2842 lacere
1792 2789 1888 2845 nova

712 2889 930 2983 spectacula.
966 2889 1064 2962 lnter
1094 2886 1184 2961 alios
1218 2886 1267 2959 illi
1300 2885 1347 2960 de
1380 2886 1501 2981 burgo
1531 2887 1645 2960 sancti
1676 2887 1832 2963 Floriani
1848 2880 1885 2982 (⁷)

712 3007 882 3083 iecerunt
898 3005 1116 3102 proclamari
1133 3006 1289 3100 publice,
1303 3004 1402 3099 quod
1420 3006 1647 3101 quicumque
1662 3009 1772 3082 vellet
1789 3009 1885 3086 scire

714 3148 809 3202 nova
842 3127 889 3202 de
917 3126 991 3201 alio
1025 3125 1173 3220 mundo,
1206 3125 1370 3232 deberet¹
1389 3125 1516 3200 venire
1540 3125 1701 3200 kalendis
1726 3127 1812 3201 maii
1837 3129 1885 3202 ad

712 3255 860 3342 pontem
887 3244 1085 3340 Carrariae3
1111 3244 1210 3320 etin
1236 3243 1334 3319 Arno
1360 3245 1510 3318 llumine
1534 3244 1799 3321 ordinaverunt
1824 3268 1885 3322 so-

713 3367 802 3441 laria
835 3384 946 3461 super
980 3365 1098 3440 barcis
1123 3371 1160 3439 et
1192 3363 1377 3438 naviculis.
1410 3364 1453 3436 Et
1484 3363 1651 3439 iecerunt
1682 3367 1882 3459 quamdam

713 3487 923 3560 simulatam
951 3483 1309 3580 repraesentationem
1337 3484 1467 3558 inferni
1484 3505 1570 3558 cnm
1588 3485 1732 3581 ignibus
1752 3495 1789 3562 ot
1805 3490 1884 3564 aliis

713 3605 831 3702 poenis
855 3612 893 3679 et
918 3603 1118 3700 suppliciis3
1139 3611 1178 3678 et
1194 3605 1360 3679 bomines
1386 3604 1675 3701 transfiguratos,
1693 3614 1730 3682 et
1746 3608 1886 3684 daemo-

716 3726 775 3800 nia
809 3724 994 3799 horribilia
1025 3731 1063 3799 et
1093 3724 1182 3798 alios
1214 3723 1331 3798 nudos
1356 3724 1425 3797 sub
1449 3725 1570 3820 specie
1594 3727 1815 3803 animarum.
1842 3731 1886 3803 Et

716 3845 933 3920 videbantur
961 3843 1146 3920 daemones
1171 3843 1320 3918 iniicere
1337 3834 1372 3936 (⁸)
1400 3845 1541 3921 animas
1567 3845 1661 3922 inter
1691 3849 1758 3923 ista
1784 3851 1886 3925 varia

716 3972 752 4041 et
781 3964 943 4039 crudelia
986 3970 1169 4040 tormenta
1207 3984 1294 4039 cum
1334 3965 1502 4040 maximis
1523 3957 1559 4058 (⁹)
1587 3967 1811 4044 clamoribus
1849 3977 1886 4045 et

715 4084 906 4160 horrendis
923 4084 1137 4159 stridoribus
1151 4083 1232 4158 visu
1246 4090 1282 4158 ct
1295 4084 1433 4158 auditu.
1443 4085 1609 4160 Novitate
1622 4087 1728 4161 cuius
1741 4096 1885 4183 specta-

715 4205 788 4279 culi
806 4211 904 4278 totus
920 4204 1076 4298 populus
1100 4203 1286 4278 concurrit
1301 4195 1352 4296 (ὀ)
1380 4203 1428 4278 ad
1449 4204 1656 4280 videndum.
1675 4207 1777 4282 Unde
1792 4229 1883 4303 pons

716 4324 906 4417 Carraria,
933 4323 996 4417 qui
1022 4331 1109 4397 tunc
1134 4329 1215 4398 erat
1234 4323 1281 4397 de
1306 4323 1514 4420 lignamine,
1534 4334 1688 4401 onustus
1718 4327 1884 4401 multitu·

1735 4493 1883 4502 —-.—..-.-

777 4595 804 4658 (¹)
822 4598 875 4654 tlt,
892 4595 939 4643 ieta
955 4607 1048 4656 magna
1064 4595 1132 4645 mala
1148 4599 1301 4646 evenerunt
1312 4623 1340 4633 -
1351 4596 1382 4647 ll.
1398 4596 1467 4648 mala
1484 4601 1633 4648 evenerant.

777 4667 805 4731 (¹)
822 4674 875 4729 ild,
892 4669 984 4720 missus
1000 4669 1056 4720 ibit
1067 4697 1097 4708 -
1110 4672 1139 4721 li.
1156 4673 1249 4722 minans
1267 4677 1315 4722 est.

777 4745 804 4807 l‘l
821 4750 873 4802 llo.
890 4751 1046 4797 successerat
1062 4749 1206 4812 magnifico.
1219 4777 1247 4786 -
1261 4749 1291 4800 Ε.
1308 4750 1430 4801 successit
1445 4752 1576 4815 magistro.

777 4822 803 4884 (·)
820 4823 851 4874 E.
868 4825 895 4874 in
910 4823 1099 4877 maledictione.
1269 4827 1295 4890 (·)
1313 4828 1343 4878 li.
1359 4829 1479 4878 deminus
1495 4828 1639 4880 cardinalia.

778 4899 805 4963 (⁸)
821 4900 852 4951 E.
867 4900 937 4952 cives
954 4899 1112 4954 florentinos.
1270 4903 1298 4965 (’)
1314 4903 1344 4954 E.
1361 4904 1490 4956 Frentani.

779 4975 805 5036 l'l
823 4977 852 5026 R
868 4978 978 5028 mittere·
1268 4979 1296 5042 i')
1312 4979 1339 5032 S.
1356 4983 1455 5044 magnis
1470 4981 1624 5034 stridoribuv
1638 4983 1775 5036 horrendis
1791 4984 1857 5035 vien.

769 5051 808 5116 (“’)
824 5052 855 5103 B.
872 5054 997 5104 cucurrit.
