4606 6840
723 895 795 964 292
1119 911 1324 970 commu
1346 917 1498 971 mmm

722 1056 867 1152 Ulyxes‚
882 1051 970 1150 etv)
999 1065 1142 1133 tantum
1162 1061 1242 1155 jam
1268 1061 1531 1158 navigaverant
1554 1071 1594 1138 et
1615 1063 1887 1140 declinaverant

719 1176 767 1251 ad
792 1175 994 1272 meridiem,
1020 1179 1119 1272 quod
1143 1181 1368 1276 apparebant
1397 1183 1451 1258 o‘s
1478 1185 1592 1258 stelle
1620 1183 1772 1260 alterim
1800 1183 1884 1279 poli.

720 1295 812 1371 Dicit
835 1317 943 1394 ergo:
969 1298 1008 1370 lo
1030 1307 1135 1390 noue,
1154 1299 1257 1394 idest,
1274 1321 1359 1396 pars
1383 1303 1546 1397 opposita
1567 1303 1681 1396 nobis,
1699 1305 1808 1376 vedeo
1824 1293 1886 1393 qil

719 1423 800 1489 true
823 1419 855 1488 le
876 1419 982 1508 sele,
1008 1409 1134 1510 nond)
1159 1420 1247 1514 quia
1279 1440 1353 1495 non
1379 1420 1509 1514 videat,
1533 1421 1598 1496 sed
1623 1421 1689 1516 ipsi
1714 1420 1885 1496 videbant

718 1533 756 1608 in
781 1545 888 1612 nocte
920 1537 990 1630 illa,
1015 1540 1060 1612 dc
1087 1541 1217 1613 lnltm
1248 1543 1348 1632 polo,
1376 1540 1522 1635 scilicet,
1556 1539 1815 1634 meridionalis,
1847 1547 1885 1614 et

719 1657 889 1732 videbant
922 1659 1118 1750 elnosuo,
1143 1657 1289 1754 scilicet,
1319 1659 1666 1755 septemtrionalem,
1689 1661 1737 1734 ad
1769 1679 1882 1754 quem

718 1777 891 1874 navigant
914 1797 1043 1852 omncs
1070 1778 1119 1854 de
1146 1789 1271 1856 nostra
1302 1785 1403 1854 terra
1431 1779 1627 1874 habitabili,
1658 1789 1756 1854 tnnto
1779 1781 1884 1853 turso

716 1898 777 1968 cle
800 1917 873 1970 non
896 1917 1025 1989 torpeo
1045 1901 1131 1992 lucr
1154 1900 1213 1972 det
1235 1901 1354 1972 morin
1376 1902 1465 1991 solo,
1482 1898 1586 1992 idest,
1603 1906 1709 1974 extra
1725 1899 1883 1995 superli-

715 2016 811 2092 ciem
825 2017 949 2111 maris,
961 2017 1055 2092 sicut
1071 2037 1200 2112 aequor
1211 2018 1406 2112 aliquando
1422 2018 1554 2093 dicitur
1570 2019 1735 2114 planities
1750 2026 1880 2110 terrae3

714 2143 752 2210 et
776 2136 827 2211 sic
851 2137 934 2212 vide
959 2138 1058 2232 quod
1081 2158 1128 2213 ex
1154 2139 1254 2212 nulla
1279 2145 1383 2234 parte
1408 2138 1553 2214 videtur
1579 2145 1738 2233 uterque
1760 2140 1877 2235 polus,

715 2257 801 2350 quia
828 2257 857 2331 si
888 2278 984 2332 unus
1013 2265 1165 2353 apparet
1196 2257 1233 2332 in
1265 2257 1475 2351 continenti,
1504 2259 1599 2332 alter
1631 2259 1878 2352 absconditur,

714 2378 798 2452 licet
822 2377 934 2472 aliqui
957 2377 1079 2452 dicant
1102 2397 1144 2452 se
1163 2377 1293 2452 vidisse
1309 2385 1512 2472 utmmque
1531 2380 1670 2473 polum,
1687 2378 1786 2473 quod
1806 2399 1880 2452 non

714 2502 882 2572 merctur
913 2496 1034 2572 fidem.
1048 2537 1099 2550 -
1114 2499 1251 2590 curque.
1277 2497 1342 2571 llic
1371 2498 1505 2592 Ulyxes
1535 2506 1663 2572 narrat
1692 2497 1878 2592 quomodo

713 2617 832 2712 primo
863 2615 1020 2690 viderint
1056 2621 1195 2690 terram
1231 2626 1312 2711 post
1346 2617 1494 2712 longam
1526 2617 1810 2714 navigationem,
1842 2624 1880 2692 ct

713 2736 793 2810 vult
808 2735 970 2810 breviter
980 2734 1115 2828 dicere,
1124 2735 1224 2829 quod
1240 2755 1327 2808 cum
1345 2735 1575 2831 navigassent
1592 2737 1756 2830 quinque
1774 2755 1879 2811 men-

711 2857 812 2931 sibus
842 2855 1013 2930 viderunt
1041 2855 1200 2951 alonge
1231 2875 1349 2928 unum
1382 2865 1546 2931 montem
1579 2857 1710 2948 altum,
1741 2857 1876 2930 obscu-

712 2996 797 3050 rum
813 2965 861 3066 (³).
886 2975 931 3048 Et
954 2973 1002 3050 ad
1026 2973 1297 3070 intelligentiam
1322 2973 1432 3048 huius
1462 2973 1576 3048 literae
1604 2973 1715 3048 debes
1747 2980 1877 3048 notare

711 3096 811 3190 quod
835 3095 922 3169 luna
948 3115 1032 3188 quae
1057 3093 1185 3189 recipit
1209 3094 1336 3169 lumen
1360 3113 1384 3168 a
1408 3093 1496 3188 sole,
1518 3113 1665 3189 semper
1680 3099 1735 3168 est
1753 3093 1873 3169 media

711 3216 925 3311 illuminata,
950 3215 1039 3310 qnia
1063 3214 1151 3290 luna
1175 3221 1233 3290 est
1255 3235 1391 3310 corpus
1415 3213 1583 3306 solidum,
1609 3213 1659 3287 ita
1683 3212 1782 3306 quod
1807 3212 1873 3287 lux

710 3357 784 3412 non
814 3341 998 3429 penctrat3
1027 3334 1137 3410 modo
1166 3354 1252 3409 cum
1286 3334 1374 3408 luna
1406 3339 1462 3408 est
1490 3333 1684 3408 coniuncta
1717 3331 1795 3427 soli,
1821 3331 1875 3406 sol

709 3454 890 3529 illuminat
915 3453 1030 3548 ipsam
1046 3471 1069 3526 a
1096 3459 1200 3547 parte
1216 3451 1395 3547 superiori
1415 3471 1546 3526 versus
1565 3453 1714 3544 coelum,
1733 3451 1790 3526 vel
1807 3451 1875 3524 ob-
1998 3471 2003 3480 ·

708 3593 860 3650 scurum
887 3579 943 3648 est
967 3591 1098 3646 versus
1123 3577 1279 3664 terram;
1296 3570 1445 3665 quando
1465 3591 1556 3644 vero
1577 3571 1665 3645 luna
1692 3569 1829 3644 recedit
1853 3593 1875 3645 a

708 3692 974 3786 coniunctione,
1007 3691 1061 3764 sol
1090 3689 1212 3784 incipit
1244 3689 1452 3764 illuminare
1486 3709 1569 3764 eam
1601 3688 1812 3783 lateraliter,
1838 3695 1876 3763 et

708 3814 797 3890 illud
822 3813 919 3887 latus
944 3811 1112 3886 videmus
1136 3828 1304 3884 crescere
1328 3808 1375 3885 dc
1399 3809 1458 3884 dic
1483 3809 1520 3883 in
1544 3809 1655 3903 diem,
1677 3809 1795 3883 donec
1819 3814 1874 3882 est

707 3933 870 4031 opposita
896 3931 974 4026 soli,
998 3940 1036 4009 ct
1060 3937 1148 4005 tunc
1179 3929 1348 4006 videmus
1383 3936 1500 4005 totum
1528 3929 1741 4025 rotundum,
1775 3927 1874 4022 quod

707 4054 851 4151 respicit
868 4073 999 4130 versus
1024 4059 1182 4145 terram3
1207 4057 1244 4125 et
1268 4049 1320 4126 sic
1345 4049 1428 4126 vide
1451 4049 1637 4144 quomodo
1655 4049 1692 4123 in
1709 4049 1873 4142 quinque

705 4175 891 4254 mensibus
917 4173 1111 4269 quinquies
1135 4169 1338 4246 ostenditur
1362 4177 1400 4246 et
1424 4169 1619 4265 quinquies
1652 4168 1868 4244 occultatur.

704 4295 797 4372 Dicit
821 4315 934 4391 crgo:
960 4295 1100 4366 illucve
1129 4311 1194 4364 era
1222 4311 1364 4364 rocceso
1394 4293 1516 4382 nanque
1549 4291 1650 4379 vous,
1681 4287 1816 4360 scilicet
1846 4305 1869 4357 a

703 4415 792 4509 sole,
818 4415 856 4488 di
878 4419 967 4486 sotto
991 4415 1041 4485 do
1064 4415 1101 4484 ta
1129 4414 1227 4501 luno,
1251 4432 1272 4483 c
1294 4429 1395 4484 cosso
1421 4417 1527 4501 lanu,
1552 4409 1644 4483 idest
1673 4413 1710 4480 ct
1740 4404 1869 4478 lumen

703 4543 784 4611 erat
808 4533 991 4628 privatum
1009 4529 1158 4604 totidem
1175 4527 1327 4622 vicibus,
1341 4530 1403 4620 pot
1417 4531 1469 4601 clr’
1481 4528 1609 4600 entrad
1628 4545 1774 4598 uncam
1794 4527 1870 4597 net-

703 4655 809 4728 tolto
826 4672 948 4744 puoso,
965 4649 1101 4724 scilicet
1116 4647 1154 4721 in
1172 4667 1349 4742 magnum
1368 4651 1405 4720 et
1425 4643 1646 4741 protundum
1667 4643 1868 4738 Oceanum,

702 4773 844 4864 quando
868 4772 904 4844 n'
917 4789 1075 4862 appareo
1098 4787 1171 4839 uno
1196 4771 1389 4856 montognn
1413 4766 1528 4838 muno
1541 4785 1608 4857 per
1627 4767 1664 4838 lo
1688 4765 1865 4854 distance

764 4949 792 5016 (¹)
809 4949 839 5000 R
856 4961 872 5000 θ
889 4952 943 5006 ¹¹⁶·
960 4945 1030 5011 ‘1⁰⁰⁶
1046 4947 1157 4996 “nltim-
1265 4940 1294 5006 (Ἴ
1309 4942 1340 4992 li·
1356 4955 1410 4994 non
1425 4943 1495 5006 qnod
1511 4956 1563 4993 nox
1578 4942 1687 5001 videret,
1703 4940 1749 4992 ved
1764 4939 1820 5004 tpst.

763 5025 792 5092 ε’)
807 5027 833 5078 8„
849 5031 877 5078 ct
892 5025 1041 5076 obscurum.
