4580 6844
704 943 844 1002 carrus
867 944 1059 1002 mammos
1080 943 1265 999 omrmns.
1498 929 1569 998 32¹1
1679 941 1682 949 ¹

398 1088 486 1184 qnia
511 1086 680 1162 nolebam
699 1105 837 1184 negare
853 1094 1071 1184 potestatem
1092 1087 1230 1162 summi
1246 1085 1434 1183 pontificis,
1452 1085 1516 1180 qui
1530 1076 1568 1178 (¹)

396 1208 530 1283 dicitnr
554 1207 654 1282 Dens
678 1207 716 1282 in
740 1209 860 1303 terris,
880 1214 947 1284 ant
966 1209 1047 1284 eius
1072 1207 1260 1282 scientiam
1278 1213 1316 1282 at
1337 1205 1569 1302 pmdentiam

398 1347 582 1425 magnam.
614 1327 658 1400 Et
686 1327 739 1402 sic
770 1347 906 1423 mmet,
936 1329 1026 1403 dnm
1057 1327 1187 1402 nititur
1219 1347 1260 1402 se
1289 1347 1480 1420 excusare,
1509 1345 1573 1400 ac·

398 1453 525 1540 cusat3
550 1445 638 1540 qnia
662 1446 779 1522 voluit
807 1447 929 1542 potine
958 1454 1087 1524 contra
1117 1446 1375 1522 conscientiam
1407 1445 1572 1540 compla-

398 1583 486 1640 cere
514 1541 710 1658 Bonisana,
739 1585 853 1658 qnam
886 1565 1077 1661 displicere
1108 1565 1157 1640 illi
1186 1585 1254 1660 pro
1287 1565 1405 1639 sainte
1437 1563 1571 1636 animae

400 1704 496 1777 suae3
519 1683 602 1758 ideo
625 1682 724 1759 dedit
747 1684 939 1760 consilinm
963 1686 1184 1781 placiturum
1202 1676 1238 1776 (¹)
1260 1684 1318 1777 ei;
1343 1683 1442 1758 unde
1466 1682 1570 1758 dicit:

400 1805 708 1896 Edronispadre
734 1805 784 1878 do
807 1807 868 1879 cde
892 1813 927 1880 tu
952 1804 1570 1896 mandemtpoecaiomoenw

401 1925 509 1996 ander
533 1924 671 2014 deppae,
688 1922 790 2018 idest,
815 1945 839 1999 o
864 1945 957 2020 papa
973 1915 1024 2019 (ἢ,
1045 1925 1108 2019 qni
1133 1923 1265 1998 dicitur
1290 1927 1397 2017 pater
1421 1927 1570 2016 patrum

402 2049 440 2117 et
465 2047 619 2116 voratur
643 2050 749 2137 pater
774 2051 944 2120 sanctus:
972 2048 1080 2136 ioppe
1099 2063 1284 2136 pronomen
1300 2061 1366 2114 con
1383 2043 1573 2115 doumder

401 2167 513 2254 corto,
538 2160 641 2256 idest,
667 2181 757 2236 cnm
781 2163 886 2238 brevi
919 2169 957 2240 et
985 2183 1099 2258 parva
1129 2160 1399 2254 observatione,
1433 2163 1460 2233 ti
1485 2149 1573 2254 sard

402 2284 557 2375 tricator
579 2283 659 2356 neti
672 2284 744 2356 aito
767 2285 902 2374 oeppio,
920 2281 1022 2376 idest,
1039 2282 1077 2355 in
1099 2281 1186 2356 sede
1203 2279 1333 2375 papali,
1357 2279 1394 2352 in
1419 2267 1571 2370 curiai‘)

401 2419 569 2493 romana,
593 2419 668 2493 qna
692 2400 793 2474 nulla
817 2407 873 2476 esi
896 2401 1005 2476 altior
1025 2401 1121 2476 inter
1137 2399 1364 2476 christianos.
1385 2399 1455 2474 Sed
1472 2405 1573 2474 certe

400 2519 525 2592 nullus
548 2519 624 2592 dux
649 2540 825 2595 romanus
849 2511 1052 2612 iniustusp)
1078 2539 1246 2613 unquam
1271 2515 1510 2611 triumphavit
1527 2517 1574 2592 de

401 2633 714 2732 hostibna'quam
746 2639 815 2716 iste
851 2639 897 2714 de
933 2639 1074 2715 civibus
1111 2637 1197 2712 suis.
1228 2637 1312 2712 Pro'
1339 2635 1473 2730 quibus
1507 2636 1573 2710 de-

403 2756 517 2850 victis,
543 2777 618 2832 non
639 2757 798 2834 ‘dabatur
822 2757 911 2834 olim
937 2759 1145 2854 triumphus
1169 2779 1193 2833 a
1219 2756 1392 2849 romanis,
1410 2761 1453 2829 ut
1474 2761 1574 2850 patet

402 2876 509 2972 plene
525 2876 623 2971 apud
640 2876 826 2954 Valerium
844 2879 891 2954 de
903 2879 992 2974 jure
1011 2876 1258 2973 triumphandi
1273 2866 1332 2970 (⁶);
1350 2882 1388 2951 et
1402 2875 1505 2950 dicit:
1524 2875 1574 2948 do

403 2998 463 3070 cde
487 3003 523 3070 tc
548 3000 596 3070 mi
619 3001 705 3091 invi,
735 3003 812 3073 tota
840 3018 938 3092 aqua
963 2997 1103 3073 Tiberis
1128 3017 1202 3072 non
1227 2998 1384 3072 meamet
1408 3015 1509 3090 enm,
1535 2995 1574 3068 di

403 3118 482 3208 puel
500 3123 656 3209 peccato,
681 3138 745 3192 occ
769 3110 828 3190 md
851 3119 961 3192 rader
985 3119 1121 3209 deppio.
1148 3117 1248 3191 Bene
1267 3115 1510 3212 cognoscebat
1534 3135 1575 3190 se

403 3254 558 3330 peccare
572 3225 622 3327 (⁷).
649 3236 693 3310 Et
717 3236 777 3311 hic
799 3243 896 3330 nota,
915 3236 1015 3330 quod
1038 3236 1152 3331 aliqui
1177 3236 1341 3310 volentes
1366 3234 1575 3310 subtilizare

404 3353 441 3426 in
475 3353 588 3428 rebus
616 3354 762 3450 gronam,
795 3353 932 3449 dicunt,
966 3355 1066 3449 quod
1101 3355 1197 3431 istud
1231 3355 1423 3431 consilium
1457 3361 1576 3450 potest

404 3472 497 3547 trahi
522 3473 569 3548 ad
593 3473 733 3550 bonnm
759 3493 921 3569 semum,
948 3474 996 3550 ita
1011 3464 1049 3568 (⁸)
1076 3480 1118 3550 ut
1144 3475 1249 3550 litera
1274 3482 1480 3570 exponatur
1505 3475 1574 3550 sic:

400 3595 585 3684 prome
610 3595 1055 3685 marmaritanorum
1076 3615 1154 3693 quoe
1171 3599 1395 3688 provocato,
1411 3603 1446 3669 et
1459 3597 1576 3670 odim-

396 3715 468 3805 pie,
495 3712 559 3788 sed
584 3713 761 3807 quidquid
785 3714 907 3792 dicant
921 3706 971 3811 (⁹),
991 3721 1110 3792 totum
1134 3722 1190 3792 cst
1215 3716 1348 3790 ialsnm
1377 3725 1414 3792 et
1440 3715 1576 3790 ridicu·

401 3832 501 3926 ium3
529 3852 614 3906 nam
640 3838 858 3926 pervertunt
881 3834 1026 3928 penitus
1051 3840 1215 3909 mentem
1240 3833 1393 3927 autoris,
1412 3835 1511 3928 qnia,
1533 3843 1576 3910 nt

401 3957 501 4048 patet
531 3951 800 4030 evidentissime
830 3973 877 4028 ex
908 3954 976 4028 ista
1006 3953 1110 4052 litera
1126 3945 1193 4047 (ω),
1219 3973 1345 4028 comeo
1370 3953 1451 4026 vnit
1476 3953 1575 4047 quod

402 4076 551 4166 propter
577 4069 672 4144 interd
696 4071 887 4146 consilinm
918 4071 963 4144 eit
992 4070 1199 4146 damnatus.
1225 4072 1328 4147 Unde
1353 4070 1440 4147 dicit
1464 4073 1575 4167 paulo

403 4190 513 4266 infra:
523 4183 967 4283 percdddiade'icomiplto
980 4193 1456 4284 (redolente-Froncerco.
1470 4192 1576 4266 Nunc

403 4311 627 4407 comcs,jam
645 4315 814 4386 enarrata
833 4329 943 4386 causa
961 4329 1038 4385 snae
1051 4309 1304 4404 damnationis,
1319 4317 1446 4386 narrat
1458 4309 1575 4405 ipsam

404 4429 550 4506 finalem
575 4430 848 4505 damnationem
873 4430 1016 4506 dicans:
1040 4435 1251 4522 Frmwesca
1276 4431 1424 4525 scilicet,
1449 4437 1576 4528 prote·

404 4557 484 4626 ctor
508 4571 625 4644 mem,
647 4571 755 4624 ceurae
773 4553 839 4643 poi
856 4572 925 4643 per
950 4573 1017 4643 me,
1034 4555 1226 4646 tamquam
1243 4573 1311 4647 pro
1335 4552 1450 4627 fratre
1474 4550 1577 4626 ordi-

465 4735 494 4795 i')
509 4735 539 4785 Ε·
555 4735 601 4801 qul
616 4739 657 4785 αἱ
673 4735 750 4788 ΒΜ.
987 4735 1016 4799 (¹)
1033 4737 1064 4787 B.
1081 4736 1214 4800 placitum.

465 4808 492 4870 Γ)
508 4810 538 4859 lt.
554 4824 571 4860 o
587 4815 669 4872 poter.
986 4814 1016 4876 (⁸)
1031 4813 1062 4863 B.
1077 4814 1180 4864 civitate
1196 4827 1310 4864 romam

465 4887 492 4948 Γ)
509 4885 539 4935 ¹3·
555 4886 683 4938 moue
988 4889 1016 4952 ω
1031 4889 1062 4938 B.
1080 4889 1212 4953 triumphi.

464 4960 491 5022 ρ)
508 4961 538 5012 lt.
554 4967 732 5026 peccaturum.
987 4965 1014 5028 (¹)
1032 4969 1085 5026 ut,
1103 4967 1137 5014 ita
1153 4967 1231 5028 qood.

465 5037 493 5102 Ρ)
509 5043 564 5100 tro.
581 5037 690 5091 flentur.
976 5041 1013 5104 θ’)
1029 5039 1060 5090 Β.
1077 5039 1160 5100 litora,
1176 5040 1232 5090 mit
1248 5041 1317 5104 qood
1332 5053 1419 5090 corneo
1435 5053 1482 5104 per
1498 5037 1574 5090 iatnd.
