4494 6838
637 971 775 1028 murus
799 971 1015 1027 retenemus
1038 968 1233 1026 munaus.
1451 963 1521 1032 ota

350 1114 571 1211 adimplevit.
595 1114 689 1191 Nam
715 1115 917 1191 introduxit
940 1135 1005 1192 ens
1030 1119 1198 1211 tempore
1221 1122 1416 1213 nocturno,
1439 1121 1524 1194 nul-

349 1228 442 1329 iist')
479 1235 691 1312 verentibus
720 1241 787 1311 aut
816 1235 1083 1332 suspicantibus
1118 1236 1192 1310 tale
1225 1236 1323 1331 quid
1357 1239 1412 1312 En
1446 1260 1522 1333 quo

349 1355 592 1432 Lamuertactt
616 1355 845 1452 aubrgerunt
869 1355 956 1430 nudi
982 1354 1029 1429 de
1053 1355 1155 1430 lectis
1174 1375 1243 1451 pm
1263 1377 1399 1452 magna
1416 1364 1522 1452 parte

349 1497 436 1554 curn
462 1475 641 1550 uxoribus
665 1481 703 1550 et
728 1475 826 1569 filiis3
852 1481 1001 1570 propter
1027 1475 1126 1569 quod
1148 1476 1299 1551 fuerunt
1316 1475 1522 1572 pervarias

348 1603 472 1693 portes
496 1594 647 1690 dispersi
671 1613 739 1690 per
763 1593 914 1669 ltaliam.
940 1595 985 1668 Et
1014 1595 1066 1670 sic
1094 1595 1188 1690 ride,
1215 1597 1401 1689 quomodo
1426 1597 1522 1672 Tbe-

348 1717 526 1793 batdeitus
558 1737 604 1792 ex
640 1715 792 1790 minima
821 1713 960 1790 offensa
991 1714 1076 1790 iecit
1111 1721 1187 1790 tarn
1214 1715 1378 1790 odiosam
1404 1715 1550 1830 vindi]

349 1844 458 1915 ctam.
484 1835 539 1910 dd
564 1833 789 1930 propositum
816 1853 907 1930 ergo
932 1841 1042 1908 autor
1065 1834 1237 1910 describit
1258 1835 1378 1930 ipsum
1403 1857 1426 1910 a
1452 1855 1521 1910 uo-

350 1958 450 2032 mine
466 1961 504 2030 et
519 1952 735 2050 proditioue,
752 1953 892 2028 dicens:
911 1973 931 2026 e
952 1953 1167 2048 Tedotde1105
1184 1954 1252 2030 iste
1273 1955 1362 2028 iicet
1378 1954 1520 2048 nobilis,

349 2085 474 2152 tamen
499 2073 647 2170 spurius
667 2079 759 2167 erut,
779 2059 840 2146 'cte
855 2065 938 2165 apri
954 2078 1099 2147 Fuenan
1117 2076 1260 2167 worado
1286 2079 1319 2148 si
1342 2077 1520 2166 domna,

348 2197 483 2272 scilicet
507 2192 791 2270 bononiensibus
815 2193 974 2288 antiquis
999 2193 1165 2270 hostibus
1189 2194 1274 2269 suis
1303 2193 1405 2270 Unde
1429 2193 1520 2270 dici-

349 2323 411 2391 tur
434 2315 556 2391 adbuc
579 2314 617 2386 in
641 2311 806 2408 partibus
834 2312 938 2407 meis,
964 2313 1111 2407 pundo
1143 2312 1287 2388 videtur
1321 2335 1428 2410 unus,
1454 2313 1519 2407 qui

346 2437 481 2510 habeat
506 2433 646 2507 malurn
670 2438 880 2528 aspectum:
898 2432 967 2508 iste
983 2432 1129 2508 videtur
1145 2432 1206 2508 iiie
1223 2433 1286 2528 qui
1304 2433 1519 2510 Faventiam

347 2543 560 2651 prodidit(¹).
578 2551 621 2626 ut
646 2557 744 2646 nota,
765 2552 864 2646 quod
888 2552 957 2627 iste
981 2552 1144 2648 panditor
1163 2552 1201 2628 in
1220 2553 1415 2648 premium
1437 2573 1518 2628 sue

345 2673 559 2770 proditionis
583 2671 653 2746 tuit
676 2671 794 2746 iactus
820 2671 925 2746 mites
948 2692 973 2747 a
997 2672 1187 2748 communi
1203 2673 1436 2766 bononiensi3
1454 2672 1518 2748 sed

348 2811 422 2868 non
451 2791 513 2866 diu
544 2792 688 2866 laetatus
718 2796 774 2868 est
804 2791 872 2866 istu
902 2792 1067 2868 victoria.
1093 2793 1185 2868 Nam
1216 2798 1296 2888 post
1328 2791 1515 2868 modicum

348 2919 494 3008 tempus
524 2910 592 2984 init
616 2911 820 2986 trucidatus
852 2910 890 2984 in
923 2917 1048 3008 strage
1079 2912 1263 3008 galiorum
1294 2911 1388 2986 tacu
1419 2909 1517 3006 apud

345 3031 544 3107 Fertinium
576 3049 643 3126 per
676 3029 849 3106 comitem
882 3031 1088 3106 Gnidonem
1119 3031 1166 3106 de
1198 3030 1444 3123 Mouteieitro‚
1476 3036 1518 3102 ut

344 3152 428 3228 arbi
453 3150 591 3228 dictum
618 3156 684 3226 est.

419 3273 489 3344 Not
515 3289 661 3344 oeuomn
686 3273 823 3362 partiti.
849 3271 920 3346 ista
954 3276 1009 3346 est
1040 3277 1172 3366 quarta
1201 3277 1239 3346 et
1271 3270 1400 3346 ultima
1430 3291 1518 3366 pars

343 3389 525 3486 generalis
551 3389 661 3464 buius
684 3389 845 3486 capienti,
862 3391 900 3465 in
922 3411 997 3484 qua
1022 3396 1132 3466 autor
1155 3389 1231 3487 agit
1256 3397 1293 3466 et
1318 3396 1453 3466 tractat
1469 3389 1518 3468 de

279 3585 281 3589 ,
343 3509 490 3585 duobus
521 3510 665 3605 maguis
699 3509 946 3604 proditoribus
969 3510 1007 3583 in
1032 3510 1197 3606 speciali3
1224 3529 1386 3604 quorum
1418 3531 1518 3586 uuus

341 3628 498 3724 prodidit
522 3635 666 3723 partem
692 3635 729 3703 et
754 3629 922 3723 patriam,
947 3636 986 3704 et
1009 3630 1078 3722 fuit
1109 3630 1274 3726 proditus
1302 3631 1351 3704 ab
1383 3630 1515 3706 altero.

340 3749 443 3824 Unus
468 3749 537 3822 fuit
562 3767 686 3823 comes
711 3748 886 3844 Ugolinus
910 3748 957 3824 de
980 3750 1087 3824 Pisis:
1103 3751 1198 3825 alter
1216 3749 1511 3845 archiepiscopus

341 3868 522 3963 lingendus
546 3868 593 3944 de
622 3865 816 3941 Ubaidinis.
841 3869 885 3940 nt
918 3869 1021 3964 fingit
1053 3875 1163 3944 autor
1194 3870 1387 3963 subtiliter,
1413 3869 1513 3962 quod

341 3985 459 4060 dietus
483 4005 609 4062 comes
634 4007 722 4060 cum
751 3987 919 4062 dentibus
948 3986 1147 4062 crudeliter
1181 3987 1285 4062 mdat
1314 3989 1513 4064 cerebrum

341 4104 426 4180 dicti
451 4101 711 4201 archiepiscopi
736 4127 759 4180 a
783 4111 902 4201 terno,
920 4105 983 4199 qui
999 4105 1085 4180 iecit
1101 4125 1189 4180 eum
1212 4113 1287 4181 tam
1313 4107 1512 4184 crudeliter

342 4225 449 4318 mori,
475 4225 570 4302 sicut
593 4231 693 4320 patet
717 4225 755 4298 in
774 4224 934 4319 capiunto
958 4225 1138 4318 sequenti.
1156 4225 1249 4301 Dicit
1268 4239 1360 4323 ergo
1380 4226 1514 4321 primo,

341 4345 559 4420 continuans
582 4345 679 4420 dicta
704 4343 882 4422 dicendis:
901 4348 971 4420 Not
988 4365 1136 4420 eruenta
1147 4348 1275 4439 partiti
1288 4337 1351 4440 oid
1367 4349 1416 4422 do
1433 4351 1513 4439 etto,

341 4465 477 4540 scilicet
510 4465 558 4540 ab
596 4464 657 4540 iiio
693 4465 823 4560 Boenu,
861 4465 922 4540 cui
958 4465 1211 4540 lacerareram
1248 4465 1396 4562 cupidos
1424 4486 1513 4542 cum

341 4605 467 4682 mauu,
493 4605 580 4664 eum
605 4585 843 4683 pervenimus
867 4585 914 4661 ad
938 4605 1058 4660 unum
1079 4585 1246 4680 quicum
1272 4585 1442 4662 dentibus
1459 4587 1514 4662 la-

340 4707 490 4782 cerabat
514 4713 624 4806 caput
647 4708 771 4801 niteri3
790 4707 888 4782 unde
907 4707 1009 4784 dicit:
1027 4707 1079 4781 ob'
1090 4709 1127 4781 io
1145 4709 1218 4782 uidi
1241 4709 1308 4782 due
1326 4709 1514 4798 obiacenti

339 4830 376 4900 tn
401 4845 472 4899 aaa
497 4829 598 4917 buco,
623 4827 726 4921 idest,
750 4827 789 4901 in
814 4847 891 4902 uno
915 4827 1097 4902 foramine
1120 4827 1263 4923 glaciei,
1287 4819 1318 4898 ri
1342 4829 1402 4898 cde
1427 4829 1510 4898 tort

401 5013 428 5074 (⁸)
445 5013 475 5062 B.
491 5011 570 5062 nuliis
586 5014 837 5065 donumdonumr
852 5013 1007 5076 rapientibus
1024 5012 1077 5064 taio
1091 5013 1162 5076 qnid.

401 5087 428 5150 (⁸)
446 5091 500 5149 tto,
518 5087 631 5139 tradidit.
