4534 6842
738 979 877 1035 crudus
901 977 1091 1036 vluusluus
1117 979 1277 1035 nunnus.
1521 967 1589 1034 185

422 1128 503 1222 lios,
529 1129 589 1200 cle
612 1129 712 1219 piace
734 1128 773 1197 in
795 1130 904 1216 costo,
929 1123 1031 1218 idest,
1057 1143 1142 1218 quae
1167 1123 1273 1198 ruina
1303 1124 1466 1200 adboeret
1491 1125 1590 1220 ripe,

422 1247 526 1342 quasi
552 1247 668 1323 dicatz
688 1243 836 1341 potestis
860 1243 1058 1318 ascendere
1083 1263 1149 1338 per
1174 1243 1320 1317 ruinam
1346 1243 1449 1318 istius
1473 1243 1592 1338 pontis

422 1368 526 1442 tracti
552 1369 589 1441 in
616 1366 688 1441 tine
712 1372 890 1459 extremo,
909 1364 971 1438 ubi
994 1364 1101 1438 ruina
1116 1363 1258 1438 adiacet
1282 1364 1388 1459 ripae3
1405 1372 1444 1439 et
1463 1366 1521 1440 bic
1537 1371 1592 1440 cst

423 1489 556 1563 modus
581 1485 782 1581 expeditior
807 1483 916 1558 eundi
933 1481 969 1575 (¹)
997 1483 1090 1577 binc,
1123 1506 1143 1556 e
1174 1487 1369 1576 soperclrio,
1398 1484 1499 1579 idest,
1530 1506 1592 1558 su·

422 1619 489 1695 per
510 1591 551 1692 (²).
581 1604 693 1692 extat,
728 1595 976 1691 supereminet
1010 1596 1046 1670 iu
1081 1595 1223 1670 acervis
1258 1602 1296 1671 et
1329 1597 1498 1690 cumulis,
1537 1599 1595 1670 nel

421 1721 545 1812 fondo,
564 1717 758 1812 quoderat
776 1735 948 1807 vacuum,
968 1735 1040 1789 non
1057 1722 1272 1810 coopertum
1291 1717 1381 1810 pice,
1398 1717 1492 1790 sicut
1509 1715 1592 1788 tnn-

423 1837 513 1912 dum
530 1836 664 1931 bulgioe
681 1834 934 1932 precedentis3
947 1833 1028 1908 ideo
1044 1834 1138 1909 bene
1150 1836 1348 1928 apparebat
1366 1835 1473 1910 ruina
1489 1835 1592 1910 istius

421 1959 541 2054 pontis
564 1958 601 2030 in
626 1956 773 2052 planitie
797 1955 899 2029 fundi
923 1955 1081 2048 desuper
1111 1960 1149 2028 et
1178 1960 1321 2048 poterat
1355 1955 1400 2028 iri
1424 1976 1490 2051 per
1516 1956 1593 2030 rui·

354 2129 358 2134 -
424 2097 509 2153 nam
536 2078 638 2152 istius
663 2075 792 2171 pontis,
817 2076 901 2150 licet
926 2095 999 2148 non
1028 2074 1078 2147 ita
1108 2073 1269 2169 faciliter,
1296 2073 1390 2148 sicut
1414 2095 1480 2170 per
1504 2075 1592 2150 allos

424 2204 552 2292 pontes
585 2197 757 2294 integros,
784 2195 879 2269 sicut
910 2194 1008 2268 clare
1037 2193 1249 2267 ostendetur
1279 2194 1314 2266 in
1346 2194 1504 2288 capitulo
1535 2215 1593 2270 se-

424 2318 562 2412 quenti,
575 2317 680 2392 culus
696 2315 924 2391 contrarium
940 2312 1109 2407 superius
1128 2311 1271 2387 dixerat
1288 2313 1483 2409 llalacoda‚
1504 2315 1590 2409 quia

423 2436 567 2512 dixerat
591 2435 690 2530 quod
716 2454 789 2509 non
814 2439 958 2527 poterat
982 2433 1137 2506 ulterius
1167 2432 1212 2505 iri
1236 2453 1302 2528 per
1326 2435 1530 2528 scopulum,
1555 2441 1593 2510 et

424 2557 522 2650 quod
548 2560 628 2630 erat
653 2553 747 2628 alius
771 2552 942 2646 scopulos
967 2552 1063 2626 viam
1089 2551 1234 2645 iaciens,
1261 2551 1359 2645 quod
1384 2563 1466 2629 erat
1488 2553 1592 2647 peni-

424 2683 484 2750 tus
510 2676 654 2749 salsum.
681 2675 725 2748 ut
748 2671 869 2746 subdit
893 2677 1002 2746 autor
1032 2671 1216 2765 quomodo
1242 2672 1411 2768 Virgilius
1436 2693 1483 2747 ex
1508 2691 1593 2747 ver·

425 2795 480 2871 bis
493 2785 531 2886 (³)
557 2792 654 2868 veris
684 2791 804 2866 fratris
833 2789 1070 2886 deprehendit
1098 2791 1276 2864 fallaciam
1292 2779 1328 2892 (ἦ)
1359 2791 1591 2886 Malacaudae,

423 2914 568 2989 dicens:
595 2916 630 2986 to
654 2915 746 2987 duco
768 2919 862 2986 cutte
886 2932 934 2984 un
953 2931 1045 3004 poco
1070 2932 1094 2982 o
1120 2917 1204 2984 testo
1229 2913 1344 3000 cluna,
1370 2931 1416 2986 ex
1442 2912 1509 3006 ira,
1534 2913 1591 2986 in-

421 3033 641 3130 dignatione,
658 3039 697 3106 et
712 3031 947 3126 verecundia,
970 3029 1057 3125 quia
1078 3051 1174 3105 unus
1198 3029 1403 3105 baratarius
1429 3037 1592 3106 traxerat

420 3169 510 3228 eum
535 3152 582 3226 de
607 3151 676 3226 via.
692 3159 792 3225 recta
816 3171 929 3244 quam
955 3169 1052 3245 saepe
1072 3151 1277 3245 jactaverat
1301 3171 1341 3224 sc
1366 3151 1461 3226 bene
1485 3152 1590 3247 scire,

424 3279 460 3348 et
485 3291 584 3345 unus
609 3271 796 3366 hypocrita
822 3269 1021 3345 reduxerat
1046 3269 1196 3344 eumad
1221 3270 1318 3344 viam
1335 3271 1490 3366 bonam;
1508 3271 1590 3346 idco

423 3393 530 3468 dicit:
552 3393 616 3484 poi
639 3393 742 3481 dore,
767 3389 826 3465 ille
857 3389 1040 3486 Virgilius,
1065 3392 1168 3480 colui,
1194 3389 1339 3486 scilicet,
1369 3391 1591 3486 llalacauda,

423 3515 483 3587 cle
506 3513 635 3584 naono
658 3513 672 3581 i
692 3512 881 3601 peccatori,
902 3509 1004 3604 idest,
1022 3509 1086 3603 qui
1106 3529 1192 3584 cum
1216 3510 1349 3585 uncino
1374 3511 1510 3586 lacerat
1527 3511 1593 3586 ba-

425 3631 590 3723 rotarios,
615 3631 654 3703 di
677 3647 760 3720 quo,
785 3628 932 3723 scilicet,
957 3629 1017 3703 bic
1032 3622 1067 3722 (⁵)
1094 3650 1209 3724 prope
1238 3631 1275 3704 in
1305 3629 1428 3726 bulgia
1452 3631 1592 3726 quinta,

423 3755 496 3824 mol
519 3757 669 3823 contnoo
692 3752 730 3822 lo
753 3749 913 3839 batoprto,
938 3749 1040 3843 idest,
1066 3749 1156 3824 salso
1189 3748 1332 3824 dicebat
1363 3749 1463 3844 illud,
1493 3750 1591 3844 quod

424 3869 638 3965 expediebat
662 3867 778 3962 nobis,
795 3867 882 3961 quia
899 3867 1074 3942 fallaciter
1091 3867 1268 3942 docuerat
1284 3887 1359 3964 eos,
1377 3869 1476 3962 quod
1496 3869 1592 3945 irent

422 3989 470 4064 ad
506 3987 708 4080 dexteram,
745 3986 832 4080 quia
869 3985 1074 4062 invenirent
1108 3986 1218 4080 viam,
1253 3993 1290 4060 et
1327 3988 1590 4084 mentiebatur3

422 4109 487 4184 sed
524 4108 670 4183 volebat
701 4107 879 4182 reducere
916 4125 980 4180 eos
1010 4106 1045 4178 in
1075 4106 1251 4199 laqueum
1284 4113 1321 4181 et
1357 4107 1516 4183 retinere
1554 4107 1589 4180 in

422 4229 525 4304 curia
550 4247 629 4320 sua,
655 4226 749 4301 sicut
773 4236 829 4302 est
852 4225 899 4300 de
923 4231 1004 4300 arte
1027 4225 1311 4320 baratariorum,
1329 4245 1414 4300 curn
1437 4227 1590 4301 menda-

421 4349 485 4424 ciis
509 4347 673 4423 detinere
697 4345 863 4420 homines
887 4344 948 4419 diu
978 4344 1014 4418 iu
1039 4344 1163 4440 curia,
1180 4345 1280 4438 quod
1296 4345 1432 4439 optime
1456 4338 1606 4420 confir-³

422 4475 500 4546 mat
516 4467 685 4563 exemplo
702 4461 803 4541 claro
819 4465 1031 4562 contingere
1049 4465 1085 4539 in
1102 4466 1178 4561 ipsa
1195 4466 1297 4541 curia
1316 4485 1468 4542 romana
1481 4475 1588 4564 poeta

423 4590 641 4666 norissimus
666 4587 874 4662 Petrarcba.
901 4583 1031 4662 Scribit
1063 4587 1161 4661 euim
1195 4587 1294 4681 quod
1324 4595 1489 4682 tempore
1514 4609 1590 4684 quo

423 4716 504 4788 erat
528 4709 566 4783 in
589 4706 777 4800 Avinione,
803 4705 878 4780 duo
902 4705 949 4782 de
978 4705 1234 4800 cardinalibus,
1259 4705 1297 4780 in
1325 4707 1460 4800 quibus
1491 4709 1589 4785 orbis

484 4942 512 5006 υ)
528 4941 555 4994 S.
571 4955 587 4992 ο
604 4944 657 5003 tlt,
673 4943 793 4994 mundi.
805 4941 872 4993 -lt
888 4941 1026 4994 ucomdl
1042 4939 1112 4992 bine.

429 5024 435 5034 '
485 5017 512 5082 (l
528 5018 559 5068 ll.
575 5022 712 5082 eppental.
1095 5015 1122 5078 (¹)
1138 5015 1169 5067 ll.
1186 5013 1270 5066 rorida
1285 5010 1382 5066 fratris.

485 5094 513 5158 (⁸)
529 5095 560 5146 B.
577 5095 710 5148 multllm.
1097 5093 1124 5154 Γ)
1139 5091 1166 5142 8.
1182 5091 1244 5142 bino
1258 5101 1348 5154 ΜΝ·
