4494 6838
636 978 773 1035 caurus
795 977 1012 1035 mestuus
1035 976 1230 1034 sneunnns.
1445 969 1514 1038 eat

348 1124 451 1218 quod
468 1129 578 1200 autor
597 1123 831 1199 subtilissime
847 1123 1030 1199 adinvenit
1046 1115 1081 1216 (¹)
1100 1141 1248 1218 poenam
1263 1122 1517 1219 justissimam,

349 1251 388 1319 et
405 1243 654 1340 dignissimam
670 1242 927 1340 proditoribus,
943 1261 1056 1337 quam
1076 1263 1281 1338 numquam
1298 1243 1392 1318 alius
1408 1249 1516 1339 pocta

347 1364 552 1438 somniarit
578 1365 699 1461 Fingit
723 1359 821 1440 enim
842 1363 941 1459 quod
967 1363 1024 1438 isti
1043 1363 1255 1439 cruciantur
1279 1364 1316 1439 in
1336 1383 1411 1440 una
1436 1365 1517 1462 gla-

348 1483 404 1557 cie
433 1479 662 1581 frigidissima
695 1491 734 1558 et
767 1477 995 1579 rigidissima,
1029 1488 1066 1558 et
1099 1483 1251 1578 merit03
1280 1505 1367 1559 nam
1404 1485 1516 1560 ardor

346 1604 485 1678 umoris
510 1610 548 1678 ct
572 1621 678 1678 umor
703 1603 864 1680 caritatis
889 1601 1071 1699 figuratur
1096 1621 1243 1698 semper
1267 1603 1304 1678 in
1330 1604 1424 1700 igne,
1451 1603 1516 1698 qui

348 1729 404 1796 cst
428 1724 577 1817 calidus,
595 1722 695 1818 levis,
720 1743 838 1818 purus
854 1729 892 1798 et
909 1721 1023 1796 tendit
1038 1741 1184 1818 semper
1200 1721 1247 1797 ad
1263 1725 1391 1797 altum.
1410 1721 1516 1797 blodo

348 1863 415 1938 per
439 1845 643 1939 oppositum
670 1843 765 1917 istud
782 1841 932 1918 crudele
947 1841 1073 1917 odium
1094 1841 1305 1936 proditionis
1326 1843 1517 1938 reponitur

349 1962 386 2036 in
410 1962 536 2058 glacie,
563 1981 647 2057 quae
672 1967 729 2037 est
753 1961 894 2057 frigida,
911 1961 1045 2058 gravis,
1062 1981 1209 2056 semper
1232 1962 1408 2037 deorsum
1435 1967 1516 2037 ten·

348 2081 458 2175 dens;
482 2089 520 2156 et
544 2081 584 2156 iit
608 2097 655 2158 ex
684 2099 795 2176 aqua,
815 2099 900 2174 que
929 2072 1035 2172 ost(¹l
1065 2081 1314 2156 mtamentum
1349 2080 1516 2156 omnium

348 2221 532 2297 aquarum
558 2201 803 2293 infernalium,
822 2199 870 2274 ad
895 2200 1142 2276 denotandum
1159 2201 1259 2296 quod
1278 2199 1398 2276 omnis
1416 2199 1518 2275 calor

348 2318 486 2394 amoris
509 2325 548 2393 ct
571 2317 808 2394 humanitatis
837 2325 893 2394 est
923 2319 1104 2394 extinctus
1132 2319 1170 2394 iu
1199 2321 1294 2396 duro
1325 2327 1363 2396 et
1387 2317 1517 2415 frigido

347 2439 460 2514 corde
495 2437 699 2533 proditoris,
734 2443 773 2513 et
809 2438 908 2532 qnod
947 2439 1043 2513 istud
1079 2445 1270 2534 peccatum
1310 2444 1517 2536 pregravat

348 2556 471 2632 omnia
496 2556 566 2632 alia
592 2551 719 2630 mundi
734 2545 786 2651 (ἢ,
811 2556 860 2630 ita
885 2557 984 2651 quod
1001 2555 1156 2653 proditio
1173 2557 1373 2634 rectissime
1395 2556 1516 2631 inimi·-

347 2683 454 2752 catur
474 2683 512 2751 et
528 2676 775 2750 contrariatur
791 2677 932 2751 caritati
950 2681 989 2754 et
1003 2677 1185 2753 dilectioni
1201 2685 1238 2754 et
1257 2678 1392 2774 pietati.
1409 2678 1516 2753 Nunc

346 2796 394 2872 ad
411 2795 575 2891 literam3
592 2794 678 2870 dicit
693 2802 826 2870 autor:
847 2799 967 2889 perol'
978 2799 1014 2872 io
1036 2800 1086 2871 nti
1104 2801 1204 2889 vobi,
1221 2798 1368 2892 scilicet,
1384 2797 1431 2872 nd
1447 2815 1516 2871 ro-

347 2935 428 2992 oem
454 2914 676 3010 predictam,
709 2935 728 2988 e
760 2917 881 2989 mdiod
912 2919 1077 3008 dncaoe,
1107 2917 1252 3011 scilicet,
1283 2937 1359 3012 prae
1388 2915 1515 3009 oculis,

346 3057 366 3109 c
388 3041 477 3108 sotto
500 3037 515 3107 i
533 3036 630 3127 pledt
643 3051 692 3106 uo
708 3037 805 3126 lupo,
825 3033 961 3110 scilicet
977 3036 1154 3133 Cocytum
1176 3037 1374 3133 glaciatum
1391 3023 1441 3128 (⁸),
1457 3037 1518 3108 oie

347 3175 438 3228 accc
451 3155 651 3246 umberto,
668 3152 770 3248 idest,
788 3155 1051 3251 apparentiam,
1069 3159 1107 3230 di
1123 3163 1221 3230 oceo
1237 3178 1257 3230 e
1272 3173 1345 3229 ooo
1360 3159 1395 3230 α’
1403 3171 1518 3248 neuun

343 3295 410 3367 per
433 3272 524 3365 peto,
549 3273 654 3366 quasi
678 3273 797 3349 dicat:
824 3271 888 3368 qui
902 3267 940 3367 (⁶)
973 3281 1054 3352 erat
1086 3295 1234 3350 summe
1265 3275 1454 3372 glaciatus.
1468 3311 1519 3330 -

346 3399 437 3468 Non.
468 3395 532 3468 iiic
563 3400 674 3469 autor
701 3393 873 3468 describit
900 3393 1107 3491 grossitiem
1139 3399 1177 3471 ct
1208 3395 1381 3471 duritiem
1415 3395 1518 3469 istius

345 3513 480 3588 indmae
496 3512 626 3607 glaciei
643 3532 710 3606 per
727 3511 909 3608 duplicem
926 3516 1262 3609 comparationem,
1279 3522 1317 3590 et
1332 3515 1413 3589 vult
1430 3512 1518 3588 bre·

344 3631 439 3706 viter
464 3631 597 3724 dicere,
615 3631 714 3725 quod
739 3631 841 3706 nulla
865 3652 964 3728 aqua
990 3640 1046 3708 est
1061 3633 1099 3706 iu
1116 3633 1255 3710 mundo
1274 3653 1359 3729 quae
1378 3650 1518 3731 congu-

344 3749 442 3825 letur
466 3750 517 3826 ita
541 3751 636 3825 dure
661 3751 1050 3846 destinandum
1074 3752 1285 3828 Danubium
1309 3751 1347 3826 in
1371 3753 1519 3830 Alema·

344 3867 422 3962 nia,
456 3888 530 3942 non
561 3869 691 3944 Tanais
728 3871 765 3944 in
799 3869 955 3964 Scythia.
994 3870 1087 3943 Dicit
1124 3889 1239 3966 ergo:
1273 3875 1326 3944 Lo
1362 3875 1515 3946 mocio.

344 3982 533 4061 Danubius
559 3986 693 4062 durius
717 3988 880 4062 nuscitur
904 3987 942 4060 in
967 3987 1163 4064 Germania
1194 3988 1231 4063 in
1260 3989 1403 4084 alpibus
1426 3992 1518 4066 Sve-

345 4106 415 4182 riae
440 4106 625 4181 maximus
650 4105 817 4182 omnium
844 4105 1043 4180 duriorum
1068 4105 1357 4202 occidentalium,
1375 4117 1413 4184 et
1429 4127 1518 4184 cur-

345 4228 393 4300 rit
428 4247 559 4326 rcrsus
588 4227 900 4323 septemtrionem,
927 4231 965 4300 et
993 4223 1089 4301 cadit
1119 4226 1157 4299 in
1187 4245 1292 4302 mare
1321 4227 1442 4322 Tene,
1471 4225 1519 4304 dc

344 4367 420 4442 quo
444 4345 587 4422 dicetur
611 4337 769 4442 plenc(⁶)
796 4343 958 4420 Paradisi
985 4345 1147 4440 capitulo
1176 4345 1271 4419 lllll:
1297 4367 1368 4420 non
1395 4340 1522 4442 soceri

343 4485 471 4560 praem
495 4465 584 4557 celo,
609 4463 713 4560 idest,
737 4471 814 4540 um
847 4483 1014 4562 grossam
1039 4463 1207 4562 glaciem,
1226 4487 1339 4562 quam
1364 4467 1520 4562 appellat

345 4588 482 4680 velum,
505 4585 594 4680 quia
618 4583 835 4681 transparet,
867 4586 927 4659 vel
957 4585 1043 4679 quin
1069 4587 1166 4660 velat
1190 4592 1228 4662 et
1252 4587 1347 4662 cclnt
1369 4607 1518 4683 aquam,

344 4705 385 4777 ul
404 4725 509 4778 corso
531 4727 607 4797 ruo,
633 4705 736 4800 idest,
760 4723 870 4800 aquae
895 4704 1076 4799 currenti,
1092 4708 1129 4779 in
1159 4707 1517 4804 crotonicorum

406 4932 435 4994 (¹)
449 4931 476 4982 S·
492 4933 600 4984 “ssmi-
900 4937 929 4997 Ρ)
945 4937 975 4988 B·
990 4951 1049 5002 qu·
1065 4951 1169 5002 comper
1184 4943 1232 4990 ert.

405 5007 503 5069 wira,
519 5013 625 5072 mut·
640 5013 739 5062 mund.
903 5011 974 5076 uls.
990 5014 1196 5078 membraneo
1213 5015 1361 5080 rhemum.

402 5083 635 5151 t'lssqunmt
904 5087 931 5151 r)
948 5090 1129 5154 numm
