4566 6844
602 989 604 994 '
690 981 827 1037 CANTUS
844 983 1068 1038 -TlllGFSfflUS
1091 983 1268 1048 Quantus.
1492 973 1562 1040 549

397 1133 498 1203 tanto
524 1127 640 1226 magis
666 1128 811 1204 videtur
839 1150 863 1203 a
895 1129 1013 1226 longe.
1040 1128 1084 1202 tir
1116 1129 1176 1203 bic
1209 1137 1295 1204 nota
1327 1130 1426 1224 quod
1455 1135 1566 1205 autor

395 1247 477 1323 ideo
502 1249 572 1324 boc
597 1249 711 1346 lingit,
736 1249 823 1342 quia
848 1247 995 1343 quando
1021 1246 1196 1324 vexillum
1223 1249 1427 1344 explicatur
1444 1257 1501 1326 est
1517 1251 1567 1325 si-

272 1461 283 1472 ,
394 1390 512 1464 gnum
538 1369 635 1463 quod
661 1370 831 1445 dominus
851 1375 907 1444 est
922 1390 1056 1466 prope3
1073 1391 1159 1444 nam
1176 1369 1352 1444 vexillum
1370 1371 1462 1445 solet
1478 1393 1566 1466 por·

396 1489 465 1564 tari
483 1509 597 1585 prope
614 1497 652 1564 et
670 1497 756 1565 anto
775 1489 978 1585 dominum,
992 1489 1160 1585 quamvis
1180 1489 1406 1585 praeceeserit
1427 1511 1562 1590 magna

398 1609 594 1685 mullitudo
620 1610 814 1705 exercilus,
836 1632 938 1684 verro
961 1611 999 1684 di
1021 1613 1104 1704 not‚·
1124 1617 1162 1685 et
1186 1610 1290 1686 dicit:
1309 1604 1565 1704 pardalineam·

396 1733 502 1821 mua,
528 1731 673 1825 scilicet,
699 1737 784 1806 ante
813 1735 861 1825 te,
886 1751 924 1804 re
956 1738 991 1805 tu
1019 1733 1047 1804 it
1075 1733 1238 1822 discerni,
1268 1731 1414 1828 scilicet,
1442 1733 1564 1828 ipsum

398 1871 537 1949 regem.
556 1852 599 1925 llt
615 1851 776 1926 declarat
792 1852 948 1927 iormam
962 1851 1109 1934 visionis
1128 1851 1348 1927 vexillorum
1367 1873 1433 1948 per
1449 1875 1563 1928 unam

399 1969 710 2066 comparationem
723 1970 961 2046 domesticam
975 1977 1012 2046 et
1025 1971 1181 2046 claram:
1196 1972 1564 2048 etvultbreriterdi-

398 2110 494 2185 cere,
508 2091 608 2185 quod
623 2091 768 2165 videbat
784 2090 905 2166 taliter
922 2091 1008 2165 istas
1021 2092 1098 2166 alas
1111 2091 1325 2166 ventilantes
1337 2112 1404 2186 per
1420 2110 1559 2187 aerem,

398 2211 492 2284 sicut
516 2211 629 2285 bomo
654 2210 751 2285 videt
774 2229 797 2284 a
822 2211 932 2307 longe
956 2211 1056 2306 palas
1076 2215 1267 2286 rentantes
1287 2210 1396 2284 unius
1422 2212 1565 2288 molen-

397 2331 481 2424 dini,
500 2331 559 2405 vel
584 2330 630 2407 de
654 2331 713 2406 die
738 2329 885 2424 quando
906 2331 1275 2428 estmagnanebula,
1294 2331 1417 2407 uelde
1438 2337 1561 2427 nocte3

397 2450 482 2526 dicit
499 2471 613 2548 ergo:
638 2453 741 2524 ceder
758 2453 807 2523 mi
828 2471 942 2544 paroc
957 2472 1004 2525 aa
1024 2453 1140 2544 dtfido
1155 2453 1290 2543 altolto,
1307 2472 1403 2524 come
1415 2473 1490 2546 par
1513 2455 1563 2526 do

399 2574 496 2662 lunai
518 2591 567 2644 aa
586 2573 693 2644 motin
717 2571 777 2644 obe
793 2579 893 2644 orato
918 2574 1014 2664 pira,
1031 2573 1173 2663 quondo
1194 2592 1267 2644 aaa
1291 2591 1419 2663 prorsa
1442 2573 1565 2646 nebbio

400 2694 513 2784 spira,
526 2689 662 2765 scilicet
678 2689 798 2766 dedic
815 2690 962 2785 quando
978 2697 1034 2766 est
1049 2689 1154 2766 valde
1167 2691 1374 2788 caliginosa,
1387 2713 1410 2764 o
1422 2693 1564 2786 quando

398 2792 616 2903 tantopore
639 2817 761 2886 nostro
786 2817 945 2904 annom,
970 2811 1073 2905 idest,
1099 2811 1158 2886 vel
1188 2811 1334 2906 quando
1364 2812 1405 2886 lit
1428 2834 1503 2887 nox
1528 2813 1566 2888 in

403 2931 622 3026 hemisperio
639 2940 764 3007 nostro
780 2931 959 3027 superiori
975 2930 1202 3024 naturaliter,
1216 2931 1293 3005 sive
1305 2931 1474 3006 nubibus.
1489 2933 1566 3008 Hoc

402 3055 457 3126 est
480 3050 626 3126 dicere:
652 3072 722 3148 ego
747 3073 878 3146 parum
905 3050 1156 3126 discernebam
1174 3051 1233 3126 illa
1250 3051 1403 3149 insignia
1422 3053 1458 3125 in
1476 3073 1565 3128 eon-

401 3171 495 3265 iuso,
525 3171 621 3244 siout
648 3171 677 3246 si
711 3171 875 3246 viderem
907 3191 1025 3244 unum
1058 3170 1307 3246 molendinum
1342 3173 1484 3248 moveri
1518 3174 1565 3249 ad

403 3296 553 3364 ventum
581 3290 640 3364 vel
664 3291 793 3366 dedic
817 3291 1004 3386 nebulosa,
1031 3293 1091 3366 vel
1117 3293 1162 3366 de
1186 3297 1293 3367 nocte
1323 3292 1491 3369 obscura.
1525 3296 1569 3369 llt

393 3411 460 3485 bic
485 3416 571 3484 nota
588 3412 686 3505 quod
703 3412 928 3507 comparatio
953 3417 1009 3486 ert
1032 3411 1197 3508 propria,
1220 3414 1304 3508 quia
1326 3413 1420 3488 sicut
1440 3414 1567 3490 multae

402 3533 494 3628 palae
519 3531 715 3607 molendini
741 3531 915 3608 velociter
939 3534 1150 3628 volvuntur,
1173 3534 1221 3608 ita
1247 3534 1375 3608 multae
1398 3535 1467 3609 alae
1484 3535 1568 3610 altre

405 3659 442 3727 ct
465 3653 597 3747 amplae
620 3653 777 3729 Luciferi
802 3653 1048 3730 movebantur
1077 3654 1263 3749 velociter,
1289 3662 1327 3730 et
1356 3656 1571 3732 emittebant

403 3795 581 3873 magnum
612 3781 785 3850 ventum:
814 3780 851 3849 et
883 3774 1030 3850 uidebat
1062 3776 1138 3850 alas
1163 3776 1199 3849 in
1214 3769 1250 3869 (⁴)
1282 3777 1451 3872 obscuro,
1482 3777 1569 3872 quia

401 3895 567 3970 diabolus
584 3914 659 3968 non
677 3899 829 3988 apparet
853 3893 920 3967 nisi
947 3893 982 3967 in
998 3885 1036 3986 (²)
1053 3895 1217 3988 tenebra,
1239 3895 1324 3987 quia
1347 3895 1426 3970 eius
1452 3915 1569 3970 nocu-

403 4021 527 4090 menta
544 4021 582 4090 et
601 4020 826 4090 tentamenta
844 4034 916 4088 non
934 4011 1026 4087 flunt
1042 4013 1110 4086 nisi
1126 4013 1163 4087 in
1181 4015 1350 4088 obscuro.
1369 4015 1453 4090 ldeo
1472 4017 1569 4093 bene

404 4135 508 4234 lingit
532 4134 630 4230 quod
655 4135 691 4208 in
718 4133 870 4209 tenebra
895 4133 1021 4228 noctis,
1039 4135 1097 4208 vel
1124 4133 1258 4209 nebula
1283 4134 1354 4209 diei
1378 4135 1475 4211 videt
1500 4137 1568 4212 ista

403 4255 555 4352 insignia
581 4261 927 4349 quantumcumque
944 4253 1123 4348 maxima3
1141 4261 1178 4328 et
1195 4253 1281 4348 quia
1300 4275 1457 4352 magnus
1476 4276 1568 4332 veu-

403 4382 462 4452 tus
489 4375 709 4471 procedebat
733 4374 780 4449 ab
805 4373 871 4448 alis
896 4373 1050 4471 magnis,
1075 4373 1179 4448 dicit:
1195 4365 1286 4466 perd
1304 4395 1370 4468 per
1395 4377 1430 4448 to
1456 4383 1569 4470 emto,

403 4495 465 4592 qui
493 4501 572 4570 erat
598 4493 786 4589 multiplex
812 4515 834 4567 a
861 4493 984 4567 multis
1009 4493 1073 4567 alis
1088 4483 1142 4588 (⁸),
1161 4497 1210 4567 mi
1232 4496 1388 4568 rubim
1411 4503 1508 4569 retro
1532 4499 1574 4570 ot

402 4619 493 4691 duco
517 4619 601 4707 mio,
619 4613 754 4689 scilicet
771 4620 852 4709 post
875 4620 980 4710 terga
1005 4613 1154 4712 Virgilii,
1171 4615 1231 4686 cle
1250 4634 1323 4686 non
1347 4617 1456 4688 o’erc
1475 4617 1571 4689 olba

400 4745 531 4830 prottu,
557 4735 659 4830 idest,
684 4735 756 4811 alia
782 4735 966 4830 spelunca,
988 4734 1025 4808 in
1051 4754 1125 4828 qua
1145 4734 1311 4829 laterem,
1329 4735 1435 4829 quasi
1454 4735 1570 4811 dicat:

402 4878 475 4932 non
501 4856 680 4931 habebam
708 4854 806 4929 aliud
833 4853 1031 4951 retugium,
1057 4853 1124 4928 nisi
1149 4855 1264 4929 solam
1291 4855 1462 4930 umbram
1488 4855 1571 4931 Vir-

463 5042 492 5106 ll
508 5047 563 5102 rra,
579 5043 605 5094 rn
621 5041 736 5102 reorum,
753 5041 822 5105 quir.
1075 5036 1103 5102 (¹)
1121 5043 1174 5099 rra,
1192 5039 1218 5088 ru
1233 5038 1353 5089 ommno.

464 5119 490 5180 ι’)
506 5119 532 5171 S.
548 5117 595 5170 altr
611 5117 718 5182 mapula,
735 5117 793 5169 idco
808 5116 878 5168 dicit.
