4566 6844
686 987 827 1044 carrus
851 985 1068 1042 rnronsmus
1092 949 1287 1042 sncunnus.
1498 975 1569 1044 t93

400 1135 471 1210 snb
494 1154 593 1229 aqua
618 1137 747 1210 tenens
771 1131 893 1207 solum
918 1151 1070 1206 murum
1095 1129 1184 1206 ioris
1209 1137 1246 1207 et
1270 1133 1477 1229 garrulans.
1500 1133 1571 1206 Οτ-

399 1253 484 1329 dina
508 1252 560 1328 sic
584 1252 754 1328 literam:
779 1273 799 1324 e
823 1251 979 1325 lomim
1002 1253 1144 1343 ἀοῑεηιί,
1162 1251 1299 1326 scilicet
1322 1252 1569 1349 proditorum3

359 1447 373 1474 ,
398 1393 485 1447 nam
510 1392 597 1448 cum
622 1371 691 1446 ista
716 1371 762 1446 sit
786 1371 912 1446 civitas
936 1370 1083 1466 doloris,
1109 1377 1147 1446 et
1170 1391 1300 1446 omnes
1325 1373 1468 1447 umhrae
1497 1371 1570 1446 sint

397 1493 560 1568 dolentes
585 1491 623 1566 in
648 1485 707 1584 ea,
733 1491 811 1566 istm
841 1499 927 1566 sunt
959 1491 1240 1567 tundamentum
1272 1491 1439 1566 omnium
1464 1491 1569 1566 dolo-

398 1631 496 1706 rum,
521 1631 611 1686 eron
634 1613 727 1685 neto
750 1613 922 1703 omacio,
947 1614 1116 1684 notendo
1140 1614 1155 1684 t
1178 1613 1272 1685 dett
1294 1615 1333 1685 in
1357 1618 1441 1685 noto
1461 1613 1499 1685 di
1517 1613 1568 1684 α’-

398 1751 526 1822 copnu,
551 1730 643 1806 idest
658 1725 707 1826 (¹),
734 1730 833 1826 quod
857 1751 925 1827 pro
950 1729 1063 1805 nimio
1088 1730 1226 1826 frigore
1242 1730 1461 1806 resonabant
1477 1713 1569 1806 den·

399 1851 497 1926 tibus
528 1871 635 1926 more
662 1850 823 1946 ciconiae,
851 1869 934 1945 quae
966 1849 1050 1924 tacit
1083 1847 1133 1922 ita
1166 1869 1207 1923 se
1240 1848 1360 1924 audiri
1390 1871 1413 1924 a
1447 1849 1567 1946 longe,

400 1968 555 2064 umbre,
573 1962 713 2064 diceri
738 1971 853 2060 limile
873 1969 976 2063 idest,
1003 1975 1077 2042 tam
1104 1967 1256 2063 pallida,
1277 1958 1314 2040 ἰὰ
1338 1971 1427 2042 dove
1450 1989 1568 2062 appar

400 2110 594 2181 veroum
619 2087 723 2184 idest,
748 2089 786 2162 in
810 2087 912 2182 iacis,
938 2086 975 2160 in
1001 2107 1074 2182 qua
1095 2093 1248 2196 apparet
1264 2087 1486 2164 verecundia
1503 2089 1570 2163 ho·
1636 2101 1639 2108 ·

399 2210 507 2284 minis
532 2229 599 2306 per
623 2210 770 2304 signnm
797 2206 954 2302 ruboris,
971 2226 1038 2303 per
1055 2207 1155 2301 quod
1171 2207 1405 2304 cognoscitur
1422 2207 1569 2302 qnando

399 2332 512 2404 homo
546 2327 829 2420 verecundatur,
859 2347 954 2400 corne
987 2330 1024 2399 la
1053 2347 1150 2400 ram
1179 2330 1211 2400 si
1239 2333 1295 2400 sto
1328 2348 1353 2400 a
1382 2330 1569 2419 prauum,

398 2449 490 2524 idest
502 2440 553 2542 (¹),
579 2447 626 2521 ad
651 2445 930 2542 garrulandum,
956 2454 993 2523 et
1018 2447 1264 2542 coarandum,
1279 2451 1365 2541 (cor
1386 2450 1429 2521 de
1444 2450 1568 2540 loquo

397 2571 587 2658 culmino,
603 2571 771 2662 tempore
796 2567 929 2642 astatis
954 2565 1088 2662 calid03
1114 2566 1213 2642 unde
1237 2566 1341 2641 dicit:
1369 2569 1511 2659 qwndo
1531 2570 1568 2640 lo

397 2687 530 2759 υἰὶἱαπα
554 2705 667 2776 ropac
692 2688 730 2759 dt
752 2689 924 2778 pipolm,
941 2685 1044 2780 idest,
1064 2691 1166 2780 optat
1182 2685 1356 2782 colligere
1372 2686 1499 2782 spicas,
1517 2686 1568 2762 ila
1701 2713 1710 2732 ·

397 2803 497 2898 quod
521 2803 679 2880 somniat
702 2804 749 2880 de
774 2812 882 2880 nocte
907 2806 976 2910 hoc
1001 2803 1133 2900 lacere,
1159 2813 1309 2897 soventa,
1330 2804 1431 2900 idest,
1458 2826 1565 2900 saepe.

397 2923 442 2998 nt
466 2931 522 2999 est
542 2925 767 3020 comparatio
791 2925 937 3023 propria
962 2926 1009 3000 de
1033 2925 1115 3000 lacu
1136 2924 1184 2999 ad
1200 2925 1337 3018 lacum,
1354 2932 1391 2999 et
1408 2925 1455 2999 de
1476 2943 1566 2999 rana

397 3043 445 3120 ad
470 3043 712 3138 proditorem3
738 3043 832 3118 sicut
858 3043 956 3119 enim
977 3064 1068 3118 rana
1086 3043 1231 3137 clamat,
1250 3063 1318 3118 nec
1338 3049 1456 3138 potest
1473 3043 1568 3117 trahi

398 3162 445 3238 de
469 3163 613 3258 palude,
644 3163 693 3236 ita
725 3162 889 3258 proditor
920 3162 979 3238 hic
1011 3163 1129 3256 latrat,
1160 3169 1198 3238 et
1228 3183 1419 3257 nunqnam
1451 3168 1570 3258 potest

398 3281 494 3356 trahi
523 3281 571 3356 de
602 3281 817 3376 proditione.
851 3283 896 3356 nt
925 3281 1047 3356 subdit
1075 3287 1185 3356 autor
1214 3282 1368 3357 modum
1398 3281 1569 3358 manendi

397 3399 553 3474 istorum
579 3400 820 3496 proditorum,
846 3401 992 3476 dicens:
1023 3420 1180 3493 oenum,
1206 3401 1309 3496 idest,
1334 3421 1570 3497 unaquaeque

396 3519 531 3613 anima,
555 3523 594 3592 io
616 3513 678 3612 pto
703 3527 801 3594 terea
826 3523 920 3595 volta
945 3522 983 3594 lo
1004 3523 1142 3615 socom
1163 3526 1201 3596 et
1216 3520 1276 3595 hic
1293 3527 1349 3596 est
1370 3541 1451 3595 mos
1467 3539 1571 3595 oom-

396 3637 519 3713 munis
544 3639 738 3735 proditoris
764 3639 947 3735 respicere
964 3645 1105 3714 terram
1130 3644 1170 3714 et
1195 3659 1268 3714 non
1293 3639 1426 3715 faciem
1451 3640 1570 3715 homi-

396 3759 463 3853 nis,
489 3779 537 3834 ne
562 3759 680 3834 dicam
707 3758 801 3854 ooeti,
821 3759 883 3836 cui
894 3759 973 3855 jam
991 3758 1101 3833 vertit
1119 3764 1234 3856 terga.
1252 3758 1337 3834 Ideo
1357 3759 1454 3854 dicit,
1472 3759 1570 3854 quod

397 3876 512 3971 frigus
529 3878 786 3952 manifestatur
802 3898 868 3973 per
890 3898 931 3952 os
946 3869 997 3973 (³),
1016 3883 1053 3952 et
1070 3897 1135 3952 cor
1159 3897 1227 3971 per
1247 3880 1385 3972 oculos,
1402 3883 1431 3952 il
1441 3882 1571 3972 [reddo

395 3998 429 4068 ci
453 3999 658 4087 prococcto,
690 3995 793 4091 idest,
827 4003 1002 4091 procurat
1035 3996 1115 4090 sibi,
1150 3999 1414 4070 mammeam
1451 4000 1500 4070 do
1533 4000 1571 4069 lc

396 4114 516 4205 bocca,
542 4115 629 4208 quia
654 4115 791 4191 scilicet
815 4135 861 4189 er
887 4116 948 4190 illa
974 4115 1213 4191 concussione
1237 4115 1402 4192 dentium
1433 4135 1570 4214 cogno-

396 4232 511 4307 scitur
536 4253 709 4310 excessus
734 4235 880 4332 frigoris
905 4235 943 4310 in
968 4235 1047 4330 illis,
1073 4238 1130 4309 e’l
1152 4256 1216 4308 cor
1241 4239 1352 4330 tuto,
1375 4236 1478 4330 idest,
1505 4237 1571 4310 tri-

396 4351 492 4428 stitia
530 4354 649 4428 cordis
685 4363 861 4449 procurat
894 4355 961 4430 sihi
999 4354 1263 4450 testimonium,
1295 4357 1427 4446 dupli
1462 4359 1571 4448 ocelli,

397 4472 484 4566 qnia
510 4473 657 4568 scilicet,
681 4473 865 4549 inclinatio
890 4475 1085 4550 oculorum
1112 4474 1159 4549 ad
1184 4481 1324 4550 terram
1340 4474 1433 4550 solet
1450 4476 1572 4550 mani·

396 4591 532 4669 testare
555 4613 621 4670 cor
646 4594 760 4690 triste,
786 4601 845 4672 tra
869 4597 936 4668 lor.

474 4716 610 4798 Qumca'
622 4716 668 4788 to.
701 4713 773 4790 isla
804 4721 858 4790 est
888 4714 1049 4790 secunda
1080 4735 1166 4810 pars
1198 4715 1392 4814 generalis,
1424 4715 1460 4790 in
1494 4735 1569 4811 qua

396 4836 506 4905 autor
530 4833 737 4909 manifestat
767 4834 804 4909 iu
833 4834 979 4930 speciali
1009 4834 1150 4928 aliquot
1179 4836 1383 4931 proditores
1412 4855 1568 4912 consan-

458 5015 487 5079 (¹)
504 5016 534 5066 E.
551 5016 616 5068 idest
632 5031 686 5080 pra
702 5019 782 5068 nlmlo
798 5019 896 5083 frigore
912 5019 1089 5070 manuum
1104 5020 1232 5071 donnino

459 5091 486 5154 l’l
504 5093 534 5144 li.
549 5093 616 5144 idest
631 5093 773 5158 mundo
788 5100 816 5147 et
832 5095 980 5146 manto.
1107 5093 1133 5158 (¹)
1150 5094 1181 5145 R.
1198 5107 1246 5158 per
1261 5095 1372 5146 nummis
1387 5109 1425 5147 os.
