4526 6836
711 999 849 1056 murus
874 999 1031 1056 nunnius
1054 999 1225 1056 ocrsvus.
1505 989 1550 1056 29

379 1163 478 1220 nuno
502 1151 558 1220 est
590 1151 665 1220 tam
690 1145 905 1241 deiormata,
932 1151 968 1221 et
1000 1144 1181 1222 sordidata
1218 1151 1401 1239 stercore;
1427 1150 1464 1219 et
1490 1143 1552 1219 ubi

380 1273 460 1342 erat
484 1273 562 1344 tam
588 1269 698 1366 polita
713 1262 749 1362 (¹)
777 1279 815 1346 et
839 1277 980 1364 ornata,
998 1290 1097 1344 nunc
1116 1275 1170 1344 est
1199 1269 1249 1342 ita
1274 1269 1342 1344 icta
1358 1261 1394 1361 (²)
1423 1276 1461 1343 et
1485 1269 1551 1344 de·

378 1389 562 1484 capillata3
589 1391 676 1485 quia
705 1389 768 1464 ubi
803 1390 951 1464 Alexius
980 1388 1209 1485 percutiebat
1237 1387 1305 1462 sibi
1330 1395 1440 1484 caput
1464 1409 1551 1463 cum

380 1529 493 1584 manu
519 1531 587 1605 pro
612 1510 750 1606 dolore,
776 1510 844 1585 ista
870 1511 1055 1585 lacerabat
1070 1499 1108 1602 (³)
1127 1510 1194 1584 sibi
1216 1508 1334 1584 crines
1359 1530 1446 1584 cum
1474 1529 1554 1584 ma-

382 1630 499 1723 nibus,
517 1636 555 1705 et
580 1630 758 1705 exarabat
783 1629 850 1704 sibi
875 1649 989 1726 genas
1006 1650 1092 1706 cum
1112 1629 1315 1726 unguibus3
1333 1629 1432 1704 unde
1450 1629 1552 1704 dicit:

380 1752 440 1823 cbo
464 1741 552 1823 tdse
568 1753 697 1841 yroffio
714 1769 781 1822 con
797 1751 958 1840 lanulis
978 1752 1146 1822 mmdose.
1168 1750 1212 1823 Et
1233 1749 1291 1823 bic
1311 1755 1408 1844 nota,
1426 1749 1553 1845 lector,

381 1870 479 1966 quod
506 1870 612 1944 multi
628 1861 665 1963 (⁸)
692 1870 875 1946 mirantur
900 1876 938 1945 et
963 1869 1162 1945 trullautur
1192 1869 1239 1944 de
1268 1869 1337 1944 isto
1363 1869 1473 1945 modo
1499 1871 1554 1944 lo·

381 1992 516 2094 quendi
541 1999 617 2066 tam
643 1979 784 2086 inepto,¹
803 2009 878 2084 quo
903 1995 1013 2086 autor
1038 1990 1155 2064 utitur
1188 1989 1382 2084 aliquando
1415 1989 1451 2064 in
1486 1990 1554 2064 ista

380 2111 553 2206 materia3
571 2111 634 2186 sed
655 2118 756 2186 certe
783 2132 855 2185 non
880 2117 1024 2206 poterat
1041 2110 1173 2185 melius
1193 2108 1304 2204 loqui,
1322 2107 1551 2185 considerata

381 2251 537 2327 persona
562 2231 608 2306 de
633 2251 707 2326 qua
734 2230 909 2326 loquitur,
936 2231 1023 2326 quia
1048 2250 1237 2305 sermones
1263 2236 1349 2303 sunt
1372 2229 1553 2304 lormandi

381 2351 585 2428 secundum
609 2351 811 2427 subiectam
833 2351 1026 2427 materiam
1039 2344 1089 2444 (⁵).
1105 2351 1233 2426 Nonne
1250 2350 1363 2426 sancti
1384 2350 1554 2425 doctores

383 2473 519 2547 nedum
538 2479 656 2568 poetae
673 2471 737 2566 qui
754 2472 889 2547 babent
906 2472 1085 2569 majorem
1103 2471 1287 2546 licentiam
1304 2471 1446 2546 ceteris
1463 2471 1554 2545 scri-

383 2593 552 2668 bentibus
578 2598 734 2670 utuntur
758 2611 855 2689 saepe
880 2592 1056 2668 similibus
1081 2593 1336 2668 sermonibus?
1361 2591 1553 2681 Quomodo

384 2719 526 2808 poterat
549 2718 659 2788 autor
684 2712 846 2807 pulcrius
879 2712 979 2807 loqui
1009 2713 1055 2788 de
1087 2712 1282 2789 meretrice
1314 2713 1553 2808 impudentis-

385 2832 505 2907 sima‘i
530 2833 630 2908 Bene
646 2822 682 2924 (⁶)
709 2831 794 2906 dicit
819 2832 1011 2906 Salomon:
1043 2836 1163 2906 Omnis
1176 2837 1376 2928 [maicone
1393 2841 1444 2906 est
1464 2841 1554 2907 ster·-

383 2975 443 3027 ctas
467 2956 701 3026 cmwubudrm
725 2957 763 3025 in
788 2956 860 3045 ota,
878 2953 995 3046 qualis
1020 2953 1087 3026 luit
1109 2953 1176 3028 ista
1202 2975 1336 3050 magna
1363 2954 1550 3029 meretrix.

383 3073 552 3148 lleretrir
566 3072 664 3148 enim
678 3072 822 3167 dicitur,
837 3071 942 3167 quasi
955 3073 1087 3151 merito
1101 3073 1203 3168 trita3
1220 3079 1257 3148 et
1276 3075 1389 3170 tangit
1406 3093 1550 3148 morem

380 3192 583 3268 meretricis
609 3213 693 3287 quae
718 3213 923 3286 numquam
950 3175 1103 3287 quiescit
1120 3193 1156 3267 in
1173 3194 1265 3288 loco,
1283 3193 1359 3268 imo
1376 3199 1431 3268 est
1451 3213 1550 3268 sem-

380 3335 446 3410 per
471 3314 508 3388 in
533 3313 707 3388 continuo
732 3320 850 3408 motu,
875 3313 1014 3389 dicens:
1041 3321 1074 3386 et
1097 3335 1141 3388 or
1165 3317 1193 3387 s'
1200 3317 1371 3406 cccoscto,
1391 3322 1425 3388 et
1446 3336 1491 3388 or
1514 3309 1551 3388 e'e

376 3437 414 3507 in
436 3437 531 3527 puali
545 3441 669 3526 stunc,
686 3432 777 3508 idest
802 3439 839 3508 et
864 3455 963 3509 nunc
978 3435 1079 3530 ponit
1095 3455 1135 3509 se
1152 3435 1198 3510 ad
1219 3435 1432 3531 sedendum,
1450 3456 1549 3510 nunc

379 3560 448 3628 stat
473 3560 574 3629 recta
587 3543 625 3646 (⁷)
646 3553 683 3626 in
708 3551 870 3648 pedibus.
890 3553 991 3629 Unde
1008 3553 1181 3630 Salomon
1201 3556 1355 3651 loquens
1371 3556 1418 3631 dc
1435 3557 1495 3631 tali
1511 3547 1549 3649 (⁸)

380 3674 481 3749 dicit:
500 3679 546 3746 lit
559 3695 633 3746 ecce
650 3675 772 3747 mulier
789 3679 917 3748 omma
935 3678 1128 3750 mmetrimo
1141 3685 1365 3769 proepmoto,
1381 3679 1548 3769 comula,

383 3815 490 3885 onya,
503 3795 623 3886 quietis
646 3795 839 3887 impotem,
858 3815 929 3868 non
955 3797 1073 3869 tutes
1089 3799 1275 3872 cmmbtcre
1287 3799 1431 3892 pedibus
1447 3801 1552 3872 domo

383 3935 447 3987 suo
461 3905 512 4008 (⁹),
526 3917 777 4008 approbandam
799 3917 1018 3990 deosculatur
1033 3918 1213 4010 juvenem,
1229 3927 1264 3992 et
1279 3923 1425 4012 procaci
1447 3922 1550 3994 blon-

382 4038 476 4109 ditur
501 4039 607 4127 amnt,
631 4038 769 4110 dicem.-
794 4041 883 4128 oeoi,
914 4039 1125 4111 immemor
1156 4041 1327 4132 modus,
1358 4049 1392 4114 et
1419 4045 1551 4136 mptdts

380 4159 546 4249 fruamur
570 4157 800 4249 amplexibus,
826 4159 1037 4249 transfixisti
1060 4161 1151 4232 emm
1172 4161 1300 4252 scottia
1307 4161 1412 4251 jecur
1430 4183 1551 4236 meum.

383 4275 440 4352 Sic
466 4283 567 4352 recte
591 4275 734 4350 dicebat
761 4275 868 4350 Thais
892 4276 939 4351 ad
955 4277 1134 4372 juvenem
1150 4279 1198 4354 de
1213 4300 1289 4374 quo
1305 4279 1428 4354 scribit
1445 4282 1554 4356 AEso·

382 4418 460 4490 pus.
488 4397 532 4471 nt
555 4395 726 4471 describit
750 4417 833 4472 cam
859 4419 882 4472 a
908 4397 1055 4473 nomine
1084 4399 1244 4496 proprio,
1270 4399 1410 4476 dicens:
1448 4406 1554 4477 Taide

381 4514 418 4591 de
445 4521 483 4592 la
504 4525 664 4611 putum.
699 4517 782 4591 Fuit
813 4518 924 4593 etiam
955 4518 1026 4596 alia
1061 4520 1168 4596 'lbais
1202 4520 1342 4597 lamosa
1375 4523 1552 4599 meretrix

381 4638 574 4714 Alexandri
599 4639 736 4736 magni,
763 4660 848 4756 quae
878 4661 965 4715 cum
998 4641 1204 4717 Alexandro
1235 4643 1379 4718 ebrioso
1405 4645 1555 4721 immisit

444 4845 471 4904 l¹l
486 4843 518 4894 li.
534 4844 635 4908 pulcra.
1051 4845 1079 4909 (¹)
1095 4846 1126 4897 Ε.
1143 4847 1226 4899 irrita.

445 4919 472 4982 (’)
489 4925 543 4982 llo,
560 4919 665 4972 hoerat.
1052 4922 1080 4986 (⁸)
1096 4924 1122 4975 S.
1139 4925 1219 4990 aliqud
1234 4925 1278 4976 blc
1294 4926 1432 4977 mbantur.

444 4995 472 5058 (¹)
487 4995 513 5047 S.
529 5009 666 5060 pomonam
682 4997 725 5050 rel
740 4999 884 5050 materiam.
1054 4999 1082 5064 (⁸)
1098 5001 1129 5052 ll.
1146 5001 1179 5052 do
1194 5015 1246 5066 qna
1262 5003 1327 5053 bene
1343 5001 1415 5054 dlclt.

446 5071 473 5136 0)
489 5073 515 5125 Β.
532 5080 602 5126 metr
618 5075 645 5126 ln
662 5077 842 5140 pedem-ll.
859 5081 947 5130 crecta
963 5078 990 5129 ln
1006 5078 1122 5142 pedibus.

448 5149 681 5216 madentibus
1058 5155 1340 5218 mltlndomom.
