4534 6842
695 955 765 1022 144
1086 961 1289 1019 GOMEM'UM
1313 961 1463 1016 mmm

692 1113 776 1184 altri
799 1113 911 1200 officii,
929 1107 1063 1184 scilicet
1087 1108 1307 1183 conterendo
1324 1113 1361 1181 et
1377 1102 1615 1200 dispensando
1640 1101 1709 1176 alia
1735 1099 1855 1174 officia

692 1249 758 1326 per
777 1229 981 1324 pecuniam.
995 1268 1045 1282 -
1061 1233 1140 1300 Usa.
1159 1227 1224 1302 Hic
1240 1227 1448 1321 Ciampolus
1464 1223 1628 1298 nominat
1644 1221 1757 1296 alium
1776 1239 1856 1293 ma-

692 1370 806 1447 guum
833 1349 1059 1424 baratarium
1089 1349 1135 1422 de
1164 1346 1293 1422 eadem
1319 1347 1437 1420 insula
1463 1343 1646 1419 Sardiniae.
1674 1341 1728 1416 ad
1752 1318 1878 1416 cuius*

692 1469 935 1566 cognitionem
962 1477 1017 1544 est
1041 1467 1241 1560 sciendum,
1259 1465 1357 1560 quud
1382 1465 1449 1539 iste
1472 1464 1566 1539 alter
1591 1463 1721 1536 sardus
1747 1481 1858 1536 voca·

694 1596 753 1662 tus
778 1588 929 1662 Michael
954 1588 1095 1662 Zanclre
1112 1587 1178 1660 luit
1196 1585 1310 1660 lactor
1332 1584 1458 1658 matris
1476 1583 1573 1678 regis
1588 1581 1694 1674 until,
1713 1579 1774 1653 lilii
1793 1599 1859 1653 na-

694 1709 821 1785 turalis
847 1707 1002 1803 potentis
1026 1706 1188 1782 Federici
1205 1707 1246 1800 ll,
1264 1712 1301 1780 et
1320 1703 1477 1779 vicarius
1501 1703 1612 1798 ipsius
1639 1702 1735 1797 regis
1752 1698 1857 1790 Entii,

693 1829 755 1923 qui
783 1828 850 1902 luit
874 1828 966 1902 adeo
1000 1825 1172 1902 solemnis
1201 1825 1420 1918 baratarius,
1454 1823 1572 1898 etita
1606 1820 1709 1895 scivit
1742 1821 1859 1894 soler-

694 1955 749 2021 ter
763 1939 800 2038 (¹)
823 1951 950 2020 natare
961 1937 998 2037 (²)
1015 1945 1084 2018 sub
1101 1945 1191 2040 pice,
1209 1944 1307 2038 quod
1325 1949 1473 2018 mortuo
1490 1943 1567 2036 ipso
1591 1961 1680 2037 rege
1696 1939 1801 2014 Entio
1821 1938 1858 2012 iu

692 2085 842 2140 carcere
866 2065 1156 2159 bononiensium,
1174 2064 1251 2159 ipse
1275 2065 1425 2138 llichael
1442 2062 1581 2157 accepit
1604 2071 1759 2138 matrem
1779 2060 1859 2133 eius

693 2184 730 2258 iu
748 2204 915 2280 uxorem,
934 2192 971 2260 et
992 2186 1043 2259 sic
1068 2185 1183 2260 lactus
1200 2190 1256 2259 cst
1271 2183 1441 2267 dominus
1466 2181 1649 2278 judicatus
1665 2179 1874 2284 Logodori„

693 2303 784 2377 Dicit
809 2324 922 2400 ergo:
948 2307 1066 2378 doum
1091 2307 1215 2378 Miclrd
1238 2305 1373 2377 Zancle
1397 2305 1435 2375 di
1458 2299 1765 2394 tonantemque
1791 2298 1859 2372 luit

692 2424 738 2497 de
759 2423 819 2496 illo
843 2423 953 2498 nubili
965 2423 1143 2518 judicatu,
1161 2443 1227 2496 usa
1243 2443 1308 2495 con
1324 2442 1413 2512 esso,
1431 2421 1565 2494 scilicet
1582 2440 1667 2494 cum
1685 2418 1859 2515 praedicto

693 2541 806 2616 lratre
831 2541 984 2616 Gemita.
1011 2543 1056 2615 Et
1080 2543 1233 2616 ostendit
1266 2560 1383 2635 quare
1408 2539 1562 2614 libenter
1587 2537 1741 2613 invicem
1769 2558 1859 2612 con-

696 2667 902 2756 versantur,
920 2659 1005 2754 quia
1022 2659 1302 2736 mulabulantur
1328 2661 1422 2734 inter
1447 2679 1487 2734 se
1510 2659 1557 2734 de
1582 2659 1705 2733 multis
1725 2663 1762 2733 et
1779 2677 1860 2731 ma-

693 2779 774 2876 gnis
799 2780 1002 2877 baratarijs,
1027 2801 1120 2874 quas
1152 2781 1330 2855 iaciebant
1356 2779 1393 2853 in
1419 2779 1595 2853 Sardinia.
1621 2778 1723 2852 Unde
1751 2776 1858 2851 dicit:

696 2902 727 2972 le
751 2901 865 2989 linque
890 2903 981 2990 loro,
999 2899 1133 2974 scilicet
1150 2899 1303 2974 Gomitae
1321 2906 1359 2974 et
1383 2899 1574 2993 Michaelis,
1592 2919 1664 2970 non
1686 2901 1718 2970 si
1740 2905 1861 2970 senten

695 3021 847 3111 sumne,
868 3019 954 3114 quia
980 3039 1184 3114 numquam
1202 3029 1400 3113 cessante
1425 3021 1484 3092 dir
1509 3022 1546 3092 di
1570 3020 1763 3110 Surdipnu,
1790 3017 1860 3091 sci-

694 3139 777 3215 licet
790 3139 975 3234 quomodo
991 3140 1218 3233 baratabant,
1232 3139 1293 3214 ille
1305 3137 1505 3233 Galuram,
1521 3139 1587 3212 iste
1604 3137 1857 3234 lngodorum3

695 3265 826 3355 elego
851 3259 992 3353 tertius
1018 3259 1165 3352 quando
1190 3279 1272 3332 sum
1300 3258 1359 3352 ibi,
1386 3279 1531 3354 semper
1556 3259 1687 3352 loquor
1711 3257 1757 3331 de
1788 3258 1861 3331 Na-

693 3379 826 3452 varria.
860 3379 903 3450 Et
932 3378 1010 3451 vult
1039 3377 1161 3452 dicere
1192 3377 1376 3452 breviter:
1411 3398 1477 3450 nos
1508 3397 1639 3450 sumus
1668 3382 1742 3450 tres
1773 3373 1857 3449 boni
1977 3405 1981 3412 ·

693 3497 790 3590 socii,
809 3496 871 3590 qui
890 3497 1026 3570 luimus
1043 3506 1117 3572 tres
1135 3497 1307 3592 praecipui
1324 3496 1551 3571 baratatores
1573 3496 1860 3590 triumoptimo-

697 3637 779 3690 rum
804 3615 1059 3711 dominorum3
1080 3617 1142 3691 sed
1167 3617 1375 3712 Ciampnlus
1395 3617 1531 3691 sciebat
1551 3618 1632 3712 plus
1654 3615 1806 3710 caeteris,
1825 3624 1862 3690 et

695 3735 869 3810 tenuisset
887 3751 1023 3810 'omnes
1048 3736 1094 3810 ad
1120 3738 1293 3832 scholam,
1320 3737 1506 3812 utstatim
1532 3737 1669 3811 audies.

772 3849 875 3928 0de
895 3857 1018 3929 venen
1036 3857 1106 3929 lsta
1131 3862 1187 3931 est
1202 3862 1335 3950 quarta
1360 3866 1398 3933 et
1423 3857 1549 3930 ultima
1567 3877 1651 3952 pars
1667 3847 1715 3949 (³),
1735 3855 1770 3928 in
1788 3873 1862 3947 qua

694 3979 804 4048 autor
833 3973 989 4049 mirabili
1019 3985 1099 4051 arte
1124 3974 1237 4071 lingit,
1264 3975 1362 4069 qnod
1391 3975 1458 4052 iste
1484 3976 1691 4071 Ciampnlus
1715 3993 1862 4047 summa

694 4094 827 4170 astutia
848 4101 885 4169 el
910 4094 1071 4169 versutia
1097 4095 1271 4170 deluserit
1296 4115 1441 4189 omnes;
1460 4103 1497 4170 et
1513 4097 1632 4190 primo
1653 4092 1863 4189 Ciampnlus

694 4216 741 4290 ad
771 4217 952 4290 cautelam
987 4214 1089 4312 fingit
1118 4235 1158 4290 se
1190 4216 1321 4290 timere
1346 4217 1521 4290 insultum
1552 4217 1698 4290 illorum
1724 4214 1863 4288 daemn·

699 4338 843 4410 nicrum
861 4323 911 4428 (⁸),
931 4335 1029 4429 quod
1051 4341 1169 4409 toturn
1187 4335 1271 4409 lacit
1296 4342 1338 4409 ut
1354 4335 1524 4432 impetret
1549 4337 1615 4410 sibi
1632 4335 1789 4431 spatium
1807 4333 1864 4406 di·-

695 4455 810 4550 cendi,
829 4455 922 4529 sicut
941 4455 1019 4550 jam
1047 4454 1102 4528 bis
1126 4454 1275 4549 lecerat,
1297 4461 1338 4529 ut
1362 4457 1413 4530 sic
1438 4456 1573 4532 diutius
1598 4461 1761 4530 transeat
1785 4454 1864 4528 sine

695 4593 815 4669 prena,
833 4579 870 4648 et
887 4580 929 4647 ut
945 4573 1063 4668 capiat
1079 4574 1315 4649 commodum
1333 4575 1493 4672 fugiendi
1509 4574 1556 4650 de
1580 4575 1750 4648 manibus
1775 4573 1864 4646 isto-

697 4713 793 4786 rum,
819 4693 913 4766 sicul
946 4693 1092 4768 tandem
1118 4693 1235 4769 laciet.
1262 4694 1353 4768 llicit
1378 4715 1487 4791 ergo:
1519 4689 1621 4767 naid!
1652 4693 1756 4786 ldest,
1788 4693 1860 4767 heu

696 4811 803 4886 milri!
821 4810 908 4904 quid
928 4811 1044 4908 video,
1063 4815 1177 4887 vedele
1200 4815 1320 4887 caluo
1344 4815 1403 4886 clue
1427 4816 1607 4906 dipripna,
1624 4812 1758 4888 scilicet
1775 4831 1861 4885 cum

756 5001 784 5062 (¹)
799 4998 830 5050 ll.
847 4999 1004 5052 sclemullcr.
1299 4999 1326 5062 (Ἴ
1343 4999 1369 5052 S.
1385 4999 1504 5052 Mutare
1520 5005 1547 5052 st
1563 5003 1660 5051 natare.

757 5075 784 5139 (¹)
801 5080 855 5137 tlt,
872 5089 931 5139 pars
946 5077 1081 5140 generalis.
1301 5075 1329 5139 (¹)
1344 5075 1375 5126 ll.
1391 5075 1546 5127 demonum.
