4580 6844
708 957 785 1028 378
1107 969 1311 1030 consutus
1336 973 1490 1030 muunm

707 1109 824 1211 nist),
839 1123 875 1190 et
887 1133 1003 1190 mser
1013 1135 1088 1209 pur
1108 1119 1203 1191 elte'l
1221 1120 1359 1212 nequis,
1378 1119 1465 1214 quia
1483 1117 1621 1194 sulioet
1635 1123 1712 1190 tum
1730 1115 1889 1192 tirmiter

708 1244 749 1314 et
769 1243 912 1312 attente
933 1235 1187 1331 notavimus
1210 1237 1336 1313 adnue
1357 1239 1483 1336 imago
1498 1238 1611 1312 buim
1637 1235 1692 1312 rei
1716 1241 1890 1314 remanet

623 1385 628 1394 ·
707 1358 887 1453 impressa
905 1355 1021 1432 menti
1036 1375 1144 1449 meu,
1160 1375 1210 1430 sss
1224 1357 1336 1450 bute,
1354 1359 1458 1453 idest,
1475 1377 1623 1454 eorpus,
1636 1359 1757 1432 wider
1774 1376 1889 1430 susm

707 1497 809 1570 σαρο,
847 1475 947 1572 quud
983 1479 1220 1570 amputatum
1262 1485 1344 1553 erut
1378 1498 1403 1553 a
1440 1484 1595 1571 trunoe;
1629 1483 1669 1553 et
1708 1475 1817 1553 died:
1854 1469 1890 1550 si

707 1617 804 1672 come
818 1599 870 1689 oli
884 1598 970 1670 ulti
984 1599 1031 1670 de
1052 1599 1091 1670 tu
1114 1600 1217 1670 tibia
1232 1601 1393 1690 arausio.
1411 1600 1492 1674 Nou
1507 1597 1690 1695 intelligas
1706 1599 1808 1692 quod
1824 1596 1886 1672 ulii

706 1718 802 1793 irent
827 1717 906 1792 sine
930 1717 1063 1812 mpite,
1084 1717 1149 1792 sed
1177 1717 1305 1792 voleus
1337 1719 1534 1794 emendem
1563 1739 1642 1794 rem
1676 1717 1884 1794 mirabilem

705 1837 928 1933 dicitquod
952 1837 1034 1932 iste,
1054 1838 1225 1932 quumvis
1255 1839 1408 1914 babemt
1432 1845 1545 1934 ceput
1566 1838 1728 1914 divbum
1750 1859 1775 1914 e
1798 1857 1886 1914 sur-

706 1977 810 2053 pore,
836 1963 960 2033 tumen
984 1958 1060 2034 ibut
1084 1958 1195 2032 simul
1221 1979 1309 2034 uum
1333 1957 1413 2033 aliis
1436 1959 1483 2034 de
1508 1959 1570 2034 illu
1598 1966 1729 2034 moestu
1759 1959 1882 2054 turbu,

707 2078 770 2172 qui
791 2077 974 2154 bebebnut
994 2088 1126 2173 uaput3
1143 2077 1225 2154 ideo
1251 2077 1516 2153 miraculosum
1534 2089 1615 2155 eset
1631 2077 1759 2154 videre
1773 2086 1890 2184 trum,

706 2215 793 2271 eum
818 2197 899 2272 sine
922 2197 1042 2292 cupite
1064 2195 1331 2272 ambulantem.
1356 2197 1402 2271 lit
1417 2198 1534 2294 iungit
1558 2195 1714 2273 mudum
1738 2197 1884 2274 diceus:

705 2338 725 2388 e
749 2323 848 2390 tmen
872 2319 900 2391 it
922 2337 1012 2410 oupu
1036 2324 1176 2408 museo,
1199 2315 1303 2411 idest,
1330 2319 1546 2394 truncatum
1575 2337 1600 2392 s
1629 2317 1751 2412 busto,
1773 2337 1883 2411 prm

706 2455 773 2509 suu
798 2456 918 2528 mutto,
943 2439 1004 2513 vel
1028 2436 1233 2512 seeundum
1251 2437 1361 2512 aliam
1379 2437 1524 2512 literam
1542 2441 1653 2530 paul,
1671 2438 1774 2533 idoet
1791 2457 1884 2534 pen·

706 2555 836 2629 dutum
861 2556 1220 2652 suspendemus
1242 2559 1274 2630 le
1296 2559 1442 2647 elium,
1457 2556 1551 2644 idoet
1569 2575 1636 2652 pes
1655 2557 1786 2651 crines,
1804 2557 1885 2634 sive

707 2673 866 2770 capillus,
891 2685 931 2752 et
952 2674 1063 2750 dicit:
1088 2696 1112 2747 a
1136 2678 1240 2766 ultim
1264 2679 1302 2749 di
1329 2677 1506 2767 tantm,
1531 2681 1570 2751 et
1598 2683 1655 2751 est
1682 2676 1883 2752 similitudo

706 2796 870 2891 propiis:
895 2795 991 2870 sicut
1014 2793 1112 2877 enim
1130 2801 1280 2890 purtsns
1296 2795 1503 2870 lentes-uum
1521 2796 1620 2871 videt
1635 2815 1723 2872 cum
1741 2797 1885 2872 lumine

706 2916 806 3010 qnod
832 2923 888 2990 est
910 2915 948 2988 in
979 2935 1037 3009 en,
1065 2915 1116 2989 itu
1150 2913 1221 2990 iste
1249 2915 1397 2990 videbat
1428 2934 1514 2991 cum
1551 2917 1764 3010 inminibus,
1789 2915 1884 2992 idest

705 3037 821 3112 stubs
845 3036 911 3130 qui
934 3043 1042 3114 emnt
1065 3035 1104 3110 in
1129 3036 1262 3131 eapite.
1281 3036 1382 3130 quud
1405 3035 1483 3132 ipse
1507 3037 1677 3131 perlubet
1699 3035 1738 3109 in
1761 3036 1884 3110 musi-

704 3158 794 3251 bus;
819 3162 861 3232 et
881 3156 1038 3231 ostendit
1062 3162 1189 3232 ustum
1219 3163 1257 3231 et
1286 3147 1550 3248 sermonem&
1577 3156 1722 3231 dicens:
1752 3177 1771 3229 s
1802 3159 1883 3249 quui

705 3279 846 3352 measa
864 3281 937 3370 uei,
955 3277 1043 3372 quia
1068 3277 1214 3352 udebat
1239 3295 1301 3352 me
1326 3283 1365 3352 et
1389 3276 1581 3373 virgilium
1604 3277 1684 3352 sine
1701 3297 1823 3373 poenu,
1843 3285 1884 3353 et

705 3417 769 3474 me
791 3397 977 3492 vivum‚s
1005 3399 1105 3472 dinsa
1130 3391 1222 3488 miti,
1245 3397 1350 3491 idest,
1374 3397 1448 3470 beu
1478 3395 1586 3470 mibi!
1605 3417 1718 3491 quum
1751 3415 1883 3472 smum

705 3525 763 3593 est
793 3539 903 3614 poeuu
927 3537 1013 3592 mea
1045 3517 1226 3593 inauditui
1263 3517 1308 3590 lit
1340 3517 1419 3611 ipse
1451 3516 1690 3610 Bestmudus,
1709 3521 1812 3610 facea
1843 3520 1884 3590 di

704 3657 755 3728 ss,
780 3637 884 3731 idest,
909 3637 957 3712 de
980 3643 1086 3732 purte
1108 3636 1166 3709 sui
1196 3635 1370 3730 comonis,
1398 3634 1534 3709 sdiieet
1564 3635 1694 3729 cupite
1723 3639 1883 3728 boeium

705 3759 808 3853 idest,
839 3758 960 3832 lucem
994 3756 1053 3831 vel
1087 3757 1229 3850 lumen,
1257 3761 1298 3830 et
1327 3755 1483 3829 ostendit
1516 3747 1704 3848 quomodo
1735 3755 1881 3830 diceus:

705 3885 739 3952 st
758 3897 850 3951 erun
874 3879 940 3950 due
963 3879 1002 3950 iu
1025 3895 1109 3967 ww,
1135 3882 1169 3948 et
1189 3893 1261 3948 uso
1285 3877 1323 3946 in
1348 3875 1424 3948 due.
1443 3874 1537 3948 Nam
1552 3872 1639 3948 lieet
1662 3883 1761 3950 esset
1784 3893 1885 3948 unus

704 3999 821 4074 bomo
843 3998 962 4072 solum
978 3985 1033 4090 (ἢ,
1055 4003 1182 4070 umen
1206 4001 1287 4070 erut
1311 3993 1459 4089 duplex,
1485 3993 1573 4087 quia
1597 4011 1703 4068 mens
1728 3999 1810 4068 erat
1826 3993 1881 4068 di·

705 4119 795 4213 visa,
815 4123 854 4192 et
872 4115 997 4214 lingua
1020 4115 1155 4191 divisa:
1173 4120 1210 4190 et
1227 4114 1315 4209 quin
1333 4114 1479 4188 videtur
1494 4113 1640 4188 difficile
1657 4133 1883 4210 cognoscere

704 4237 801 4313 istud
826 4237 863 4312 in
888 4237 1047 4330 bomine,
1066 4236 1202 4312 suiicet
1220 4233 1381 4329 qualiter
1396 4233 1441 4307 sit
1459 4233 1553 4308 elius
1572 4253 1596 4308 a
1619 4254 1661 4307 se
1686 4233 1782 4328 ipso;
1798 4235 1882 4310 ideo

703 4359 811 4435 dicit:
838 4361 1030 4432 messer
1045 4349 1120 4450 pud
1137 4357 1215 4448 quei
1237 4375 1282 4428 se
1305 4355 1367 4427 sle
1388 4347 1609 4444 sinonem,
1627 4354 1733 4447 quusi
1758 4352 1879 4428 dunt:

703 4481 806 4556 Deus
821 4479 916 4554 bene
936 4477 1037 4552 notit
1061 4475 1249 4570 quomodo
1270 4476 1341 4548 boc
1357 4474 1415 4566 sit,
1433 4473 1497 4567 qui
1515 4479 1592 4547 tam
1608 4473 1791 4568 sapim
1806 4491 1880 4569 gu-

703 4601 838 4675 bernet
860 4597 1057 4688 mundum,
1079 4601 1118 4672 et
1143 4602 1218 4670 tum
1239 4593 1340 4689 juste
1365 4593 1548 4668 distribuit
1578 4600 1616 4669 et
1644 4593 1828 4689 dissensui
1841 4581 1881 4686 (⁸)

705 4737 836 4817 poenas
866 4716 1171 4812 delinquentibus.
1193 4755 1244 4770 -
1269 4717 1429 4804 Quando.
1463 4713 1529 4788 llic
1565 4719 1677 4788 entur
1709 4713 1882 4788 describit

769 5017 796 5080 (¹)
814 5023 868 5080 111,
885 5015 1104 5069 intellectualibus
1119 5015 1312 5082 speculationis.
1375 5015 1402 5078 (¹)
1418 5015 1443 5066 S.
1461 5028 1477 5066 s
1493 5015 1524 5066 E.
1540 5025 1689 5066 sermonem
1704 5013 1768 5074 eius,
1785 5009 1880 5062 dlesm.

770 5093 797 5158 ι’)
814 5094 845 5146 E.
862 5106 878 5145 s
895 5098 949 5156 iit,
966 5095 1045 5146 sulus.
1376 5091 1404 5154 (¹)
1420 5093 1450 5144 Ε.
1467 5093 1585 5156 disponit.
