4580 6844
715 977 856 1036 muros
880 979 1074 1036 mammos
1097 975 1269 1034 manvus.
1495 963 1563 1032 ³41

393 1125 579 1200 Gaesarem
595 1122 803 1220 Augustum
823 1125 1012 1220 inclusive,
1029 1123 1136 1200 cuius
1153 1129 1321 1219 tempore
1337 1121 1481 1216 clamit,
1498 1128 1568 1218 gei·

392 1249 449 1318 sta
477 1241 565 1318 dico
592 1243 907 1341 septingentorum
941 1264 1126 1321 annorum
1158 1243 1196 1318 in
1225 1243 1345 1318 CXLII
1370 1240 1482 1316 libris.
1513 1241 1568 1317 lle

392 1362 499 1438 euius
523 1361 834 1440 abundantissimo
859 1364 959 1441 tonte
978 1365 1103 1440 ceteri
1128 1363 1324 1458 scriptores
1350 1381 1480 1436 rerum
1506 1379 1569 1435 ro-

394 1502 591 1558 manarum
621 1482 785 1558 hausisse
814 1483 996 1580 videntur,
1027 1490 1070 1558 ut
1103 1489 1203 1578 patet
1235 1481 1334 1577 apud
1367 1480 1567 1557 Valerium.

394 1601 480 1678 ldeo
503 1601 709 1678 benedicit
739 1611 851 1680 autor
880 1604 917 1679 in
947 1605 1027 1680 eius
1059 1601 1374 1698 approbationem,
1403 1601 1464 1675 cte
1496 1621 1570 1674 nou

395 1741 502 1796 ero:
525 1743 611 1798 nam
635 1721 673 1797 in
697 1723 869 1798 omnibus
884 1717 921 1816 (¹)
956 1722 1157 1819 prudenter
1185 1727 1223 1796 et
1252 1719 1407 1796 fideliter
1440 1719 1570 1796 recitat

396 1841 494 1917 diota
517 1841 675 1916 aliorum
700 1849 889 1938 autorum,
906 1849 944 1919 et
964 1841 1128 1918 adbmret
1152 1847 1332 1937 quantum
1359 1846 1479 1935 potest
1502 1859 1569 1915 ve-

398 1961 712 2056 consestentis,
737 1969 804 2038 aut
828 1962 1001 2059 relinquit
1025 1961 1135 2036 dubia
1156 1960 1295 2056 iudicio
1317 1961 1571 2036 lectorum.-

402 2084 476 2156 oon
499 2083 624 2172 poeto
650 2080 715 2157 llic
738 2089 850 2157 autor
874 2083 990 2179 tangit
1015 2081 1164 2157 tertium
1196 2071 1423 2176 proelium(¹)
1454 2080 1572 2177 magis

400 2199 632 2275 modernum.
666 2200 722 2276 tu
755 2202 862 2277 cuius
894 2201 1172 2299 intelligentiam
1208 2207 1353 2296 oportet
1388 2177 1578 2296 praescire]

401 2318 501 2413 quod
524 2338 622 2395 anno
646 2320 791 2396 Domini
807 2321 937 2395 llLllll
956 2321 1140 2396 liebertus
1156 2318 1379 2394 Guiscardus
1398 2317 1493 2393 lilius
1509 2319 1573 2393 lli·

400 2437 501 2513 cardi
526 2437 629 2514 ducis
652 2439 885 2515 Normandiae
902 2459 976 2514 non
993 2438 1122 2514 babuit
1137 2438 1341 2513 dominium
1363 2443 1572 2533 potamum,

403 2556 467 2632 sed
490 2555 638 2634 dimissa
663 2559 877 2635 haereditate
900 2558 1057 2633 Ricardo
1086 2557 1191 2631 tratri
1219 2577 1288 2632 suo
1317 2556 1573 2653 primogenito,

402 2675 606 2752 mundum
632 2678 935 2754 consuetudinem
961 2676 1132 2776 regioru‘s,
1158 2682 1349 2771 umquam
1381 2677 1574 2774 magnani-

404 2814 489 2868 mus
517 2795 634 2870 voluit
661 2797 820 2892 experiri
852 2799 1026 2875 virtutem
1058 2803 1096 2872 et
1125 2796 1313 2871 fortunam
1337 2815 1463 2890 suam;
1492 2795 1574 2871 ideo

403 2922 607 3011 pauperet
632 2936 772 3014 egeram
801 2918 952 2993 veniens
980 2917 1018 2991 in
1050 2915 1189 2990 ltaliam
1222 2915 1361 3011 appulit
1392 2915 1573 3012 Apuliam.

404 3034 486 3122 Quo
511 3041 678 3131 tempore
703 3037 852 3131 punam
872 3036 1056 3112 Robertus
1071 3034 1213 3130 Apulus
1229 3041 1310 3110 erat
1330 3034 1406 3109 dux
1424 3035 1574 3129 Apuliae.

404 3155 519 3230 Cuius
542 3156 725 3231 Robertus
744 3155 968 3232 Guiscardos
985 3155 1105 3250 primo
1121 3154 1239 3231 lactus
1257 3164 1314 3231 est
1329 3153 1492 3249 scutifer,
1509 3175 1576 3250 po-

405 3281 485 3350 stea
509 3275 690 3371 probitate
714 3295 782 3350 sua
806 3275 991 3350 accinctus
1005 3266 1043 3367 (³)
1073 3274 1221 3369 militia;
1255 3294 1323 3370 pro
1355 3295 1430 3368 quo
1460 3276 1576 3350 multa

406 3392 602 3468 victoriose
626 3393 721 3488 lecit,
747 3413 834 3469 cum
860 3393 1014 3470 haberet
1038 3394 1176 3470 bellum
1207 3411 1296 3469 cum
1327 3393 1488 3490 principe
1512 3393 1578 3469 Sa-

407 3512 512 3588 lerni
537 3512 761 3588 (luisearilus
784 3512 909 3608 itaque
934 3511 1128 3610 magnifice
1153 3519 1428 3608 remuneratus,
1449 3511 1578 3588 redivit

406 3633 444 3708 in
461 3631 743 3726 Normandiam3
768 3643 806 3710 et
830 3639 1018 3708 ostentans
1042 3632 1184 3710 bobius
1205 3641 1244 3709 et
1262 3633 1407 3709 delicias
1427 3633 1578 3729 Apuliae,

405 3751 512 3828 duxit
535 3772 652 3846 equos
677 3751 851 3828 lroenatos
866 3741 903 3844 (⁴)
929 3753 1053 3828 aureis
1079 3751 1206 3828 lroenis
1231 3759 1269 3828 et
1295 3752 1450 3828 serratos
1472 3752 1579 3828 terris

405 3869 601 3967 argenteis.
627 3871 782 3966 Propter
806 3870 906 3966 quod
931 3871 1038 3946 multi
1058 3871 1198 3947 nobiles
1215 3871 1368 3946 animati
1384 3871 1581 3966 cupiditate

406 3989 501 4065 lucri
526 3996 564 4066 et
588 3989 727 4086 glorie,
753 3989 869 4065 secuti
893 3996 979 4064 sunt
1004 4009 1104 4065 eum.
1122 3992 1202 4085 lpse
1224 4009 1398 4066 reversus
1423 3991 1460 4064 in
1480 3989 1580 4085 Apu-

408 4111 508 4205 liam,
534 4109 687 4186 fideliter
712 4109 900 4206 pugnabat
923 4129 991 4205 pro
1015 4107 1111 4184 dicto
1135 4108 1232 4184 duce
1261 4109 1420 4205 Apuliae3
1445 4115 1482 4184 et
1507 4129 1580 4184 non

408 4236 490 4328 post
514 4231 674 4305 multum
700 4229 875 4325 temporis
900 4229 1083 4304 Robertns
1106 4228 1182 4304 dux
1199 4229 1339 4325 Apulia·
1365 4228 1515 4305 veniens
1534 4227 1580 4304 ad

409 4357 581 4445 mortem,
598 4350 645 4426 de
671 4351 859 4426 voluntate
882 4369 1037 4425 suorum
1051 4340 1089 4441 (⁵)
1107 4349 1290 4426 baronum
1311 4349 1459 4445 reliquit
1474 4347 1582 4449 Gnis-

409 4471 563 4548 cardum
589 4488 841 4546 successorem
866 4469 904 4544 in
928 4468 1085 4563 dumtu3
1110 4475 1148 4544 et
1173 4469 1225 4545 sic
1253 4467 1443 4564 ducatum,
1469 4489 1581 4562 quem

409 4588 598 4667 dimiserat
610 4579 648 4682 (⁶)
675 4589 713 4664 in
737 4587 972 4681 normandia,
998 4587 1229 4684 recuperarit
1246 4587 1284 4662 in
1303 4587 1417 4664 ltalia.
1440 4587 1582 4664 liober-

472 4865 499 4924 i')
515 4863 545 4915 ll.
561 4865 588 4915 ln
604 4867 725 4918 omnibus
740 4867 852 4928 sortiter,
869 4865 1011 4931 protenus
1026 4871 1055 4917 st
1069 4865 1186 4917 fidenter.
1265 4863 1293 4928 t'l
1309 4865 1340 4918 E.
1357 4865 1464 4918 ubam.

472 4939 500 5002 (⁸)
515 4939 541 4991 s.
558 4939 643 4991 lactus
658 4947 698 4993 est
714 4949 791 5006 eaput
808 4942 916 5002 militie,
932 4953 982 5006 pro
997 4953 1058 5006 qno.

474 5015 500 5078 (li
517 5015 548 5066 ll.
565 5014 690 5068 sroenntos
705 5017 795 5069 lrmnls
811 5018 946 5082 argenteis.
962 5017 1082 5082 Propter.

473 5091 502 5152 (¹)
519 5093 573 5150 tto,
589 5105 707 5154 morum,
723 5092 838 5156 reltqmt
1265 5091 1293 5153 l')
1308 5091 1335 5146 S.
1350 5091 1519 5156 relinquent.
