4580 6844
706 956 777 1024 312
1102 968 1306 1026 consonum
1329 971 1479 1026 menum

704 1115 945 1191 bononienses
978 1113 1151 1192 continuo
1182 1117 1303 1191 subito
1322 1110 1359 1209 (¹)
1393 1137 1506 1192 cursu
1535 1122 1713 1213 oeperunt
1747 1117 1874 1194 civito·

570 1277 574 1284 ·
705 1242 780 1310 tem
806 1236 941 1328 imolae,
966 1241 1005 1310 et
1039 1232 1242 1331 rapuerunt
1269 1243 1440 1331 steocata,
1474 1241 1511 1313 et
1543 1239 1786 1333 plenaverunt
1820 1240 1876 1314 io-

706 1377 803 1430 veas.
830 1355 916 1429 Post
941 1357 1018 1430 baec
1043 1375 1137 1450 papa
1169 1357 1265 1431 misit
1294 1358 1468 1433 comitem
1500 1357 1705 1434 Bandinum
1735 1358 1782 1434 de
1811 1375 1876 1434 co·

707 1475 854 1550 mitibus
878 1473 1003 1550 Gnidis
1027 1475 1074 1550 de
1098 1476 1263 1551 Romena
1278 1467 1330 1571 (¹),
1355 1478 1566 1574 episoopum
1592 1476 1788 1573 aretinum,
1811 1479 1875 1571 qui

707 1595 853 1672 reduxit
885 1603 1004 1671 terras
1019 1585 1055 1687 (³)
1093 1595 1140 1670 ad
1176 1595 1421 1674 obedientiam
1454 1618 1521 1693 per
1553 1617 1682 1694 paoem
1718 1605 1755 1674 et
1787 1616 1876 1673 oon-

706 1716 880 1792 eordiam.
906 1715 1011 1791 Anno
1037 1735 1127 1791 vero
1152 1717 1319 1810 sequenti
1336 1717 1396 1792 die
1411 1716 1586 1814 vigesima
1605 1719 1712 1794 tertia
1728 1717 1876 1794 doeem-

706 1836 792 1930 bris,
818 1835 877 1912 die
905 1835 1100 1929 dominica,
1125 1835 1172 1910 de
1204 1842 1313 1911 noete
1346 1836 1476 1912 dictus
1498 1836 1755 1934 blagbinardus
1788 1858 1875 1914 oum

707 1954 926 2049 quibusdam
953 1953 1145 2049 nobilibus,
1170 1954 1269 2030 iurto
1294 1956 1434 2051 aceepit
1449 1945 1485 2049 (⁸)
1507 1956 1691 2034 civitatem
1717 1957 1875 2050 Fortivii,

707 2074 744 2148 in
769 2095 843 2169 qua
860 2075 955 2169 oepit
979 2075 1152 2150 comitem
1177 2073 1411 2172 ltgbinolium
1426 2069 1463 2170 (⁵)
1490 2076 1537 2152 de
1560 2078 1724 2152 ltomeua
1744 2067 1780 2170 (⁶)
1801 2077 1876 2153 iia-

707 2202 804 2270 trem
828 2195 912 2272 dicti
937 2195 1114 2290 episcopi;
1147 2194 1278 2271 deinde
1307 2194 1449 2273 obsedit
1473 2197 1672 2291 Caesenam,
1698 2196 1762 2271 nbi
1796 2201 1876 2272 erat

708 2316 784 2412 ipse
809 2335 935 2390 comes
958 2315 1216 2390 ltomandiolae.
1243 2317 1329 2391 Post
1352 2317 1432 2391 baeo
1455 2337 1554 2392 anno
1579 2317 1718 2411 quinto,
1740 2317 1877 2393 seilicet

707 2456 804 2510 anno
820 2433 966 2510 Domini
982 2418 1178 2510 mcdxcvt
1195 2435 1452 2532 Magbinardus
1469 2436 1606 2512 babens
1627 2437 1765 2512 bellum
1789 2457 1876 2512 oum

707 2553 992 2630 bononiensibus
1017 2559 1168 2649 propter
1197 2553 1411 2650 Forlivium,
1436 2575 1597 2648 quorum
1611 2544 1646 2647 (⁷)
1674 2556 1875 2631 dominium

708 2680 798 2748 tunc
814 2674 988 2750 tenebant
1003 2673 1255 2768 bononienses,
1271 2672 1356 2748 lecit
1366 2662 1402 2766 (⁸)
1422 2675 1770 2750 oouioederationem
1789 2695 1876 2750 cum

708 2793 832 2869 Azone
866 2793 974 2868 tertio
1008 2793 1221 2868 marchione
1253 2793 1399 2886 estensi,
1432 2794 1496 2888 qui
1528 2794 1693 2870 similiter
1727 2796 1879 2891 parabat

708 2915 847 2989 bellum
861 2919 989 2989 contra
1001 2913 1255 3007 bononienses,
1269 2912 1315 2988 de
1328 2933 1404 3007 quo
1414 2905 1451 3007 (⁹)
1466 2914 1609 2990 dicetur
1625 2915 1768 3011 plonius
1784 2916 1880 2989 Pur·

707 3034 839 3132 gatorii
863 3033 1021 3129 capitulo
1046 3034 1087 3107 V.
1113 3034 1158 3107 Et
1181 3032 1342 3108 kalendis
1368 3033 1491 3128 aprilis
1517 3034 1616 3108 venit
1647 3054 1734 3109 oum
1768 3053 1878 3110 exer-

709 3154 784 3242 citu
810 3159 938 3228 contra
962 3153 1127 3246 imolam,
1153 3173 1266 3248 quam
1291 3154 1464 3230 tenebant
1489 3153 1741 3250 bononienses,
1759 3160 1802 3229 ut
1824 3155 1880 3229 di·

709 3281 811 3349 ctum
845 3279 923 3367 est;
957 3279 994 3348 et
1026 3272 1121 3368 oepit
1150 3273 1335 3348 civitatem
1365 3295 1440 3349 non
1474 3274 1553 3349 sine
1581 3294 1716 3371 magno
1744 3273 1880 3349 damno

710 3403 748 3470 et
772 3394 952 3469 dedecore
976 3392 1268 3486 bononiensium,
1295 3414 1457 3488 quorum
1478 3394 1573 3488 oepit
1591 3415 1764 3491 magnam
1783 3392 1905 3505 mul-4

710 3512 914 3606 titudinem,
928 3531 1013 3605 quae
1030 3518 1119 3585 tuno
1134 3518 1215 3585 erat
1231 3511 1281 3586 ibi
1298 3511 1395 3587 circa
1410 3512 1761 3605 quatuonmilliaria.
1776 3513 1882 3587 Nune

709 3632 756 3706 ad
781 3631 1028 3726 propositum:
1054 3635 1163 3704 autor
1195 3629 1366 3703 describit
1403 3629 1523 3725 ipsum
1558 3629 1884 3726 liogbinarduma
1995 3659 1997 3664 ·

710 3751 814 3848 signo
839 3769 920 3843 suo,
945 3755 984 3824 et
1007 3749 1100 3823 duas
1130 3747 1308 3842 civitates,
1335 3768 1427 3843 quas
1456 3759 1545 3825 tunc
1577 3749 1735 3844 tenebat,
1761 3771 1784 3824 a
1815 3751 1886 3824 tlu-

711 3871 871 3945 minibus
896 3869 982 3965 suis,
1008 3868 1152 3944 dicens:
1177 3871 1330 3943 condoce
1355 3872 1384 3943 o
1406 3871 1536 3942 botwel
1553 3871 1617 3943 dat
1639 3871 1723 3943 saido
1747 3869 1885 3960 blanco,

711 3991 802 4067 idest
835 3989 1093 4086 blagbinardus
1127 3988 1174 4064 de
1210 3987 1402 4082 Susinana,
1437 3987 1501 4083 qui
1535 3988 1705 4084 portabat
1739 3990 1885 4065 leonem

710 4131 891 4186 azurrum
919 4110 957 4183 in
982 4129 1115 4204 campo
1138 4108 1236 4201 albo,
1262 4112 1299 4183 to
1323 4099 1405 4183 cittd
1429 4111 1467 4182 dt
1496 4113 1663 4202 musone,
1693 4109 1785 4184 idest
1814 4111 1886 4184 Fa-

712 4233 885 4310 ventiam.
911 4232 1031 4305 dmon
1059 4230 1157 4304 enim
1183 4235 1239 4304 est
1264 4229 1411 4323 liuvius,
1437 4229 1502 4324 qui
1526 4229 1661 4304 labitur
1681 4231 1789 4325 juxta
1813 4229 1884 4303 Fa·-

711 4353 885 4446 vennam,
910 4351 1016 4426 ouius
1041 4349 1145 4425 vallis
1171 4347 1390 4425 fertilissima
1416 4356 1482 4442 est,
1500 4371 1519 4422 e
1535 4353 1573 4424 di
1588 4353 1775 4440 suumne,
1792 4347 1883 4422 idest

712 4473 878 4549 lmolam.
893 4471 1096 4546 Santernus
1106 4460 1160 4560 (Ν)
1178 4467 1276 4543 enim
1294 4459 1491 4562 lluviust¹¹)
1516 4467 1651 4544 labitur
1662 4469 1771 4564 juxta
1787 4467 1885 4542 imo·

714 4595 787 4668 lam
813 4598 851 4666 et
875 4589 994 4665 oritur
1020 4588 1058 4661 in
1082 4586 1224 4682 alpibus
1254 4587 1443 4683 Apennini,
1470 4587 1534 4684 qui
1565 4586 1653 4662 olim
1681 4588 1885 4663 vocabatur

777 4788 805 4849 (·)
820 4785 851 4836 lt.
867 4783 916 4834 sub
931 4787 1013 4834 oerto.
1133 4781 1376 4846 mittebamus.
1438 4783 1466 4845 (¹)
1482 4783 1513 4834 lt.
1530 4787 1638 4833 terram.
1717 4781 1744 4844 (·)
1761 4781 1792 4832 Ε.
1809 4783 1885 4846 oepit.

777 4861 805 4927 (¹)
820 4860 1070 4925 Edgbluulpbum.
1134 4859 1160 4924 (¹)
1178 4863 1232 4922 tto,
1247 4858 1376 4912 Ravenna.
1438 4859 1465 4923 (’)
1481 4858 1512 4910 lt.
1530 4859 1605 4910 ouius
1621 4857 1775 4910 dominium.

778 4937 806 5000 tl)
820 4939 852 4990 u.
869 4937 988 4990 lecerunt
1005 4938 1052 5002 ipsi
1068 4937 1238 4989 bononienses
1254 4936 1511 4990 contuderatiooem.

779 5015 806 5078 (“)
821 5014 847 5066 S.
864 5020 893 5066 ut
909 5015 1010 5067 dioetnr
1026 5013 1136 5078 plenius.
1219 5021 1221 5030 ’

767 5091 804 5154 (··)
821 5091 852 5144 lt.
863 5091 1053 5144 &dictumest
1063 5092 1307 5154 flumemetoritur.
1427 5090 1466 5156 (¹¹)
1483 5095 1537 5152 llo,
1554 5089 1649 5142 nntius
1664 5093 1704 5141 en
1718 5087 1763 5152 qul
1783 5087 1887 5138 labitur.
