4606 6840
685 993 688 1002 ,
729 935 868 992 murus
893 937 1085 992 menstruus
1110 935 1288 1002 ousrrus.
1523 924 1594 994 215

423 1083 579 1159 randum
606 1101 722 1177 sacra,
749 1082 831 1157 ideo
855 1082 973 1179 gratia
999 1080 1182 1177 praedictse
1206 1101 1326 1176 poenae
1349 1089 1458 1156 autor
1477 1081 1596 1157 admi-

423 1211 548 1280 ranter
574 1196 831 1297 exclamat(¹):
862 1209 892 1277 0
918 1206 1076 1277 vendettu
1100 1206 1138 1277 di
1162 1205 1231 1276 Dio
1257 1207 1377 1297 quant
1390 1197 1427 1278 e'e
1455 1225 1594 1298 roomo,

422 1327 524 1420 idest,
550 1345 640 1402 vere
665 1325 781 1421 rigida
806 1330 842 1399 et
868 1324 983 1420 rigide
998 1325 1110 1419 justa,
1129 1323 1216 1418 quia
1234 1331 1310 1399 tam
1329 1324 1401 1399 cito
1426 1326 1595 1420 sequitur

422 1467 531 1542 poena
554 1447 599 1521 ad
626 1447 785 1540 culpam.

495 1573 545 1639 to
569 1570 659 1640 duca
684 1569 711 1639 tt
734 1558 912 1640 dimundd.
940 1566 1011 1639 Ista
1036 1570 1091 1640 est
1116 1571 1261 1661 quarta,
1288 1572 1325 1640 et
1355 1567 1484 1643 ultima
1508 1587 1594 1662 pars

422 1687 615 1786 generalis,
636 1687 673 1760 iu
698 1706 773 1780 qua
797 1692 906 1760 autor
924 1705 1023 1760 nunc
1039 1685 1245 1760 manifestat
1263 1705 1398 1762 nomen
1415 1687 1518 1761 istius
1535 1687 1594 1760 lu-

423 1809 473 1882 ris
489 1813 526 1882 et
543 1808 683 1880 lurtum
698 1806 857 1881 notabile
874 1825 1024 1881 causam
1042 1806 1283 1880 damnationis
1301 1806 1390 1880 eius.
1410 1808 1454 1880 Et
1473 1807 1592 1902 primo

422 1927 535 2022 lingit,
553 1926 651 2020 quod
677 1926 858 2022 Virgilius,
876 1926 953 2002 visu
971 1925 1127 2000 mirabili
1153 1925 1473 2002 transformatione
1499 1927 1591 2021 eius,

421 2045 588 2141 petiverit
598 2035 636 2136 (¹)
661 2045 709 2119 ab
734 2044 811 2139 ipso
836 2045 918 2138 quis
943 2050 1056 2139 esset3
1079 2044 1176 2119 unde
1201 2044 1304 2119 dicit:
1332 2049 1381 2118 Lo
1398 2049 1501 2136 daca,
1522 2046 1593 2120 sci·

423 2166 506 2240 licet
532 2165 714 2261 Virgilius,
738 2167 767 2238 il
788 2157 956 2240 dimundd
983 2167 1057 2257 poi,
1082 2165 1217 2240 scilicet
1247 2171 1327 2260 post
1360 2166 1593 2241 reformatio·
1693 2261 1697 2270 ι

423 2277 557 2378 nemd)
583 2287 728 2380 iactam,
754 2288 809 2360 cli
832 2289 889 2360 elli
913 2305 996 2358 eru:
1021 2291 1057 2360 et
1078 2286 1179 2381 ponit
1200 2286 1471 2381 responsionem
1498 2286 1593 2361 illius

422 2405 644 2500 immediate,
662 2406 804 2481 diceus:
817 2407 980 2500 percb'ei
989 2409 1137 2498 ramore,
1150 2406 1358 2482 describens
1375 2427 1416 2481 se
1432 2427 1455 2480 a
1471 2413 1592 2504 gente,

420 2531 455 2602 io
475 2530 597 2620 piouui
613 2529 652 2601 di
672 2533 843 2618 Toscortc,
861 2526 964 2619 idest,
981 2525 1095 2602 cecidi
1112 2525 1149 2598 iu
1167 2525 1363 2620 infernum,
1375 2535 1594 2619 pocotempo

423 2645 470 2742 de,
487 2651 524 2720 in
540 2653 659 2740 presta
682 2649 767 2738 polu
783 2649 886 2740 sera:
903 2645 1005 2741 idest,
1027 2644 1063 2719 in
1083 2645 1188 2720 istam
1206 2633 1242 2737 l‘l
1263 2644 1425 2742 bulgiam
1446 2647 1590 2742 plenam

422 2767 657 2844 horribilibus
688 2767 796 2861 iaeris,
823 2765 959 2841 scilicet
988 2766 1229 2861 serpentibus,
1255 2787 1339 2859 quae
1373 2766 1474 2842 velut
1503 2768 1591 2864 gula

422 2897 528 2966 vorat
553 2893 590 2964 et
614 2887 767 2984 deglutit
791 2891 1012 2982 peccatores.
1031 2885 1168 2961 Deinde
1188 2885 1359 2962 describit
1379 2907 1419 2962 se
1443 2907 1466 2961 a
1490 2887 1590 2982 vitio,

420 3009 564 3084 dicens:
586 3010 656 3082 nitu
681 3009 803 3080 bmdul
825 3009 874 3078 mi
894 3007 1054 3098 piscem
1075 3027 1094 3078 e
1117 3025 1188 3078 eon
1214 3025 1360 3098 emano,
1384 3006 1470 3099 quia
1496 3005 1591 3081 ratio

420 3129 489 3204 luit
513 3129 672 3203 totaliter
697 3127 856 3202 extincta
888 3125 925 3198 in
956 3145 1013 3219 eo,
1039 3131 1077 3200 et
1100 3125 1297 3200 bestialitas
1328 3132 1366 3200 et
1390 3126 1591 3202 inhumana

419 3249 615 3325 crudelitas
639 3247 755 3344 viguit
780 3247 816 3320 in
843 3266 906 3339 eo3
925 3245 1006 3320 ideo
1029 3244 1123 3320 berre
1143 3245 1318 3320 assimilat
1341 3267 1381 3322 se
1398 3246 1590 3342 indiscipli-

420 3369 529 3444 uabili
542 3359 592 3462 (⁶),
609 3367 755 3443 dicans:
772 3359 803 3440 si
818 3387 914 3440 conte
933 3387 958 3438 u
974 3368 1048 3440 mul
1070 3367 1164 3438 clr'io
1177 3368 1243 3459 [ui.
1261 3367 1305 3439 Et
1319 3356 1357 3460 (θ)
1375 3376 1472 3461 nom,
1490 3368 1589 3461 quod

421 3491 488 3567 iste
512 3489 582 3563 luit
606 3507 695 3562 vere
720 3489 843 3562 mulus
869 3486 1085 3562 naturaliter
1114 3493 1152 3562 et
1182 3487 1384 3582 moraliter,
1411 3487 1498 3582 quia
1522 3488 1591 3562 suit

420 3609 578 3705 spurius,
592 3615 700 3683 natus
715 3608 763 3684 de
775 3609 910 3703 spurio.
926 3608 1044 3684 liuius
1057 3608 1155 3684 euim
1175 3609 1338 3684 nascitur
1354 3629 1399 3684 ex
1417 3611 1591 3684 damnato

419 3731 530 3824 coitu,
556 3730 691 3805 scilicet
724 3749 771 3804 er
807 3749 903 3824 equa
935 3738 973 3806 et
1006 3729 1132 3824 asin03
1158 3735 1195 3805 et
1220 3731 1302 3824 plus
1327 3731 1495 3823 sequitur
1519 3731 1592 3804 asi-

421 3869 524 3943 num,
559 3868 674 3944 quam
712 3867 859 3942 equam,
892 3847 976 3923 licet
1004 3849 1192 3924 vocaverit
1223 3869 1264 3923 se
1295 3856 1466 3945 nepotem
1503 3850 1589 3944 equi

420 3989 546 4045 coram
578 3970 706 4044 leone:
738 3975 793 4044 est
822 3967 959 4044 animal
989 3969 1139 4062 durum,
1169 3975 1296 4063 aptum
1334 3968 1521 4043 laboribus
1552 3977 1590 4044 et

418 4089 646 4183 verberibus,
681 4089 951 4185 retrogradum,
991 4089 1179 4182 pertinax,
1214 4095 1251 4164 et
1285 4089 1365 4162 tulis
1403 4097 1484 4164 erat
1521 4089 1589 4164 iste

419 4211 479 4286 lur
516 4210 728 4286 obstinatus.
767 4209 886 4282 llulus
927 4215 982 4284 esi
1020 4207 1161 4302 sterilis,
1200 4216 1237 4284 et
1275 4209 1354 4282 tulis
1399 4216 1480 4285 erat
1521 4209 1589 4284 isle

418 4331 589 4407 omnibus
613 4331 775 4408 infestus.
802 4330 920 4404 llulus
944 4335 998 4404 est
1023 4329 1277 4404 irrationabilis
1297 4335 1336 4402 et
1360 4327 1589 4424 incorrigibi-

418 4451 471 4546 lis,
496 4451 543 4528 de
568 4471 643 4546 quo
668 4449 754 4526 dicit
786 4449 963 4546 propbeta
995 4449 1031 4523 iu
1063 4449 1235 4524 Psalmis:
1265 4451 1475 4542 nottestan·
1503 4451 1591 4523 ssent

417 4593 523 4664 epau
547 4579 580 4645 et
603 4573 727 4662 mulus,
752 4573 791 4644 in
815 4571 936 4662 onibus
960 4589 1032 4644 non
1056 4577 1108 4644 est
1130 4571 1326 4643 incedentes.
1356 4569 1494 4644 Deinde
1522 4569 1589 4644 de-

418 4692 542 4768 scribit
575 4711 615 4768 se
651 4711 674 4766 a
711 4691 861 4766 nomine
892 4689 1040 4785 proprio
1071 4689 1217 4766 dicens:
1243 4711 1309 4763 son
1345 4692 1459 4763 Vanus·
1486 4693 1590 4764 Fucoi

479 4910 506 4970 (¹)
524 4913 569 4960 111
584 4921 600 4958 o
616 4907 648 4957 Β.
663 4907 791 4958 exolumat
806 4907 838 4957 ud
854 4906 967 4957 divinam
984 4905 1128 4965 vlndtnum,
1145 4906 1247 4956 dms
1267 4907 1291 4956 0
1305 4907 1431 4956 mtto.
1467 4932 1473 4942 κ

479 4983 507 5046 l'l
522 4984 554 5034 R·
570 4985 666 5048 palluit.
843 4981 869 5046 (⁴)
884 4982 915 5033 ll.
931 4982 1144 5034 niorrmdonem
1159 4982 1191 5032 do
1206 4981 1253 5032 lllo
1268 4981 1306 5032 sle
1321 4981 1426 5032 lucum.

479 5059 799 5126 (bmtnbmubulgtm
837 5057 1261 5124 (⁸)llebastiniudbeipllmtilt
1303 5057 1585 5120 (“)111,Ε1Ηοηο11.
