4580 6844
713 941 784 1012 tet
1108 953 1312 1012 uomuuu
1335 957 1486 1012 rrvrruru

711 1103 798 1197 quie
829 1101 908 1197 iem
937 1107 1101 1196 eoeperat
1114 1095 1152 1194 (¹)
1180 1101 1373 1178 destruere
1403 1103 1600 1196 ereneus,
1629 1101 1724 1178 sicut
1752 1109 1881 1199 postea

666 1279 669 1287 Δ
711 1224 805 1299 iecit
840 1221 924 1296 Fuit
955 1228 1081 1297 autem
1111 1222 1297 1298 Praeueste
1325 1223 1452 1300 civitas
1484 1223 1736 1317 antiquissima
1766 1243 1882 1319 prope

710 1345 886 1436 Romam
910 1341 958 1418 de
982 1359 1058 1435 qua
1082 1341 1279 1437 sepissime
1302 1333 1436 1434 lariti)
1456 1343 1680 1418 mentionem
1701 1341 1803 1418 litus
1822 1342 1883 1416 li-

711 1462 804 1556 vius,
830 1482 914 1556 quae
943 1481 1041 1558 saepe
1066 1462 1256 1536 rebellavit
1285 1461 1458 1557 romanis,
1487 1468 1527 1538 et
1557 1483 1655 1559 saepe
1682 1469 1789 1558 capra
1814 1473 1881 1540 est

711 1582 882 1658 Similiter
907 1587 944 1658 et
969 1581 1096 1657 civiles
1111 1583 1302 1678 Nepesina,
1319 1601 1404 1678 quae
1428 1581 1497 1657 luit
1520 1582 1559 1656 iu
1584 1581 1789 1658 confinibus
1807 1585 1884 1658 'l'u-

710 1701 806 1795 sciae,
823 1701 870 1776 de
890 1722 963 1795 qua
988 1701 1126 1777 dictum
1144 1707 1198 1777 est
1214 1701 1325 1798 paulo
1341 1721 1464 1796 supra.
1495 1703 1540 1776 Et
1558 1701 1681 1776 subdit
1691 1692 1730 1794 (³)
1748 1701 1884 1778 uouflr·

629 1921 632 1928 ,
710 1843 815 1897 meus
846 1821 983 1896 dictum
1015 1842 1128 1896 suum
1159 1821 1302 1897 ratione
1316 1811 1354 1914 (⁸)
1379 1842 1420 1897 se
1444 1841 1550 1918 posse
1575 1821 1768 1898 absolvere
1792 1841 1881 1897 euru

709 1949 796 2018 aute
818 1948 1011 2037 peecatum
1036 1948 1301 2038 perpetratum,
1319 1941 1407 2036 quia
1428 1961 1522 2038 papa
1547 1947 1666 2037 potest
1689 1943 1826 2036 omnia,
1844 1947 1882 2019 et

710 2061 880 2158 quedam
904 2061 986 2155 aliu,
1013 2061 1111 2136 uude
1135 2061 1242 2136 dicit:
1268 2064 1304 2134 lu
1328 2063 1393 2136 ciel
1412 2064 1508 2154 μοι(
1519 2063 1556 2134 io
1582 2081 1729 2134 serrare
1758 2083 1778 2134 e
1807 2061 1883 2135 dis'·

708 2203 866 2272 emere,
892 2180 996 2274 idest,
1020 2179 1166 2275 aperire
1189 2179 1356 2255 clausum
1381 2187 1531 2276 propter
1557 2187 1762 2276 peceatum,
1782 2199 1880 2254 eume

709 2308 746 2375 tu
767 2305 836 2393 sai,
862 2299 964 2395 idest,
989 2299 1085 2374 scire
1113 2299 1350 2394 debesque
1379 2321 1421 2376 es
1449 2300 1669 2376 christianus
1700 2306 1739 2374 et
1767 2299 1881 2374 irater

710 2423 842 2516 minor,
863 2413 954 2514 perr
977 2441 1043 2494 sun
1067 2422 1134 2494 due
1157 2423 1189 2494 le
1212 2423 1335 2515 citavi,
1353 2420 1503 2515 scilieet,
1519 2421 1669 2496 scientia
1691 2427 1729 2496 et
1752 2425 1882 2495 auctu·

710 2541 809 2635 ritus,
835 2540 939 2635 quasi
964 2539 1083 2614 dicut:
1110 2541 1163 2613 Tu
1189 2539 1270 2635 seis,
1296 2541 1396 2634 quod
1410 2531 1448 2632 (⁵)
1473 2561 1558 2614 sum
1584 2560 1689 2635 papa,
1707 2544 1745 2614 et
1768 2539 1881 2614 homo

709 2679 855 2756 maguae
878 2658 1050 2752 scientie,
1082 2668 1119 2735 et
1151 2659 1203 2734 sic
1231 2666 1322 2734 erat
1349 2660 1405 2734 De
1437 2659 1513 2734 istis
1543 2659 1706 2734 clavibus
1740 2658 1881 2732 dicetur

709 2778 816 2874 plene
841 2798 939 2854 nouo
963 2777 1122 2872 capitulo
1147 2777 1365 2874 Purgatorii.
1391 2779 1437 2855 Et
1460 2777 1572 2853 dicit:
1597 2780 1658 2852 cle
1673 2781 1700 2852 ’l
1719 2780 1789 2852 mio
1813 2795 1882 2850 uu·-

709 2907 869 2991 messor,
894 2897 1041 2992 scilicet,
1067 2897 1293 2994 Coelestiuus,
1320 2919 1393 2972 nun
1423 2899 1503 2972 ebbe
1527 2920 1622 2991 cure,
1648 2899 1754 2993 quusi
1784 2897 1882 2978 diuet

708 3018 861 3112 irrisive,
879 3018 965 3112 quia
982 3017 1051 3092 luit
1075 3039 1172 3092 unus
1196 3018 1357 3115 ignarus.
1379 3019 1432 3093 lle
1452 3017 1596 3093 dicebat
1615 3017 1733 3093 Julius
1758 3017 1880 3094 cesar

707 3138 754 3213 de
777 3137 891 3212 Lucio
915 3137 1023 3233 sylla,
1049 3138 1148 3232 quod
1174 3137 1408 3234 ignoraverat
1427 3137 1563 3232 literas,
1584 3136 1671 3231 quia
1688 3136 1880 3214 renuntie-

708 3263 812 3333 verat
831 3257 1031 3352 dictuturae.
1050 3257 1256 3332 uonuacius
1271 3268 1397 3335 autem
1416 3277 1608 3351 uunquam
1634 3256 1752 3352 putuit
1776 3275 1879 3332 uom-

708 3378 792 3473 pelli
809 3384 912 3452 metu
929 3377 1057 3450 mortis
1075 3377 1287 3452 renuntiare
1302 3376 1461 3472 perpetui.
1475 3415 1526 3430 -
1538 3380 1649 3450 Alter.
1667 3375 1733 3450 llic
1752 3393 1878 3452 comes

707 3503 845 3590 narrat,
870 3495 1056 3590 quomodo
1087 3493 1198 3569 luerit
1227 3515 1425 3590 persuasus
1457 3493 1579 3569 verbis
1613 3493 1797 3588 Bouilacii‚
1823 3493 1880 3567 di·-

708 3635 818 3690 ceus:
849 3618 901 3706 qli
936 3617 1133 3705 uryomeuti
1164 3616 1280 3706 oravi,
1306 3612 1409 3706 idest,
1435 3612 1547 3686 iortes
1578 3611 1739 3685 rationes
1776 3609 1879 3684 istius

707 3733 913 3833 gravissimi
943 3733 1058 3808 sancti
1093 3733 1217 3828 petris,
1251 3749 1336 3826 quae
1372 3737 1496 3806 tamen
1532 3739 1640 3806 eraut
1673 3729 1879 3808 inefficaces

708 3855 746 3928 iu
771 3857 839 3931 hae
865 3860 980 3950 perte,
1006 3853 1092 3948 quia
1117 3853 1205 3928 illud
1225 3851 1364 3926 dictum
1381 3850 1662 3948 evangelicum:
1688 3851 1879 3946 mudeuur-

708 3995 774 4068 que
805 3977 970 4066 traverit
1005 3993 1111 4066 super
1147 3979 1295 4064 mam,
1329 3970 1438 4047 dehet
1477 3969 1626 4067 intelligi
1663 3971 1767 4050 clave
1805 3989 1879 4044 uon

707 4105 876 4189 erraute3
905 4093 992 4190 quia
1029 4093 1065 4168 ivl
1101 4113 1309 4189 possumus,
1344 4091 1443 4186 quod
1475 4090 1641 4187 dejure
1669 4111 1876 4186 possumus.
2017 4137 2021 4150 ·

707 4206 825 4289 Ld’ve
840 4217 866 4288 ’l
887 4222 984 4289 turer
1008 4218 1057 4288 mi
1078 4218 1120 4309 lu
1144 4217 1264 4288 averso
1289 4213 1478 4305 ι’ἱρερρίο,
1499 4209 1646 4304 scilicet,
1667 4209 1713 4284 ad
1738 4209 1878 4286 satistu-

707 4336 878 4411 cieudum
903 4333 1093 4427 voluntati,
1111 4333 1198 4428 quia
1226 4331 1365 4406 malum
1393 4330 1586 4406 videbatur
1611 4330 1700 4403 milri
1725 4347 1877 4424 respuu-

707 4456 807 4551 dere‚
840 4453 904 4530 sed
938 4453 1042 4548 peius
1075 4460 1222 4546 teuere3
1253 4451 1358 4545 quasi
1382 4449 1502 4526 diret:
1536 4449 1742 4526 Bouilucius
1774 4453 1877 4523 estu·-

708 4573 868 4647 tissimus
892 4571 1134 4647 circumvenit
1158 4590 1220 4645 me
1243 4569 1509 4645 astutissimum
1534 4567 1657 4642 verbis
1680 4565 1768 4661 suis,
1789 4566 1876 4660 quie

708 4711 782 4765 non
814 4696 980 4786 poteram
1015 4689 1170 4764 ulterius
1199 4690 1351 4764 honeste
1382 4689 1440 4764 vel
1475 4693 1555 4763 tute
1588 4705 1650 4761 me
1684 4704 1876 4780 excusare,

770 4921 797 4982 ll
813 4921 844 4970 E·
859 4933 875 4971 e
890 4919 916 4971 S·
932 4925 1094 4984 conceperat.
1280 4917 1308 4981 (¹)
1326 4922 1380 4982 riv,
1397 4918 1458 4971 iecit
1474 4918 1643 4968 mentionem.

768 4997 796 5058 (⁸)
812 4997 843 5047 Β.
858 4995 909 5048 Sul
924 4997 1018 5050 subdit
1280 4997 1307 5062 (⁸)
1325 5001 1378 5057 lte.
1397 4997 1505 5057 tutione,
1522 4994 1628 5056 miliat,
1645 4993 1714 5059 quod
1731 4997 1825 5058 pomi.

770 5072 797 5136 (¹)
814 5077 868 5135 lle,
884 5073 952 5138 qula.
