<?xml version="1.0" encoding="UTF-8"?>
<!DOCTYPE html PUBLIC "-//W3C//DTD XHTML 1.0 Transitional//EN"
    "http://www.w3.org/TR/xhtml1/DTD/xhtml1-transitional.dtd">
<html xmlns="http://www.w3.org/1999/xhtml" xml:lang="en" lang="en">
 <head>
  <title>
</title>
<meta http-equiv="Content-Type" content="text/html;charset=utf-8" />
  <meta name='ocr-system' content='tesseract 3.04.00' />
  <meta name='ocr-capabilities' content='ocr_page ocr_carea ocr_par ocr_line ocrx_word'/>
</head>
<body>
  <div class='ocr_page' id='page_1' title='image "./comentumsuperda01benvgoog_0446.png"; bbox 0 0 4550 6844; ppageno 0'>
   <div class='ocr_carea' id='block_1_1' title="bbox 277 979 1560 3268">
    <p class='ocr_par' dir='ltr' id='par_1_1' title="bbox 768 979 1548 1054">
     <span class='ocr_line' id='line_1_1' title="bbox 768 979 1548 1054; baseline -0.008 0"><span class='ocrx_word' id='word_1_1' title='bbox 768 997 908 1054; x_wconf 76' lang='lat' dir='ltr'><strong>caurus</strong></span> <span class='ocrx_word' id='word_1_2' title='bbox 932 991 1157 1050; x_wconf 74' lang='lat' dir='ltr'><strong>rarumnrus.</strong></span> <span class='ocrx_word' id='word_1_3' title='bbox 1476 979 1548 1049; x_wconf 71' lang='lat' dir='ltr'><strong>tal</strong></span> 
     </span>
    </p>

    <p class='ocr_par' dir='ltr' id='par_1_2' title="bbox 375 1137 1556 2071">
     <span class='ocr_line' id='line_1_2' title="bbox 376 1137 1550 1242; baseline -0.008 -24"><span class='ocrx_word' id='word_1_4' title='bbox 376 1148 531 1238; x_wconf 79' lang='lat' dir='ltr'><strong>rispotc:</strong></span> <span class='ocrx_word' id='word_1_5' title='bbox 556 1145 616 1242; x_wconf 81' lang='lat' dir='ltr'><strong>qni</strong></span> <span class='ocrx_word' id='word_1_6' title='bbox 639 1145 666 1218; x_wconf 82' lang='lat' dir='ltr'><strong>lt&#39;</strong></span> <span class='ocrx_word' id='word_1_7' title='bbox 693 1147 810 1218; x_wconf 71' lang='lat' dir='ltr'><strong>botai</strong></span> <span class='ocrx_word' id='word_1_8' title='bbox 832 1143 1011 1236; x_wconf 65' lang='lat' dir='ltr'><strong>wadio</strong></span> <span class='ocrx_word' id='word_1_9' title='bbox 1035 1139 1158 1232; x_wconf 76' lang='lat' dir='ltr'><strong>pittaci</strong></span> <span class='ocrx_word' id='word_1_10' title='bbox 1184 1137 1223 1210; x_wconf 84' lang='lat' dir='ltr'><strong>t&#39;tt</strong></span> <span class='ocrx_word' id='word_1_11' title='bbox 1252 1145 1370 1229; x_wconf 77' lang='lat' dir='ltr'><strong>questo</strong></span> <span class='ocrx_word' id='word_1_12' title='bbox 1394 1159 1550 1233; x_wconf 80' lang='lat' dir='ltr'><strong>preppo‚·</strong></span> 
     </span>
     <span class='ocr_line' id='line_1_3' title="bbox 376 1249 1551 1362; baseline -0.004 -24"><span class='ocrx_word' id='word_1_13' title='bbox 376 1283 557 1362; x_wconf 88' lang='lat' dir='ltr'><strong>greppnm</strong></span> <span class='ocrx_word' id='word_1_14' title='bbox 582 1263 789 1359; x_wconf 89' lang='lat' dir='ltr'><strong>appellatur</strong></span> <span class='ocrx_word' id='word_1_15' title='bbox 812 1259 1006 1336; x_wconf 79' lang='lat' dir='ltr'><strong>Florentiae</strong></span> <span class='ocrx_word' id='word_1_16' title='bbox 1021 1277 1088 1333; x_wconf 84' lang='lat' dir='ltr'><strong>vas</strong></span> <span class='ocrx_word' id='word_1_17' title='bbox 1103 1257 1175 1333; x_wconf 82' lang='lat' dir='ltr'><strong>vile</strong></span> <span class='ocrx_word' id='word_1_18' title='bbox 1190 1249 1227 1348; x_wconf 78' lang='lat'><strong>(¹)</strong></span> <span class='ocrx_word' id='word_1_19' title='bbox 1246 1256 1404 1332; x_wconf 84' lang='lat' dir='ltr'><strong>tractum</strong></span> <span class='ocrx_word' id='word_1_20' title='bbox 1426 1279 1551 1334; x_wconf 89' lang='lat' dir='ltr'><strong>remo-</strong></span> 
     </span>
     <span class='ocr_line' id='line_1_4' title="bbox 377 1377 1549 1475; baseline -0.003 -17"><span class='ocrx_word' id='word_1_21' title='bbox 377 1391 458 1458; x_wconf 91' lang='lat' dir='ltr'><strong>tnm</strong></span> <span class='ocrx_word' id='word_1_22' title='bbox 483 1383 531 1458; x_wconf 91' lang='lat' dir='ltr'><strong>ab</strong></span> <span class='ocrx_word' id='word_1_23' title='bbox 556 1383 685 1458; x_wconf 88' lang='lat' dir='ltr'><strong>usibus</strong></span> <span class='ocrx_word' id='word_1_24' title='bbox 708 1381 927 1475; x_wconf 76' lang='lat' dir='ltr'><strong>domesticis,</strong></span> <span class='ocrx_word' id='word_1_25' title='bbox 952 1386 991 1455; x_wconf 87' lang='lat' dir='ltr'><strong>et</strong></span> <span class='ocrx_word' id='word_1_26' title='bbox 1015 1379 1232 1473; x_wconf 88' lang='lat' dir='ltr'><strong>deputatum</strong></span> <span class='ocrx_word' id='word_1_27' title='bbox 1257 1377 1339 1452; x_wconf 90' lang='lat' dir='ltr'><strong>cibo</strong></span> <span class='ocrx_word' id='word_1_28' title='bbox 1364 1378 1422 1454; x_wconf 84' lang='lat' dir='ltr'><strong>vel</strong></span> <span class='ocrx_word' id='word_1_29' title='bbox 1448 1377 1549 1474; x_wconf 89' lang='lat' dir='ltr'><strong>potui</strong></span> 
     </span>
     <span class='ocr_line' id='line_1_5' title="bbox 375 1495 1552 1601; baseline -0.005 -22"><span class='ocrx_word' id='word_1_30' title='bbox 375 1503 616 1601; x_wconf 67' lang='lat' dir='ltr'><strong>gallinarum</strong></span> <span class='ocrx_word' id='word_1_31' title='bbox 641 1501 724 1578; x_wconf 89' lang='lat' dir='ltr'><strong>ideo</strong></span> <span class='ocrx_word' id='word_1_32' title='bbox 740 1501 836 1578; x_wconf 89' lang='lat' dir='ltr'><strong>bene</strong></span> <span class='ocrx_word' id='word_1_33' title='bbox 860 1501 912 1576; x_wconf 91' lang='lat' dir='ltr'><strong>sic</strong></span> <span class='ocrx_word' id='word_1_34' title='bbox 937 1505 1046 1574; x_wconf 86' lang='lat' dir='ltr'><strong>vocat</strong></span> <span class='ocrx_word' id='word_1_35' title='bbox 1061 1497 1173 1573; x_wconf 87' lang='lat' dir='ltr'><strong>istum</strong></span> <span class='ocrx_word' id='word_1_36' title='bbox 1195 1496 1318 1592; x_wconf 84' lang='lat' dir='ltr'><strong>vilem,</strong></span> <span class='ocrx_word' id='word_1_37' title='bbox 1336 1495 1478 1572; x_wconf 76' lang='lat' dir='ltr'><strong>tristem</strong></span> <span class='ocrx_word' id='word_1_38' title='bbox 1496 1499 1552 1573; x_wconf 93' lang='lat' dir='ltr'><strong>lo-</strong></span> 
     </span>
     <span class='ocr_line' id='line_1_6' title="bbox 376 1616 1552 1716; baseline -0.006 -19"><span class='ocrx_word' id='word_1_39' title='bbox 376 1641 477 1716; x_wconf 92' lang='lat' dir='ltr'><strong>cum,</strong></span> <span class='ocrx_word' id='word_1_40' title='bbox 494 1621 600 1716; x_wconf 80' lang='lat' dir='ltr'><strong>quasi</strong></span> <span class='ocrx_word' id='word_1_41' title='bbox 619 1621 734 1696; x_wconf 83' lang='lat' dir='ltr'><strong>dicat:</strong></span> <span class='ocrx_word' id='word_1_42' title='bbox 761 1618 909 1715; x_wconf 87' lang='lat' dir='ltr'><strong>qnando</strong></span> <span class='ocrx_word' id='word_1_43' title='bbox 926 1617 1039 1695; x_wconf 81' lang='lat' dir='ltr'>cecidi</span> <span class='ocrx_word' id='word_1_44' title='bbox 1064 1618 1101 1693; x_wconf 94' lang='lat' dir='ltr'><strong>in</strong></span> <span class='ocrx_word' id='word_1_45' title='bbox 1128 1617 1234 1692; x_wconf 88' lang='lat' dir='ltr'><strong>istam</strong></span> <span class='ocrx_word' id='word_1_46' title='bbox 1257 1616 1436 1713; x_wconf 85' lang='lat' dir='ltr'><strong>bulgiam,</strong></span> <span class='ocrx_word' id='word_1_47' title='bbox 1455 1623 1552 1692; x_wconf 88' lang='lat' dir='ltr'><strong>tem·</strong></span> 
     </span>
     <span class='ocr_line' id='line_1_7' title="bbox 379 1736 1551 1836; baseline -0.005 -20"><span class='ocrx_word' id='word_1_48' title='bbox 379 1759 470 1836; x_wconf 89' lang='lat' dir='ltr'><strong>pore</strong></span> <span class='ocrx_word' id='word_1_49' title='bbox 494 1760 569 1834; x_wconf 86' lang='lat' dir='ltr'><strong>quo</strong></span> <span class='ocrx_word' id='word_1_50' title='bbox 595 1739 647 1814; x_wconf 85' lang='lat' dir='ltr'><strong>tui</strong></span> <span class='ocrx_word' id='word_1_51' title='bbox 678 1737 903 1832; x_wconf 87' lang='lat' dir='ltr'><strong>combustus,</strong></span> <span class='ocrx_word' id='word_1_52' title='bbox 928 1737 993 1812; x_wconf 89' lang='lat' dir='ltr'><strong>nbi</strong></span> <span class='ocrx_word' id='word_1_53' title='bbox 1023 1741 1201 1812; x_wconf 88' lang='lat' dir='ltr'><strong>steterant</strong></span> <span class='ocrx_word' id='word_1_54' title='bbox 1226 1736 1305 1830; x_wconf 86' lang='lat' dir='ltr'><strong>jam</strong></span> <span class='ocrx_word' id='word_1_55' title='bbox 1336 1755 1403 1831; x_wconf 86' lang='lat' dir='ltr'><strong>per</strong></span> <span class='ocrx_word' id='word_1_56' title='bbox 1435 1737 1551 1810; x_wconf 91' lang='lat' dir='ltr'><strong>multa</strong></span> 
     </span>
     <span class='ocr_line' id='line_1_8' title="bbox 380 1855 1554 1953; baseline -0.006 -18"><span class='ocrx_word' id='word_1_57' title='bbox 380 1860 516 1935; x_wconf 75' lang='lat' dir='ltr'><strong>saecula</strong></span> <span class='ocrx_word' id='word_1_58' title='bbox 540 1879 737 1953; x_wconf 88' lang='lat' dir='ltr'><strong>annorum,</strong></span> <span class='ocrx_word' id='word_1_59' title='bbox 763 1864 801 1933; x_wconf 85' lang='lat' dir='ltr'><strong>et</strong></span> <span class='ocrx_word' id='word_1_60' title='bbox 824 1857 991 1933; x_wconf 90' lang='lat' dir='ltr'><strong>mansuri</strong></span> <span class='ocrx_word' id='word_1_61' title='bbox 1011 1863 1099 1931; x_wconf 89' lang='lat' dir='ltr'><strong>sunt</strong></span> <span class='ocrx_word' id='word_1_62' title='bbox 1122 1857 1160 1930; x_wconf 95' lang='lat' dir='ltr'><strong>in</strong></span> <span class='ocrx_word' id='word_1_63' title='bbox 1184 1863 1380 1932; x_wconf 84' lang='lat' dir='ltr'><strong>aeternum.</strong></span> <span class='ocrx_word' id='word_1_64' title='bbox 1398 1855 1482 1931; x_wconf 89' lang='lat' dir='ltr'><strong>ldeo</strong></span> <span class='ocrx_word' id='word_1_65' title='bbox 1499 1855 1554 1930; x_wconf 94' lang='lat' dir='ltr'><strong>di-</strong></span> 
     </span>
     <span class='ocr_line' id='line_1_9' title="bbox 380 1975 1556 2071; baseline -0.002 -18"><span class='ocrx_word' id='word_1_66' title='bbox 380 1979 452 2054; x_wconf 89' lang='lat' dir='ltr'><strong>cit:</strong></span> <span class='ocrx_word' id='word_1_67' title='bbox 479 1999 498 2052; x_wconf 85' lang='lat' dir='ltr'><strong>e</strong></span> <span class='ocrx_word' id='word_1_68' title='bbox 516 1980 583 2070; x_wconf 87' lang='lat' dir='ltr'><strong>poi</strong></span> <span class='ocrx_word' id='word_1_69' title='bbox 603 1999 677 2052; x_wconf 83' lang='lat' dir='ltr'><strong>oon</strong></span> <span class='ocrx_word' id='word_1_70' title='bbox 695 1980 820 2053; x_wconf 69' lang='lat' dir='ltr'><strong>dimoc</strong></span> <span class='ocrx_word' id='word_1_71' title='bbox 836 1980 943 2068; x_wconf 84' lang='lat' dir='ltr'><strong>voltu,</strong></span> <span class='ocrx_word' id='word_1_72' title='bbox 969 1977 1064 2051; x_wconf 89' lang='lat' dir='ltr'><strong>sicut</strong></span> <span class='ocrx_word' id='word_1_73' title='bbox 1088 1977 1207 2050; x_wconf 83' lang='lat' dir='ltr'><strong>solent</strong></span> <span class='ocrx_word' id='word_1_74' title='bbox 1230 1995 1328 2071; x_wconf 86' lang='lat' dir='ltr'><strong>saepe</strong></span> <span class='ocrx_word' id='word_1_75' title='bbox 1352 1976 1476 2051; x_wconf 85' lang='lat' dir='ltr'><strong>tacere</strong></span> <span class='ocrx_word' id='word_1_76' title='bbox 1501 1975 1556 2051; x_wconf 89' lang='lat' dir='ltr'><strong>ie·</strong></span> 
     </span>
    </p>

    <p class='ocr_par' dir='ltr' id='par_1_3' title="bbox 277 2077 1560 3268">
     <span class='ocr_line' id='line_1_10' title="bbox 277 2077 1556 2193; baseline -0.005 -19"><span class='ocrx_word' id='word_1_77' title='bbox 277 2077 283 2096; x_wconf 75' lang='lat'>&#39;</span> <span class='ocrx_word' id='word_1_78' title='bbox 381 2081 553 2192; x_wconf 83' lang='lat' dir='ltr'><strong>brienles,</strong></span> <span class='ocrx_word' id='word_1_79' title='bbox 579 2097 643 2173; x_wconf 86' lang='lat' dir='ltr'><strong>sed</strong></span> <span class='ocrx_word' id='word_1_80' title='bbox 672 2097 730 2172; x_wconf 88' lang='lat' dir='ltr'><strong>isti</strong></span> <span class='ocrx_word' id='word_1_81' title='bbox 759 2097 868 2171; x_wconf 90' lang='lat' dir='ltr'><strong>nimis</strong></span> <span class='ocrx_word' id='word_1_82' title='bbox 897 2095 1041 2193; x_wconf 84' lang='lat' dir='ltr'><strong>gravati</strong></span> <span class='ocrx_word' id='word_1_83' title='bbox 1070 2095 1213 2171; x_wconf 85' lang='lat' dir='ltr'><strong>moveri</strong></span> <span class='ocrx_word' id='word_1_84' title='bbox 1243 2117 1318 2171; x_wconf 91' lang='lat' dir='ltr'><strong>non</strong></span> <span class='ocrx_word' id='word_1_85' title='bbox 1350 2100 1511 2192; x_wconf 89' lang='lat' dir='ltr'><strong>possunt,</strong></span> <span class='ocrx_word' id='word_1_86' title='bbox 1537 2116 1556 2167; x_wconf 83' lang='lat' dir='ltr'><strong>c</strong></span> 
     </span>
     <span class='ocr_line' id='line_1_11' title="bbox 381 2215 1556 2311; baseline -0.002 -19"><span class='ocrx_word' id='word_1_87' title='bbox 381 2237 455 2292; x_wconf 81' lang='lat' dir='ltr'><strong>aon</strong></span> <span class='ocrx_word' id='word_1_88' title='bbox 477 2219 584 2293; x_wconf 84' lang='lat' dir='ltr'><strong>credo</strong></span> <span class='ocrx_word' id='word_1_89' title='bbox 608 2219 669 2291; x_wconf 82' lang='lat' dir='ltr'><strong>cbo</strong></span> <span class='ocrx_word' id='word_1_90' title='bbox 692 2219 800 2292; x_wconf 82' lang='lat' dir='ltr'><strong>diano</strong></span> <span class='ocrx_word' id='word_1_91' title='bbox 824 2219 863 2290; x_wconf 84' lang='lat' dir='ltr'><strong>io</strong></span> <span class='ocrx_word' id='word_1_92' title='bbox 886 2220 1106 2310; x_wconf 79' lang='lat' dir='ltr'><strong>sempiterno,</strong></span> <span class='ocrx_word' id='word_1_93' title='bbox 1124 2216 1211 2311; x_wconf 89' lang='lat' dir='ltr'><strong>qnia</strong></span> <span class='ocrx_word' id='word_1_94' title='bbox 1228 2215 1383 2291; x_wconf 86' lang='lat' dir='ltr'><strong>morbus</strong></span> <span class='ocrx_word' id='word_1_95' title='bbox 1407 2217 1556 2291; x_wconf 89' lang='lat' dir='ltr'><strong>incura-</strong></span> 
     </span>
     <span class='ocr_line' id='line_1_12' title="bbox 380 2327 1557 2431; baseline -0.002 -19"><span class='ocrx_word' id='word_1_96' title='bbox 380 2335 462 2412; x_wconf 91' lang='lat' dir='ltr'><strong>bilis</strong></span> <span class='ocrx_word' id='word_1_97' title='bbox 495 2343 552 2411; x_wconf 88' lang='lat' dir='ltr'><strong>est</strong></span> <span class='ocrx_word' id='word_1_98' title='bbox 580 2336 618 2410; x_wconf 94' lang='lat' dir='ltr'><strong>in</strong></span> <span class='ocrx_word' id='word_1_99' title='bbox 647 2335 801 2430; x_wconf 80' lang='lat' dir='ltr'><strong>interno,</strong></span> <span class='ocrx_word' id='word_1_100' title='bbox 831 2342 869 2411; x_wconf 88' lang='lat' dir='ltr'><strong>et</strong></span> <span class='ocrx_word' id='word_1_101' title='bbox 883 2349 1108 2430; x_wconf 84' lang='lat' dir='ltr'><strong>‘numquam</strong></span> <span class='ocrx_word' id='word_1_102' title='bbox 1141 2335 1287 2412; x_wconf 87' lang='lat' dir='ltr'><strong>levatur</strong></span> <span class='ocrx_word' id='word_1_103' title='bbox 1308 2327 1346 2428; x_wconf 81' lang='lat'><strong>(¹)</strong></span> <span class='ocrx_word' id='word_1_104' title='bbox 1372 2357 1491 2431; x_wconf 85' lang='lat' dir='ltr'><strong>poena.</strong></span> <span class='ocrx_word' id='word_1_105' title='bbox 1506 2375 1557 2390; x_wconf 88' lang='lat'><em>-</em></span> 
     </span>
     <span class='ocr_line' id='line_1_13' title="bbox 382 2453 1556 2554; baseline 0 -25"><span class='ocrx_word' id='word_1_106' title='bbox 382 2459 420 2529; x_wconf 81' lang='grc' dir='ltr'><strong>ι’</strong></span> <span class='ocrx_word' id='word_1_107' title='bbox 436 2476 520 2529; x_wconf 73' lang='lat' dir='ltr'><strong>wau</strong></span> <span class='ocrx_word' id='word_1_108' title='bbox 546 2455 611 2530; x_wconf 89' lang='lat' dir='ltr'><strong>llic</strong></span> <span class='ocrx_word' id='word_1_109' title='bbox 634 2453 751 2530; x_wconf 79' lang='lat' dir='ltr'><strong>Adam</strong></span> <span class='ocrx_word' id='word_1_110' title='bbox 777 2455 943 2530; x_wconf 92' lang='lat' dir='ltr'><strong>nominat</strong></span> <span class='ocrx_word' id='word_1_111' title='bbox 966 2455 1087 2551; x_wconf 88' lang='lat' dir='ltr'><strong>primo</strong></span> <span class='ocrx_word' id='word_1_112' title='bbox 1112 2455 1279 2552; x_wconf 89' lang='lat' dir='ltr'><strong>spiritum</strong></span> <span class='ocrx_word' id='word_1_113' title='bbox 1304 2455 1503 2554; x_wconf 76' lang='lat' dir='ltr'><strong>aegyptium</strong></span> <span class='ocrx_word' id='word_1_114' title='bbox 1533 2476 1556 2530; x_wconf 93' lang='lat' dir='ltr'><strong>a</strong></span> 
     </span>
     <span class='ocr_line' id='line_1_14' title="bbox 382 2565 1557 2670; baseline -0.003 -20"><span class='ocrx_word' id='word_1_115' title='bbox 382 2573 537 2650; x_wconf 86' lang='lat' dir='ltr'><strong>crimine</strong></span> <span class='ocrx_word' id='word_1_116' title='bbox 561 2574 767 2668; x_wconf 77' lang='lat' dir='ltr'><strong>calumnie,</strong></span> <span class='ocrx_word' id='word_1_117' title='bbox 792 2575 939 2651; x_wconf 87' lang='lat' dir='ltr'><strong>dicens:</strong></span> <span class='ocrx_word' id='word_1_118' title='bbox 969 2577 992 2649; x_wconf 81' lang='lat' dir='ltr'><strong>l</strong></span> <span class='ocrx_word' id='word_1_119' title='bbox 1004 2595 1078 2649; x_wconf 85' lang='lat' dir='ltr'><strong>ona</strong></span> <span class='ocrx_word' id='word_1_120' title='bbox 1106 2572 1144 2650; x_wconf 75' lang='lat' dir='ltr'><strong>eb</strong></span> <span class='ocrx_word' id='word_1_121' title='bbox 1172 2580 1209 2650; x_wconf 89' lang='lat' dir='ltr'><strong>lc</strong></span> <span class='ocrx_word' id='word_1_122' title='bbox 1237 2579 1334 2670; x_wconf 79' lang='lat' dir='ltr'><strong>solra</strong></span> <span class='ocrx_word' id='word_1_123' title='bbox 1366 2565 1557 2650; x_wconf 82' lang='lat' dir='ltr'><strong>cll&#39;occnsd</strong></span> 
     </span>
     <span class='ocr_line' id='line_1_15' title="bbox 381 2693 1557 2791; baseline -0.001 -23"><span class='ocrx_word' id='word_1_124' title='bbox 381 2699 543 2788; x_wconf 78' lang='lat' dir='ltr'><strong>Joreppo.</strong></span> <span class='ocrx_word' id='word_1_125' title='bbox 568 2693 623 2769; x_wconf 78' lang='lat' dir='ltr'><strong>dd</strong></span> <span class='ocrx_word' id='word_1_126' title='bbox 648 2693 923 2791; x_wconf 77' lang='lat' dir='ltr'><strong>intelligentiam</strong></span> <span class='ocrx_word' id='word_1_127' title='bbox 940 2695 1079 2770; x_wconf 91' lang='lat' dir='ltr'><strong>claram</strong></span> <span class='ocrx_word' id='word_1_128' title='bbox 1097 2695 1200 2770; x_wconf 90' lang='lat' dir='ltr'><strong>istius</strong></span> <span class='ocrx_word' id='word_1_129' title='bbox 1217 2695 1333 2771; x_wconf 87' lang='lat' dir='ltr'><strong>literae</strong></span> <span class='ocrx_word' id='word_1_130' title='bbox 1357 2702 1412 2771; x_wconf 86' lang='lat' dir='ltr'><strong>ost</strong></span> <span class='ocrx_word' id='word_1_131' title='bbox 1438 2694 1557 2770; x_wconf 88' lang='lat' dir='ltr'><strong>scien-</strong></span> 
     </span>
     <span class='ocr_line' id='line_1_16' title="bbox 382 2814 1559 2909; baseline -0.001 -20"><span class='ocrx_word' id='word_1_132' title='bbox 382 2814 485 2908; x_wconf 89' lang='lat' dir='ltr'><strong>dnm,</strong></span> <span class='ocrx_word' id='word_1_133' title='bbox 510 2814 610 2908; x_wconf 82' lang='lat' dir='ltr'><strong>quod</strong></span> <span class='ocrx_word' id='word_1_134' title='bbox 635 2815 714 2889; x_wconf 80' lang='lat' dir='ltr'><strong>brec</strong></span> <span class='ocrx_word' id='word_1_135' title='bbox 738 2815 961 2909; x_wconf 88' lang='lat' dir='ltr'><strong>pulcerrima</strong></span> <span class='ocrx_word' id='word_1_136' title='bbox 986 2815 1137 2891; x_wconf 90' lang='lat' dir='ltr'><strong>historia</strong></span> <span class='ocrx_word' id='word_1_137' title='bbox 1162 2815 1335 2890; x_wconf 87' lang='lat' dir='ltr'><strong>scribitur</strong></span> <span class='ocrx_word' id='word_1_138' title='bbox 1357 2815 1467 2891; x_wconf 88' lang='lat' dir='ltr'><strong>valde</strong></span> <span class='ocrx_word' id='word_1_139' title='bbox 1490 2814 1559 2889; x_wconf 87' lang='lat' dir='ltr'><strong>dii·</strong></span> 
     </span>
     <span class='ocr_line' id='line_1_17' title="bbox 383 2931 1557 3029; baseline 0.002 -23"><span class='ocrx_word' id='word_1_140' title='bbox 383 2933 465 3008; x_wconf 88' lang='lat' dir='ltr'><strong>iuse</strong></span> <span class='ocrx_word' id='word_1_141' title='bbox 489 2933 582 3008; x_wconf 91' lang='lat' dir='ltr'><strong>libro</strong></span> <span class='ocrx_word' id='word_1_142' title='bbox 607 2931 777 3028; x_wconf 82' lang='lat' dir='ltr'><strong>Genesis3</strong></span> <span class='ocrx_word' id='word_1_143' title='bbox 802 2939 927 3010; x_wconf 87' lang='lat' dir='ltr'><strong>tamen</strong></span> <span class='ocrx_word' id='word_1_144' title='bbox 957 2953 1044 3010; x_wconf 90' lang='lat' dir='ltr'><strong>cum</strong></span> <span class='ocrx_word' id='word_1_145' title='bbox 1075 2933 1264 3009; x_wconf 86' lang='lat' dir='ltr'><strong>notissima</strong></span> <span class='ocrx_word' id='word_1_146' title='bbox 1290 2935 1347 3029; x_wconf 90' lang='lat' dir='ltr'><strong>sit,</strong></span> <span class='ocrx_word' id='word_1_147' title='bbox 1372 2935 1461 3029; x_wconf 82' lang='lat' dir='ltr'><strong>qnia</strong></span> <span class='ocrx_word' id='word_1_148' title='bbox 1486 2955 1557 3029; x_wconf 91' lang='lat' dir='ltr'><strong>pn·</strong></span> 
     </span>
     <span class='ocr_line' id='line_1_18' title="bbox 384 3053 1556 3149; baseline -0.003 -19"><span class='ocrx_word' id='word_1_149' title='bbox 384 3053 479 3130; x_wconf 90' lang='lat' dir='ltr'><strong>blice</strong></span> <span class='ocrx_word' id='word_1_150' title='bbox 506 3053 640 3149; x_wconf 86' lang='lat' dir='ltr'><strong>legitur</strong></span> <span class='ocrx_word' id='word_1_151' title='bbox 665 3053 703 3128; x_wconf 94' lang='lat' dir='ltr'><strong>in</strong></span> <span class='ocrx_word' id='word_1_152' title='bbox 727 3053 910 3129; x_wconf 80' lang='lat' dir='ltr'><strong>cathedris</strong></span> <span class='ocrx_word' id='word_1_153' title='bbox 934 3060 972 3128; x_wconf 90' lang='lat' dir='ltr'><strong>et</strong></span> <span class='ocrx_word' id='word_1_154' title='bbox 995 3053 1170 3149; x_wconf 80' lang='lat' dir='ltr'><strong>vulgatur</strong></span> <span class='ocrx_word' id='word_1_155' title='bbox 1195 3054 1232 3128; x_wconf 94' lang='lat' dir='ltr'><strong>in</strong></span> <span class='ocrx_word' id='word_1_156' title='bbox 1257 3053 1415 3149; x_wconf 88' lang='lat' dir='ltr'><strong>pulpitis,</strong></span> <span class='ocrx_word' id='word_1_157' title='bbox 1440 3053 1556 3148; x_wconf 87' lang='lat' dir='ltr'><strong>ipsam</strong></span> 
     </span>
     <span class='ocr_line' id='line_1_19' title="bbox 384 3171 1560 3268; baseline -0.003 -19"><span class='ocrx_word' id='word_1_158' title='bbox 384 3171 602 3249; x_wconf 83' lang='lat' dir='ltr'><strong>brevissime</strong></span> <span class='ocrx_word' id='word_1_159' title='bbox 626 3191 817 3248; x_wconf 90' lang='lat' dir='ltr'><strong>summare</strong></span> <span class='ocrx_word' id='word_1_160' title='bbox 841 3173 992 3248; x_wconf 88' lang='lat' dir='ltr'><strong>curabo.</strong></span> <span class='ocrx_word' id='word_1_161' title='bbox 1018 3173 1134 3268; x_wconf 85' lang='lat' dir='ltr'><strong>Igitur</strong></span> <span class='ocrx_word' id='word_1_162' title='bbox 1159 3173 1283 3268; x_wconf 86' lang='lat' dir='ltr'><strong>Jacob,</strong></span> <span class='ocrx_word' id='word_1_163' title='bbox 1309 3179 1353 3246; x_wconf 88' lang='lat' dir='ltr'><strong>ut</strong></span> <span class='ocrx_word' id='word_1_164' title='bbox 1377 3173 1456 3268; x_wconf 89' lang='lat' dir='ltr'><strong>jam</strong></span> <span class='ocrx_word' id='word_1_165' title='bbox 1483 3178 1560 3247; x_wconf 90' lang='lat' dir='ltr'><strong>tac-</strong></span> 
     </span>
    </p>
   </div>
   <div class='ocr_carea' id='block_1_2' title="bbox 386 3290 1714 3387">
    <p class='ocr_par' dir='ltr' id='par_1_4' title="bbox 386 3290 1714 3387">
     <span class='ocr_line' id='line_1_20' title="bbox 386 3290 1714 3387; baseline 0.003 -21"><span class='ocrx_word' id='word_1_166' title='bbox 386 3298 468 3366; x_wconf 88' lang='lat' dir='ltr'><strong>tum</strong></span> <span class='ocrx_word' id='word_1_167' title='bbox 499 3299 555 3366; x_wconf 86' lang='lat' dir='ltr'><strong>est</strong></span> <span class='ocrx_word' id='word_1_168' title='bbox 583 3290 746 3366; x_wconf 86' lang='lat' dir='ltr'><strong>secundo</strong></span> <span class='ocrx_word' id='word_1_169' title='bbox 771 3291 930 3386; x_wconf 92' lang='lat' dir='ltr'><strong>capitulo</strong></span> <span class='ocrx_word' id='word_1_170' title='bbox 959 3290 1069 3366; x_wconf 88' lang='lat' dir='ltr'><strong>buius</strong></span> <span class='ocrx_word' id='word_1_171' title='bbox 1097 3292 1191 3387; x_wconf 89' lang='lat' dir='ltr'><strong>libri,</strong></span> <span class='ocrx_word' id='word_1_172' title='bbox 1215 3293 1343 3367; x_wconf 87' lang='lat' dir='ltr'><strong>babuit</strong></span> <span class='ocrx_word' id='word_1_173' title='bbox 1366 3291 1560 3368; x_wconf 87' lang='lat' dir='ltr'><strong>duodecim</strong></span> <span class='ocrx_word' id='word_1_174' title='bbox 1711 3364 1714 3370; x_wconf 84' lang='lat'>.</span> 
     </span>
    </p>
   </div>
   <div class='ocr_carea' id='block_1_3' title="bbox 386 3409 1570 4699">
    <p class='ocr_par' dir='ltr' id='par_1_5' title="bbox 386 3409 1570 4699">
     <span class='ocr_line' id='line_1_21' title="bbox 387 3409 1561 3504; baseline -0.001 -20"><span class='ocrx_word' id='word_1_175' title='bbox 387 3409 491 3504; x_wconf 88' lang='lat' dir='ltr'><strong>lilios,</strong></span> <span class='ocrx_word' id='word_1_176' title='bbox 520 3428 567 3484; x_wconf 86' lang='lat' dir='ltr'><strong>ex</strong></span> <span class='ocrx_word' id='word_1_177' title='bbox 600 3429 762 3504; x_wconf 89' lang='lat' dir='ltr'><strong>quornm</strong></span> <span class='ocrx_word' id='word_1_178' title='bbox 797 3411 938 3486; x_wconf 90' lang='lat' dir='ltr'><strong>semine</strong></span> <span class='ocrx_word' id='word_1_179' title='bbox 968 3410 1237 3489; x_wconf 88' lang='lat' dir='ltr'><strong>descenderunt</strong></span> <span class='ocrx_word' id='word_1_180' title='bbox 1265 3410 1459 3487; x_wconf 90' lang='lat' dir='ltr'><strong>duodecim</strong></span> <span class='ocrx_word' id='word_1_181' title='bbox 1495 3410 1561 3484; x_wconf 90' lang='lat' dir='ltr'><strong>tri-</strong></span> 
     </span>
     <span class='ocr_line' id='line_1_22' title="bbox 386 3528 1562 3627; baseline 0.001 -24"><span class='ocrx_word' id='word_1_182' title='bbox 386 3528 457 3604; x_wconf 89' lang='lat' dir='ltr'><strong>bus</strong></span> <span class='ocrx_word' id='word_1_183' title='bbox 473 3529 596 3622; x_wconf 88' lang='lat' dir='ltr'><strong>lsrael,</strong></span> <span class='ocrx_word' id='word_1_184' title='bbox 610 3548 773 3622; x_wconf 87' lang='lat' dir='ltr'><strong>quornm</strong></span> <span class='ocrx_word' id='word_1_185' title='bbox 791 3529 1015 3605; x_wconf 85' lang='lat' dir='ltr'><strong>clarissimus</strong></span> <span class='ocrx_word' id='word_1_186' title='bbox 1030 3530 1099 3604; x_wconf 85' lang='lat' dir='ltr'><strong>init</strong></span> <span class='ocrx_word' id='word_1_187' title='bbox 1115 3531 1259 3627; x_wconf 85' lang='lat' dir='ltr'><strong>loseph,</strong></span> <span class='ocrx_word' id='word_1_188' title='bbox 1273 3531 1337 3626; x_wconf 84' lang='lat' dir='ltr'><strong>qui</strong></span> <span class='ocrx_word' id='word_1_189' title='bbox 1356 3530 1423 3604; x_wconf 87' lang='lat' dir='ltr'><strong>init</strong></span> <span class='ocrx_word' id='word_1_190' title='bbox 1444 3529 1562 3604; x_wconf 89' lang='lat' dir='ltr'><strong>unde·</strong></span> 
     </span>
     <span class='ocr_line' id='line_1_23' title="bbox 387 3647 1561 3745; baseline -0.001 -21"><span class='ocrx_word' id='word_1_191' title='bbox 387 3648 507 3724; x_wconf 89' lang='lat' dir='ltr'><strong>cimus</strong></span> <span class='ocrx_word' id='word_1_192' title='bbox 531 3647 628 3722; x_wconf 86' lang='lat' dir='ltr'><strong>illius</strong></span> <span class='ocrx_word' id='word_1_193' title='bbox 652 3648 765 3744; x_wconf 87' lang='lat' dir='ltr'><strong>patris</strong></span> <span class='ocrx_word' id='word_1_194' title='bbox 781 3669 829 3724; x_wconf 81' lang='lat' dir='ltr'><strong>cx</strong></span> <span class='ocrx_word' id='word_1_195' title='bbox 846 3650 1016 3744; x_wconf 86' lang='lat' dir='ltr'><strong>Rachele,</strong></span> <span class='ocrx_word' id='word_1_196' title='bbox 1039 3649 1189 3745; x_wconf 90' lang='lat' dir='ltr'><strong>utrique</strong></span> <span class='ocrx_word' id='word_1_197' title='bbox 1206 3649 1434 3744; x_wconf 85' lang='lat' dir='ltr'><strong>carissimns3</strong></span> <span class='ocrx_word' id='word_1_198' title='bbox 1452 3649 1561 3723; x_wconf 87' lang='lat' dir='ltr'><strong>matri</strong></span> 
     </span>
     <span class='ocr_line' id='line_1_24' title="bbox 388 3767 1562 3865; baseline 0 -23"><span class='ocrx_word' id='word_1_199' title='bbox 388 3767 551 3862; x_wconf 88' lang='lat' dir='ltr'><strong>quidem,</strong></span> <span class='ocrx_word' id='word_1_200' title='bbox 589 3767 676 3863; x_wconf 88' lang='lat' dir='ltr'><strong>qnia</strong></span> <span class='ocrx_word' id='word_1_201' title='bbox 714 3767 916 3843; x_wconf 85' lang='lat' dir='ltr'><strong>abstulerat</strong></span> <span class='ocrx_word' id='word_1_202' title='bbox 949 3769 1189 3865; x_wconf 92' lang='lat' dir='ltr'><strong>opprobrium</strong></span> <span class='ocrx_word' id='word_1_203' title='bbox 1223 3769 1420 3844; x_wconf 89' lang='lat' dir='ltr'><strong>sterilitatis</strong></span> <span class='ocrx_word' id='word_1_204' title='bbox 1459 3768 1539 3844; x_wconf 89' lang='lat' dir='ltr'><strong>eius</strong></span> <span class='ocrx_word' id='word_1_205' title='bbox 1551 3791 1562 3863; x_wconf 93' lang='lat'>;</span> 
     </span>
     <span class='ocr_line' id='line_1_25' title="bbox 389 3887 1565 3985; baseline 0.002 -23"><span class='ocrx_word' id='word_1_206' title='bbox 389 3893 494 3982; x_wconf 89' lang='lat' dir='ltr'><strong>pater</strong></span> <span class='ocrx_word' id='word_1_207' title='bbox 519 3907 609 3962; x_wconf 87' lang='lat' dir='ltr'><strong>vero</strong></span> <span class='ocrx_word' id='word_1_208' title='bbox 634 3887 807 3983; x_wconf 90' lang='lat' dir='ltr'><strong>diligebat</strong></span> <span class='ocrx_word' id='word_1_209' title='bbox 830 3909 917 3963; x_wconf 90' lang='lat' dir='ltr'><strong>enm</strong></span> <span class='ocrx_word' id='word_1_210' title='bbox 944 3909 1020 3985; x_wconf 81' lang='lat' dir='ltr'><strong>prae</strong></span> <span class='ocrx_word' id='word_1_211' title='bbox 1037 3890 1190 3982; x_wconf 84' lang='lat' dir='ltr'><strong>caeteris,</strong></span> <span class='ocrx_word' id='word_1_212' title='bbox 1209 3895 1289 3962; x_wconf 87' lang='lat' dir='ltr'><strong>torn</strong></span> <span class='ocrx_word' id='word_1_213' title='bbox 1315 3889 1402 3982; x_wconf 90' lang='lat' dir='ltr'><strong>qnia</strong></span> <span class='ocrx_word' id='word_1_214' title='bbox 1422 3908 1565 3984; x_wconf 88' lang='lat' dir='ltr'><strong>genne-</strong></span> 
     </span>
     <span class='ocr_line' id='line_1_26' title="bbox 389 4004 1564 4102; baseline -0.001 -22"><span class='ocrx_word' id='word_1_215' title='bbox 389 4011 449 4080; x_wconf 87' lang='lat' dir='ltr'><strong>rat</strong></span> <span class='ocrx_word' id='word_1_216' title='bbox 468 4023 556 4080; x_wconf 89' lang='lat' dir='ltr'><strong>eum</strong></span> <span class='ocrx_word' id='word_1_217' title='bbox 581 4004 619 4078; x_wconf 93' lang='lat' dir='ltr'><strong>in</strong></span> <span class='ocrx_word' id='word_1_218' title='bbox 643 4012 845 4100; x_wconf 84' lang='lat' dir='ltr'><strong>senectute,</strong></span> <span class='ocrx_word' id='word_1_219' title='bbox 863 4013 943 4080; x_wconf 89' lang='lat' dir='ltr'><strong>tum</strong></span> <span class='ocrx_word' id='word_1_220' title='bbox 962 4007 1049 4102; x_wconf 87' lang='lat' dir='ltr'><strong>qnia</strong></span> <span class='ocrx_word' id='word_1_221' title='bbox 1066 4005 1235 4081; x_wconf 88' lang='lat' dir='ltr'><strong>mirabile</strong></span> <span class='ocrx_word' id='word_1_222' title='bbox 1251 4006 1440 4102; x_wconf 87' lang='lat' dir='ltr'><strong>ingenium</strong></span> <span class='ocrx_word' id='word_1_223' title='bbox 1457 4005 1564 4102; x_wconf 85' lang='lat' dir='ltr'><strong>pueri</strong></span> 
     </span>
     <span class='ocr_line' id='line_1_27' title="bbox 391 4116 1566 4220; baseline 0 -21"><span class='ocrx_word' id='word_1_224' title='bbox 391 4122 547 4199; x_wconf 87' lang='lat' dir='ltr'><strong>iaciebat</strong></span> <span class='ocrx_word' id='word_1_225' title='bbox 569 4143 658 4198; x_wconf 87' lang='lat' dir='ltr'><strong>cum</strong></span> <span class='ocrx_word' id='word_1_226' title='bbox 684 4124 882 4200; x_wconf 84' lang='lat' dir='ltr'><strong>amabilem</strong></span> <span class='ocrx_word' id='word_1_227' title='bbox 898 4116 935 4218; x_wconf 60' lang='grc' dir='ltr'><strong>(ἢ</strong></span> <span class='ocrx_word' id='word_1_228' title='bbox 954 4145 1028 4200; x_wconf 94' lang='lat' dir='ltr'><strong>non</strong></span> <span class='ocrx_word' id='word_1_229' title='bbox 1046 4124 1166 4200; x_wconf 89' lang='lat' dir='ltr'><strong>solum</strong></span> <span class='ocrx_word' id='word_1_230' title='bbox 1185 4123 1411 4220; x_wconf 83' lang='lat' dir='ltr'><strong>parentibus,</strong></span> <span class='ocrx_word' id='word_1_231' title='bbox 1428 4123 1491 4200; x_wconf 91' lang='lat' dir='ltr'><strong>sed</strong></span> <span class='ocrx_word' id='word_1_232' title='bbox 1512 4124 1566 4199; x_wconf 87' lang='lat' dir='ltr'><strong>ie-</strong></span> 
     </span>
     <span class='ocr_line' id='line_1_28' title="bbox 391 4241 1566 4340; baseline 0 -22"><span class='ocrx_word' id='word_1_233' title='bbox 391 4242 442 4318; x_wconf 87' lang='lat' dir='ltr'><strong>cit</strong></span> <span class='ocrx_word' id='word_1_234' title='bbox 466 4261 555 4318; x_wconf 91' lang='lat' dir='ltr'><strong>enm</strong></span> <span class='ocrx_word' id='word_1_235' title='bbox 579 4241 830 4340; x_wconf 81' lang='lat' dir='ltr'><strong>gratissimum</strong></span> <span class='ocrx_word' id='word_1_236' title='bbox 855 4242 1021 4318; x_wconf 91' lang='lat' dir='ltr'><strong>barbaris</strong></span> <span class='ocrx_word' id='word_1_237' title='bbox 1045 4250 1084 4319; x_wconf 90' lang='lat' dir='ltr'><strong>et</strong></span> <span class='ocrx_word' id='word_1_238' title='bbox 1108 4243 1187 4340; x_wconf 84' lang='lat' dir='ltr'><strong>regi</strong></span> <span class='ocrx_word' id='word_1_239' title='bbox 1209 4243 1472 4320; x_wconf 86' lang='lat' dir='ltr'><strong>crudelissimo.</strong></span> <span class='ocrx_word' id='word_1_240' title='bbox 1495 4243 1566 4318; x_wconf 92' lang='lat' dir='ltr'><strong>Sed</strong></span> 
     </span>
     <span class='ocr_line' id='line_1_29' title="bbox 392 4361 1569 4459; baseline -0.001 -21"><span class='ocrx_word' id='word_1_241' title='bbox 392 4369 532 4458; x_wconf 85' lang='lat' dir='ltr'><strong>quanto</strong></span> <span class='ocrx_word' id='word_1_242' title='bbox 549 4369 630 4438; x_wconf 88' lang='lat' dir='ltr'><strong>arat</strong></span> <span class='ocrx_word' id='word_1_243' title='bbox 646 4361 768 4438; x_wconf 89' lang='lat' dir='ltr'><strong>carior</strong></span> <span class='ocrx_word' id='word_1_244' title='bbox 783 4364 889 4459; x_wconf 89' lang='lat' dir='ltr'><strong>patri,</strong></span> <span class='ocrx_word' id='word_1_245' title='bbox 909 4368 1010 4438; x_wconf 89' lang='lat' dir='ltr'><strong>tanto</strong></span> <span class='ocrx_word' id='word_1_246' title='bbox 1030 4363 1190 4440; x_wconf 90' lang='lat' dir='ltr'><strong>odiosior</strong></span> <span class='ocrx_word' id='word_1_247' title='bbox 1212 4363 1387 4448; x_wconf 85' lang='lat' dir='ltr'><strong>iratribus</strong></span> <span class='ocrx_word' id='word_1_248' title='bbox 1404 4385 1453 4440; x_wconf 82' lang='lat' dir='ltr'><strong>cx</strong></span> <span class='ocrx_word' id='word_1_249' title='bbox 1474 4363 1569 4437; x_wconf 84' lang='lat' dir='ltr'><strong>invi·</strong></span> 
     </span>
     <span class='ocr_line' id='line_1_30' title="bbox 392 4481 1569 4580; baseline -0.002 -20"><span class='ocrx_word' id='word_1_250' title='bbox 392 4483 463 4578; x_wconf 90' lang='lat' dir='ltr'><strong>dia,</strong></span> <span class='ocrx_word' id='word_1_251' title='bbox 489 4481 577 4576; x_wconf 85' lang='lat' dir='ltr'><strong>qnia</strong></span> <span class='ocrx_word' id='word_1_252' title='bbox 600 4481 823 4579; x_wconf 88' lang='lat' dir='ltr'><strong>singularius</strong></span> <span class='ocrx_word' id='word_1_253' title='bbox 854 4482 1075 4580; x_wconf 80' lang='lat' dir='ltr'><strong>diligebatur</strong></span> <span class='ocrx_word' id='word_1_254' title='bbox 1103 4505 1126 4558; x_wconf 91' lang='lat' dir='ltr'><strong>a</strong></span> <span class='ocrx_word' id='word_1_255' title='bbox 1156 4503 1255 4580; x_wconf 89' lang='lat' dir='ltr'><strong>sene,</strong></span> <span class='ocrx_word' id='word_1_256' title='bbox 1286 4491 1323 4560; x_wconf 90' lang='lat' dir='ltr'><strong>et</strong></span> <span class='ocrx_word' id='word_1_257' title='bbox 1354 4485 1441 4579; x_wconf 89' lang='lat' dir='ltr'><strong>qnia</strong></span> <span class='ocrx_word' id='word_1_258' title='bbox 1474 4503 1569 4580; x_wconf 87' lang='lat' dir='ltr'><strong>puer</strong></span> 
     </span>
     <span class='ocr_line' id='line_1_31' title="bbox 393 4601 1570 4699; baseline -0.003 -19"><span class='ocrx_word' id='word_1_259' title='bbox 393 4601 544 4680; x_wconf 86' lang='lat' dir='ltr'><strong>liberius</strong></span> <span class='ocrx_word' id='word_1_260' title='bbox 568 4602 766 4680; x_wconf 89' lang='lat' dir='ltr'><strong>accusabat</strong></span> <span class='ocrx_word' id='word_1_261' title='bbox 789 4603 933 4698; x_wconf 86' lang='lat' dir='ltr'><strong>tratres,</strong></span> <span class='ocrx_word' id='word_1_262' title='bbox 957 4609 994 4678; x_wconf 89' lang='lat' dir='ltr'><strong>et</strong></span> <span class='ocrx_word' id='word_1_263' title='bbox 1019 4603 1106 4699; x_wconf 87' lang='lat' dir='ltr'><strong>qnia</strong></span> <span class='ocrx_word' id='word_1_264' title='bbox 1124 4603 1307 4679; x_wconf 85' lang='lat' dir='ltr'><strong>mirabilia</strong></span> <span class='ocrx_word' id='word_1_265' title='bbox 1324 4604 1467 4679; x_wconf 88' lang='lat' dir='ltr'><strong>somnia</strong></span> <span class='ocrx_word' id='word_1_266' title='bbox 1489 4603 1570 4680; x_wconf 87' lang='lat' dir='ltr'><strong>eins</strong></span> 
     </span>
    </p>
   </div>
   <div class='ocr_carea' id='block_1_4' title="bbox 392 4722 1567 4942">
    <p class='ocr_par' dir='ltr' id='par_1_6' title="bbox 392 4722 1567 4942">
     <span class='ocr_line' id='line_1_32' title="bbox 392 4722 1567 4822; baseline 0.002 -27"><span class='ocrx_word' id='word_1_267' title='bbox 392 4722 613 4799; x_wconf 85' lang='lat' dir='ltr'><strong>videbantur</strong></span> <span class='ocrx_word' id='word_1_268' title='bbox 629 4724 827 4822; x_wconf 75' lang='lat' dir='ltr'><strong>presagire</strong></span> <span class='ocrx_word' id='word_1_269' title='bbox 843 4724 1058 4802; x_wconf 87' lang='lat' dir='ltr'><strong>servitutem</strong></span> <span class='ocrx_word' id='word_1_270' title='bbox 1073 4745 1218 4821; x_wconf 89' lang='lat' dir='ltr'><strong>eorum,</strong></span> <span class='ocrx_word' id='word_1_271' title='bbox 1232 4731 1269 4801; x_wconf 90' lang='lat' dir='ltr'><strong>et</strong></span> <span class='ocrx_word' id='word_1_272' title='bbox 1281 4723 1377 4800; x_wconf 89' lang='lat' dir='ltr'><strong>illius</strong></span> <span class='ocrx_word' id='word_1_273' title='bbox 1392 4745 1567 4822; x_wconf 86' lang='lat' dir='ltr'><strong>magnam</strong></span> 
     </span>
     <span class='ocr_line' id='line_1_33' title="bbox 394 4841 1567 4942; baseline 0.002 -26"><span class='ocrx_word' id='word_1_274' title='bbox 394 4841 551 4938; x_wconf 90' lang='lat' dir='ltr'><strong>gloriam</strong></span> <span class='ocrx_word' id='word_1_275' title='bbox 576 4848 613 4916; x_wconf 88' lang='lat' dir='ltr'><strong>et</strong></span> <span class='ocrx_word' id='word_1_276' title='bbox 637 4841 845 4938; x_wconf 88' lang='lat' dir='ltr'><strong>imperinm.</strong></span> <span class='ocrx_word' id='word_1_277' title='bbox 872 4843 994 4919; x_wconf 87' lang='lat' dir='ltr'><strong>Semel</strong></span> <span class='ocrx_word' id='word_1_278' title='bbox 1020 4865 1110 4942; x_wconf 88' lang='lat' dir='ltr'><strong>ergo</strong></span> <span class='ocrx_word' id='word_1_279' title='bbox 1134 4846 1267 4941; x_wconf 80' lang='lat' dir='ltr'><strong>loseph</strong></span> <span class='ocrx_word' id='word_1_280' title='bbox 1295 4846 1428 4920; x_wconf 88' lang='lat' dir='ltr'><strong>missus</strong></span> <span class='ocrx_word' id='word_1_281' title='bbox 1452 4865 1475 4918; x_wconf 91' lang='lat' dir='ltr'><strong>a</strong></span> <span class='ocrx_word' id='word_1_282' title='bbox 1500 4864 1567 4939; x_wconf 90' lang='lat' dir='ltr'><strong>pa-</strong></span> 
     </span>
    </p>
   </div>
   <div class='ocr_carea' id='block_1_5' title="bbox 415 5089 1566 5174">
    <p class='ocr_par' dir='ltr' id='par_1_7' title="bbox 415 5089 1566 5174">
     <span class='ocr_line' id='line_1_34' title="bbox 415 5089 1566 5174; baseline -0.003 -31"><span class='ocrx_word' id='word_1_283' title='bbox 415 5165 420 5174; x_wconf 40' lang='lat'>·</span> <span class='ocrx_word' id='word_1_284' title='bbox 456 5091 485 5154; x_wconf 84' lang='lat'><strong>(¹)</strong></span> <span class='ocrx_word' id='word_1_285' title='bbox 499 5091 526 5144; x_wconf 73' lang='lat' dir='ltr'><strong>S.</strong></span> <span class='ocrx_word' id='word_1_286' title='bbox 542 5091 643 5144; x_wconf 73' lang='lat' dir='ltr'><strong>inutile.</strong></span> <span class='ocrx_word' id='word_1_287' title='bbox 720 5093 820 5158; x_wconf 76' lang='lat' dir='ltr'><strong>(¹)trt,</strong></span> <span class='ocrx_word' id='word_1_288' title='bbox 837 5093 1046 5146; x_wconf 70' lang='lat' dir='ltr'><strong>lemma-lt</strong></span> <span class='ocrx_word' id='word_1_289' title='bbox 1062 5093 1207 5146; x_wconf 71' lang='lat' dir='ltr'><strong>alleviatur.</strong></span> <span class='ocrx_word' id='word_1_290' title='bbox 1287 5093 1314 5155; x_wconf 63' lang='grc' dir='ltr'><strong>θ)</strong></span> <span class='ocrx_word' id='word_1_291' title='bbox 1330 5092 1361 5143; x_wconf 83' lang='lat' dir='ltr'><strong>B.</strong></span> <span class='ocrx_word' id='word_1_292' title='bbox 1378 5089 1566 5142; x_wconf 60' lang='lat' dir='ltr'><strong>unitatibus.</strong></span> 
     </span>
    </p>
   </div>
   <div class='ocr_carea' id='block_1_6' title="bbox 0 0 2314 6836">
    <p class='ocr_par' dir='ltr' id='par_1_8' title="bbox 0 0 2314 6836">
     <span class='ocr_line' id='line_1_35' title="bbox 0 0 2314 6836; baseline 0 0"><span class='ocrx_word' id='word_1_293' title='bbox 0 0 2314 6836; x_wconf 95' lang='lat' dir='ltr'><strong> </strong></span> 
     </span>
    </p>
   </div>
  </div>
 </body>
</html>
