<?xml version="1.0" encoding="UTF-8"?>
<!DOCTYPE html PUBLIC "-//W3C//DTD XHTML 1.0 Transitional//EN"
    "http://www.w3.org/TR/xhtml1/DTD/xhtml1-transitional.dtd">
<html xmlns="http://www.w3.org/1999/xhtml" xml:lang="en" lang="en">
 <head>
  <title>
</title>
<meta http-equiv="Content-Type" content="text/html;charset=utf-8" />
  <meta name='ocr-system' content='tesseract 3.04.00' />
  <meta name='ocr-capabilities' content='ocr_page ocr_carea ocr_par ocr_line ocrx_word'/>
</head>
<body>
  <div class='ocr_page' id='page_1' title='image "./comentumsuperda01benvgoog_0461.png"; bbox 0 0 4550 6844; ppageno 0'>
   <div class='ocr_carea' id='block_1_1' title="bbox 747 1338 1919 1874">
    <p class='ocr_par' dir='ltr' id='par_1_1' title="bbox 747 1338 1919 1874">
     <span class='ocr_line' id='line_1_1' title="bbox 747 1338 1918 1427; baseline -0.002 -15"><span class='ocrx_word' id='word_1_1' title='bbox 747 1339 911 1412; x_wconf 77' lang='lat' dir='ltr'>CANTUS</span> <span class='ocrx_word' id='word_1_2' title='bbox 934 1338 1193 1410; x_wconf 82' lang='lat' dir='ltr'>TRIGESIMUS</span> <span class='ocrx_word' id='word_1_3' title='bbox 1215 1341 1387 1427; x_wconf 80' lang='lat' dir='ltr'><strong>PRIMUS,</strong></span> <span class='ocrx_word' id='word_1_4' title='bbox 1404 1343 1461 1411; x_wconf 80' lang='lat' dir='ltr'><strong>uti</strong></span> <span class='ocrx_word' id='word_1_5' title='bbox 1483 1348 1600 1412; x_wconf 79' lang='lat' dir='ltr'><strong>trootot</strong></span> <span class='ocrx_word' id='word_1_6' title='bbox 1618 1342 1658 1412; x_wconf 78' lang='lat' dir='ltr'><strong>de</strong></span> <span class='ocrx_word' id='word_1_7' title='bbox 1671 1348 1770 1427; x_wconf 71' lang='lat' dir='ltr'><strong>poteo</strong></span> <span class='ocrx_word' id='word_1_8' title='bbox 1785 1341 1918 1426; x_wconf 57' lang='lat' dir='ltr'><strong>infuse,</strong></span> 
     </span>
     <span class='ocr_line' id='line_1_2' title="bbox 824 1435 1919 1538; baseline 0 -16"><span class='ocrx_word' id='word_1_9' title='bbox 824 1461 854 1522; x_wconf 78' lang='lat' dir='ltr'><strong>es</strong></span> <span class='ocrx_word' id='word_1_10' title='bbox 876 1453 915 1520; x_wconf 72' lang='lat' dir='ltr'><strong>oe</strong></span> <span class='ocrx_word' id='word_1_11' title='bbox 935 1453 1120 1538; x_wconf 58' lang='lat' dir='ltr'><strong>,tyaneus</strong></span> <span class='ocrx_word' id='word_1_12' title='bbox 1148 1455 1307 1522; x_wconf 63' lang='lat' dir='ltr'><strong>stanton</strong></span> <span class='ocrx_word' id='word_1_13' title='bbox 1336 1457 1373 1522; x_wconf 68' lang='lat' dir='ltr'><strong>sn</strong></span> <span class='ocrx_word' id='word_1_14' title='bbox 1403 1476 1439 1524; x_wconf 68' lang='lat' dir='ltr'><strong>eo</strong></span> <span class='ocrx_word' id='word_1_15' title='bbox 1469 1455 1527 1522; x_wconf 69' lang='lat' dir='ltr'><strong>so</strong></span> <span class='ocrx_word' id='word_1_16' title='bbox 1559 1435 1650 1522; x_wconf 72' lang='lat' dir='ltr'><strong>teto</strong></span> <span class='ocrx_word' id='word_1_17' title='bbox 1680 1453 1864 1534; x_wconf 62' lang='lat' dir='ltr'><strong>Nomos,</strong></span> <span class='ocrx_word' id='word_1_18' title='bbox 1888 1459 1919 1522; x_wconf 73' lang='lat' dir='ltr'><strong><em>o</em></strong></span> 
     </span>
     <span class='ocr_line' id='line_1_3' title="bbox 822 1563 1919 1652; baseline 0.005 -23"><span class='ocrx_word' id='word_1_19' title='bbox 822 1563 974 1648; x_wconf 52' lang='lat' dir='ltr'><strong>&amp;otialis</strong></span> <span class='ocrx_word' id='word_1_20' title='bbox 1001 1564 1172 1650; x_wconf 72' lang='lat' dir='ltr'><strong>ligolomm</strong></span> <span class='ocrx_word' id='word_1_21' title='bbox 1200 1566 1336 1649; x_wconf 55' lang='lat' dir='ltr'><strong>olente</strong></span> <span class='ocrx_word' id='word_1_22' title='bbox 1365 1571 1395 1634; x_wconf 74' lang='lat' dir='ltr'><strong>et</strong></span> <span class='ocrx_word' id='word_1_23' title='bbox 1422 1567 1504 1634; x_wconf 69' lang='lat' dir='ltr'><strong>sino</strong></span> <span class='ocrx_word' id='word_1_24' title='bbox 1530 1567 1651 1634; x_wconf 69' lang='lat' dir='ltr'><strong>tostus</strong></span> <span class='ocrx_word' id='word_1_25' title='bbox 1680 1571 1727 1634; x_wconf 79' lang='lat' dir='ltr'><strong>est</strong></span> <span class='ocrx_word' id='word_1_26' title='bbox 1762 1564 1919 1652; x_wconf 63' lang='lat' dir='ltr'><strong>l&#39;trotttso</strong></span> 
     </span>
     <span class='ocr_line' id='line_1_4' title="bbox 822 1675 1918 1761; baseline 0.001 -18"><span class='ocrx_word' id='word_1_27' title='bbox 822 1676 956 1756; x_wconf 72' lang='lat' dir='ltr'><strong>Antio,</strong></span> <span class='ocrx_word' id='word_1_28' title='bbox 979 1677 1034 1760; x_wconf 76' lang='lat' dir='ltr'><strong>qut</strong></span> <span class='ocrx_word' id='word_1_29' title='bbox 1055 1675 1200 1760; x_wconf 76' lang='lat' dir='ltr'><strong>deposuit</strong></span> <span class='ocrx_word' id='word_1_30' title='bbox 1221 1697 1274 1745; x_wconf 87' lang='lat' dir='ltr'><strong>eos</strong></span> <span class='ocrx_word' id='word_1_31' title='bbox 1293 1679 1331 1744; x_wconf 82' lang='lat' dir='ltr'><strong>in</strong></span> <span class='ocrx_word' id='word_1_32' title='bbox 1351 1677 1452 1761; x_wconf 60' lang='lat' dir='ltr'><strong>foedo</strong></span> <span class='ocrx_word' id='word_1_33' title='bbox 1478 1676 1688 1761; x_wconf 64' lang='lat' dir='ltr'><strong>informitati</strong></span> <span class='ocrx_word' id='word_1_34' title='bbox 1714 1681 1789 1744; x_wconf 68' lang='lat' dir='ltr'><strong>etot</strong></span> <span class='ocrx_word' id='word_1_35' title='bbox 1811 1695 1918 1744; x_wconf 78' lang='lat' dir='ltr'><strong>mones</strong></span> 
     </span>
     <span class='ocr_line' id='line_1_5' title="bbox 818 1788 1010 1874; baseline -0.016 -17"><span class='ocrx_word' id='word_1_36' title='bbox 818 1788 1010 1874; x_wconf 68' lang='lat' dir='ltr'><strong><em>proditores.</em></strong></span> 
     </span>
    </p>
   </div>
   <div class='ocr_carea' id='block_1_2' title="bbox 649 2088 1919 4923">
    <p class='ocr_par' dir='ltr' id='par_1_2' title="bbox 649 2088 1919 4923">
     <span class='ocr_line' id='line_1_6' title="bbox 822 2088 1916 2280; baseline -0.002 -20"><span class='ocrx_word' id='word_1_37' title='bbox 822 2088 946 2260; x_wconf 67' lang='lat' dir='ltr'><strong>Um</strong></span> <span class='ocrx_word' id='word_1_38' title='bbox 972 2184 1148 2258; x_wconf 77' lang='lat' dir='ltr'><strong>owdesma</strong></span> <span class='ocrx_word' id='word_1_39' title='bbox 1172 2185 1293 2276; x_wconf 69' lang='lat' dir='ltr'><strong>leonto</strong></span> <span class='ocrx_word' id='word_1_40' title='bbox 1311 2186 1399 2278; x_wconf 78' lang='lat' dir='ltr'><strong>prta</strong></span> <span class='ocrx_word' id='word_1_41' title='bbox 1422 2187 1472 2260; x_wconf 82' lang='lat' dir='ltr'><strong>mi</strong></span> <span class='ocrx_word' id='word_1_42' title='bbox 1495 2205 1621 2260; x_wconf 86' lang='lat' dir='ltr'><strong>morse.</strong></span> <span class='ocrx_word' id='word_1_43' title='bbox 1652 2185 1853 2280; x_wconf 81' lang='lat' dir='ltr'><strong>Postquam</strong></span> <span class='ocrx_word' id='word_1_44' title='bbox 1878 2182 1916 2258; x_wconf 90' lang='lat' dir='ltr'><strong>in</strong></span> 
     </span>
     <span class='ocr_line' id='line_1_7' title="bbox 744 2295 1916 2400; baseline -0.002 -20"><span class='ocrx_word' id='word_1_45' title='bbox 744 2304 996 2400; x_wconf 88' lang='lat' dir='ltr'><strong>superioribus</strong></span> <span class='ocrx_word' id='word_1_46' title='bbox 1009 2295 1046 2397; x_wconf 83' lang='lat'><strong>(⁴)</strong></span> <span class='ocrx_word' id='word_1_47' title='bbox 1068 2309 1178 2380; x_wconf 81' lang='lat' dir='ltr'><strong>antor</strong></span> <span class='ocrx_word' id='word_1_48' title='bbox 1202 2312 1328 2380; x_wconf 84' lang='lat' dir='ltr'><strong>noster</strong></span> <span class='ocrx_word' id='word_1_49' title='bbox 1353 2305 1522 2382; x_wconf 81' lang='lat' dir='ltr'><strong>tractavit</strong></span> <span class='ocrx_word' id='word_1_50' title='bbox 1537 2312 1576 2381; x_wconf 93' lang='lat' dir='ltr'><strong>et</strong></span> <span class='ocrx_word' id='word_1_51' title='bbox 1592 2303 1850 2382; x_wconf 81' lang='lat' dir='ltr'>determinavit</span> <span class='ocrx_word' id='word_1_52' title='bbox 1868 2303 1916 2378; x_wconf 82' lang='lat' dir='ltr'><strong>(le</strong></span> 
     </span>
     <span class='ocr_line' id='line_1_8' title="bbox 744 2421 1917 2521; baseline -0.002 -21"><span class='ocrx_word' id='word_1_53' title='bbox 744 2424 906 2500; x_wconf 90' lang='lat' dir='ltr'><strong>secundo</strong></span> <span class='ocrx_word' id='word_1_54' title='bbox 931 2423 1070 2499; x_wconf 86' lang='lat' dir='ltr'><strong>circulo</strong></span> <span class='ocrx_word' id='word_1_55' title='bbox 1093 2423 1258 2521; x_wconf 78' lang='lat' dir='ltr'><strong>generali</strong></span> <span class='ocrx_word' id='word_1_56' title='bbox 1286 2424 1440 2500; x_wconf 78' lang='lat' dir='ltr'><strong>civitatis</strong></span> <span class='ocrx_word' id='word_1_57' title='bbox 1470 2424 1655 2502; x_wconf 79' lang='lat' dir='ltr'><strong>infernalis</strong></span> <span class='ocrx_word' id='word_1_58' title='bbox 1685 2423 1851 2500; x_wconf 86' lang='lat' dir='ltr'><strong>distincto</strong></span> <span class='ocrx_word' id='word_1_59' title='bbox 1878 2421 1917 2499; x_wconf 88' lang='lat' dir='ltr'><strong>in</strong></span> 
     </span>
     <span class='ocr_line' id='line_1_9' title="bbox 744 2543 1917 2640; baseline -0.003 -20"><span class='ocrx_word' id='word_1_60' title='bbox 744 2545 873 2620; x_wconf 85' lang='lat' dir='ltr'><strong>decem</strong></span> <span class='ocrx_word' id='word_1_61' title='bbox 900 2543 1054 2640; x_wconf 80' lang='lat' dir='ltr'><strong>bulgias,</strong></span> <span class='ocrx_word' id='word_1_62' title='bbox 1071 2543 1109 2618; x_wconf 90' lang='lat' dir='ltr'><strong>in</strong></span> <span class='ocrx_word' id='word_1_63' title='bbox 1126 2544 1260 2639; x_wconf 87' lang='lat' dir='ltr'><strong>quibus</strong></span> <span class='ocrx_word' id='word_1_64' title='bbox 1284 2544 1489 2639; x_wconf 85' lang='lat' dir='ltr'><strong>puniuntur</strong></span> <span class='ocrx_word' id='word_1_65' title='bbox 1507 2544 1639 2620; x_wconf 88' lang='lat' dir='ltr'><strong>decem</strong></span> <span class='ocrx_word' id='word_1_66' title='bbox 1658 2543 1797 2640; x_wconf 87' lang='lat' dir='ltr'><strong>species</strong></span> <span class='ocrx_word' id='word_1_67' title='bbox 1814 2543 1917 2618; x_wconf 80' lang='lat' dir='ltr'><strong>iren·</strong></span> 
     </span>
     <span class='ocr_line' id='line_1_10' title="bbox 745 2663 1917 2760; baseline 0.003 -22"><span class='ocrx_word' id='word_1_68' title='bbox 745 2663 811 2758; x_wconf 86' lang='lat' dir='ltr'>dis,</span> <span class='ocrx_word' id='word_1_69' title='bbox 837 2685 921 2758; x_wconf 87' lang='lat' dir='ltr'><strong>quae</strong></span> <span class='ocrx_word' id='word_1_70' title='bbox 948 2664 1086 2758; x_wconf 82' lang='lat' dir='ltr'><strong>rumpit</strong></span> <span class='ocrx_word' id='word_1_71' title='bbox 1111 2663 1300 2740; x_wconf 85' lang='lat' dir='ltr'><strong>vinculum</strong></span> <span class='ocrx_word' id='word_1_72' title='bbox 1317 2671 1461 2741; x_wconf 81' lang='lat' dir='ltr'><strong>naturae</strong></span> <span class='ocrx_word' id='word_1_73' title='bbox 1484 2671 1647 2760; x_wconf 80' lang='lat' dir='ltr'><strong>tentum3</strong></span> <span class='ocrx_word' id='word_1_74' title='bbox 1665 2685 1764 2740; x_wconf 84' lang='lat' dir='ltr'><strong>nunc</strong></span> <span class='ocrx_word' id='word_1_75' title='bbox 1788 2663 1917 2740; x_wconf 85' lang='lat' dir='ltr'><strong>subse-</strong></span> 
     </span>
     <span class='ocr_line' id='line_1_11' title="bbox 746 2783 1917 2881; baseline 0.003 -24"><span class='ocrx_word' id='word_1_76' title='bbox 746 2789 903 2878; x_wconf 86' lang='lat' dir='ltr'><strong>quenter</strong></span> <span class='ocrx_word' id='word_1_77' title='bbox 927 2783 1078 2859; x_wconf 77' lang='lat' dir='ltr'><strong>intendit</strong></span> <span class='ocrx_word' id='word_1_78' title='bbox 1104 2789 1263 2860; x_wconf 83' lang='lat' dir='ltr'><strong>tractare</strong></span> <span class='ocrx_word' id='word_1_79' title='bbox 1287 2783 1334 2860; x_wconf 78' lang='lat' dir='ltr'><strong>tle</strong></span> <span class='ocrx_word' id='word_1_80' title='bbox 1358 2784 1467 2860; x_wconf 89' lang='lat' dir='ltr'><strong>tertio</strong></span> <span class='ocrx_word' id='word_1_81' title='bbox 1484 2790 1521 2860; x_wconf 92' lang='lat' dir='ltr'><strong>et</strong></span> <span class='ocrx_word' id='word_1_82' title='bbox 1538 2784 1669 2860; x_wconf 89' lang='lat' dir='ltr'><strong>ultimo</strong></span> <span class='ocrx_word' id='word_1_83' title='bbox 1694 2784 1835 2860; x_wconf 87' lang='lat' dir='ltr'><strong>circulo</strong></span> <span class='ocrx_word' id='word_1_84' title='bbox 1850 2804 1917 2881; x_wconf 89' lang='lat' dir='ltr'><strong>ge·</strong></span> 
     </span>
     <span class='ocr_line' id='line_1_12' title="bbox 746 2892 1917 3000; baseline 0.002 -24"><span class='ocrx_word' id='word_1_85' title='bbox 746 2902 872 2998; x_wconf 78' lang='lat' dir='ltr'><strong>norell,</strong></span> <span class='ocrx_word' id='word_1_86' title='bbox 898 2902 1035 2997; x_wconf 89' lang='lat' dir='ltr'><strong>inquo</strong></span> <span class='ocrx_word' id='word_1_87' title='bbox 1060 2902 1212 2998; x_wconf 89' lang='lat' dir='ltr'><strong>punitur</strong></span> <span class='ocrx_word' id='word_1_88' title='bbox 1237 2903 1297 2979; x_wconf 84' lang='lat' dir='ltr'><strong>illa</strong></span> <span class='ocrx_word' id='word_1_89' title='bbox 1322 2904 1479 3000; x_wconf 84' lang='lat' dir='ltr'><strong>pessima</strong></span> <span class='ocrx_word' id='word_1_90' title='bbox 1503 2892 1619 2998; x_wconf 78' lang='lat' dir='ltr'><strong>intus,</strong></span> <span class='ocrx_word' id='word_1_91' title='bbox 1643 2903 1811 3000; x_wconf 88' lang='lat' dir='ltr'><strong>proditio,</strong></span> <span class='ocrx_word' id='word_1_92' title='bbox 1832 2923 1917 2999; x_wconf 77' lang='lat' dir='ltr'><strong>quse</strong></span> 
     </span>
     <span class='ocr_line' id='line_1_13' title="bbox 746 3022 1917 3120; baseline 0 -22"><span class='ocrx_word' id='word_1_93' title='bbox 746 3022 883 3117; x_wconf 86' lang='lat' dir='ltr'><strong>rumpit</strong></span> <span class='ocrx_word' id='word_1_94' title='bbox 908 3022 1097 3099; x_wconf 86' lang='lat' dir='ltr'><strong>vinculum</strong></span> <span class='ocrx_word' id='word_1_95' title='bbox 1122 3029 1267 3098; x_wconf 79' lang='lat' dir='ltr'><strong>natnrse</strong></span> <span class='ocrx_word' id='word_1_96' title='bbox 1290 3030 1329 3099; x_wconf 92' lang='lat' dir='ltr'><strong>et</strong></span> <span class='ocrx_word' id='word_1_97' title='bbox 1353 3024 1456 3119; x_wconf 80' lang='lat' dir='ltr'><strong>fidei3</strong></span> <span class='ocrx_word' id='word_1_98' title='bbox 1473 3023 1674 3120; x_wconf 88' lang='lat' dir='ltr'><strong>sedprimo</strong></span> <span class='ocrx_word' id='word_1_99' title='bbox 1691 3023 1917 3119; x_wconf 72' lang='lat' dir='ltr'><strong>inpraesenti</strong></span> 
     </span>
     <span class='ocr_line' id='line_1_14' title="bbox 744 3133 1916 3242; baseline 0 -24"><span class='ocrx_word' id='word_1_100' title='bbox 744 3142 903 3238; x_wconf 83' lang='lat' dir='ltr'><strong>capitulo</strong></span> <span class='ocrx_word' id='word_1_101' title='bbox 928 3142 1056 3237; x_wconf 84' lang='lat' dir='ltr'><strong>XXXI,</strong></span> <span class='ocrx_word' id='word_1_102' title='bbox 1081 3148 1214 3219; x_wconf 81' lang='lat' dir='ltr'><strong>tractat</strong></span> <span class='ocrx_word' id='word_1_103' title='bbox 1229 3133 1267 3235; x_wconf 79' lang='lat'><strong>(¹)</strong></span> <span class='ocrx_word' id='word_1_104' title='bbox 1291 3143 1339 3218; x_wconf 83' lang='lat' dir='ltr'><strong>‹le</strong></span> <span class='ocrx_word' id='word_1_105' title='bbox 1362 3143 1542 3220; x_wconf 76' lang='lat' dir='ltr'><strong>descensu</strong></span> <span class='ocrx_word' id='word_1_106' title='bbox 1569 3145 1647 3220; x_wconf 87' lang='lat' dir='ltr'><strong>sive</strong></span> <span class='ocrx_word' id='word_1_107' title='bbox 1675 3145 1843 3242; x_wconf 87' lang='lat' dir='ltr'><strong>ingressu</strong></span> <span class='ocrx_word' id='word_1_108' title='bbox 1868 3141 1916 3218; x_wconf 87' lang='lat' dir='ltr'><strong>ad</strong></span> 
     </span>
     <span class='ocr_line' id='line_1_15' title="bbox 744 3261 1917 3368; baseline 0.003 -30"><span class='ocrx_word' id='word_1_109' title='bbox 744 3261 863 3358; x_wconf 86' lang='lat' dir='ltr'><strong>ipsum</strong></span> <span class='ocrx_word' id='word_1_110' title='bbox 890 3263 1084 3357; x_wconf 87' lang='lat' dir='ltr'><strong>circulum,</strong></span> <span class='ocrx_word' id='word_1_111' title='bbox 1106 3262 1143 3339; x_wconf 89' lang='lat' dir='ltr'><strong>in</strong></span> <span class='ocrx_word' id='word_1_112' title='bbox 1169 3284 1245 3358; x_wconf 83' lang='lat' dir='ltr'><strong>quo</strong></span> <span class='ocrx_word' id='word_1_113' title='bbox 1270 3263 1373 3362; x_wconf 84' lang='lat' dir='ltr'><strong>lingit</strong></span> <span class='ocrx_word' id='word_1_114' title='bbox 1389 3285 1430 3340; x_wconf 89' lang='lat' dir='ltr'><strong>se</strong></span> <span class='ocrx_word' id='word_1_115' title='bbox 1450 3265 1615 3361; x_wconf 83' lang='lat' dir='ltr'><strong>reperire</strong></span> <span class='ocrx_word' id='word_1_116' title='bbox 1631 3266 1798 3363; x_wconf 79' lang='lat' dir='ltr'><strong>gigantes</strong></span> <span class='ocrx_word' id='word_1_117' title='bbox 1813 3270 1917 3368; x_wconf 71' lang='lat' dir='ltr'><strong>sten-</strong></span> 
     </span>
     <span class='ocr_line' id='line_1_16' title="bbox 744 3381 1917 3480; baseline 0.002 -22"><span class='ocrx_word' id='word_1_118' title='bbox 744 3390 799 3458; x_wconf 88' lang='lat' dir='ltr'><strong>tes</strong></span> <span class='ocrx_word' id='word_1_119' title='bbox 824 3381 862 3456; x_wconf 91' lang='lat' dir='ltr'><strong>in</strong></span> <span class='ocrx_word' id='word_1_120' title='bbox 888 3382 1040 3458; x_wconf 88' lang='lat' dir='ltr'><strong><em>modum</em></strong></span> <span class='ocrx_word' id='word_1_121' title='bbox 1065 3403 1213 3459; x_wconf 77' lang='lat' dir='ltr'><strong>corone</strong></span> <span class='ocrx_word' id='word_1_122' title='bbox 1237 3384 1275 3457; x_wconf 93' lang='lat' dir='ltr'><strong>in</strong></span> <span class='ocrx_word' id='word_1_123' title='bbox 1300 3385 1457 3461; x_wconf 85' lang='lat' dir='ltr'><strong>circuitu</strong></span> <span class='ocrx_word' id='word_1_124' title='bbox 1487 3385 1598 3480; x_wconf 87' lang='lat' dir='ltr'><strong>putei.</strong></span> <span class='ocrx_word' id='word_1_125' title='bbox 1630 3385 1736 3473; x_wconf 87' lang='lat' dir='ltr'><strong><em>Quod</em></strong></span> <span class='ocrx_word' id='word_1_126' title='bbox 1766 3384 1917 3480; x_wconf 86' lang='lat' dir='ltr'><strong>quidem</strong></span> 
     </span>
     <span class='ocr_line' id='line_1_17' title="bbox 745 3502 1917 3601; baseline 0.002 -23"><span class='ocrx_word' id='word_1_127' title='bbox 745 3502 946 3596; x_wconf 80' lang='lat' dir='ltr'><strong>capitulum</strong></span> <span class='ocrx_word' id='word_1_128' title='bbox 970 3509 1089 3598; x_wconf 78' lang='lat' dir='ltr'><strong>potest</strong></span> <span class='ocrx_word' id='word_1_129' title='bbox 1112 3503 1274 3578; x_wconf 85' lang='lat' dir='ltr'><strong>breviter</strong></span> <span class='ocrx_word' id='word_1_130' title='bbox 1290 3503 1400 3580; x_wconf 86' lang='lat' dir='ltr'><strong>dividi</strong></span> <span class='ocrx_word' id='word_1_131' title='bbox 1417 3505 1455 3578; x_wconf 94' lang='lat' dir='ltr'><strong>in</strong></span> <span class='ocrx_word' id='word_1_132' title='bbox 1474 3511 1636 3600; x_wconf 79' lang='lat' dir='ltr'><strong>quatuor</strong></span> <span class='ocrx_word' id='word_1_133' title='bbox 1654 3513 1778 3600; x_wconf 79' lang='lat' dir='ltr'><strong>pentes</strong></span> <span class='ocrx_word' id='word_1_134' title='bbox 1800 3521 1917 3601; x_wconf 84' lang='lat' dir='ltr'><strong>gene-</strong></span> 
     </span>
     <span class='ocr_line' id='line_1_18' title="bbox 747 3621 1918 3720; baseline -0.001 -23"><span class='ocrx_word' id='word_1_135' title='bbox 747 3621 852 3698; x_wconf 82' lang='lat' dir='ltr'><strong>rales.</strong></span> <span class='ocrx_word' id='word_1_136' title='bbox 878 3623 920 3696; x_wconf 95' lang='lat' dir='ltr'><strong>ln</strong></span> <span class='ocrx_word' id='word_1_137' title='bbox 944 3641 1106 3716; x_wconf 84' lang='lat' dir='ltr'><strong>querum</strong></span> <span class='ocrx_word' id='word_1_138' title='bbox 1131 3621 1251 3716; x_wconf 83' lang='lat' dir='ltr'><strong>prima</strong></span> <span class='ocrx_word' id='word_1_139' title='bbox 1274 3630 1386 3699; x_wconf 81' lang='lat' dir='ltr'><strong>sutor</strong></span> <span class='ocrx_word' id='word_1_140' title='bbox 1410 3630 1543 3700; x_wconf 83' lang='lat' dir='ltr'><strong>tractat</strong></span> <span class='ocrx_word' id='word_1_141' title='bbox 1565 3625 1613 3700; x_wconf 79' lang='lat' dir='ltr'><strong>(le</strong></span> <span class='ocrx_word' id='word_1_142' title='bbox 1642 3623 1761 3699; x_wconf 80' lang='lat' dir='ltr'><strong><em>forma</em></strong></span> <span class='ocrx_word' id='word_1_143' title='bbox 1785 3623 1918 3720; x_wconf 83' lang='lat' dir='ltr'><strong>gigan-</strong></span> 
     </span>
     <span class='ocr_line' id='line_1_19' title="bbox 746 3741 1918 3839; baseline 0.001 -23"><span class='ocrx_word' id='word_1_144' title='bbox 746 3748 829 3816; x_wconf 88' lang='lat' dir='ltr'><strong>tum</strong></span> <span class='ocrx_word' id='word_1_145' title='bbox 854 3741 891 3816; x_wconf 93' lang='lat' dir='ltr'><strong>in</strong></span> <span class='ocrx_word' id='word_1_146' title='bbox 915 3742 1089 3839; x_wconf 86' lang='lat' dir='ltr'><strong>generali.</strong></span> <span class='ocrx_word' id='word_1_147' title='bbox 1115 3742 1156 3816; x_wconf 94' lang='lat' dir='ltr'><strong>ln</strong></span> <span class='ocrx_word' id='word_1_148' title='bbox 1180 3742 1341 3819; x_wconf 81' lang='lat' dir='ltr'><strong>secunda</strong></span> <span class='ocrx_word' id='word_1_149' title='bbox 1365 3742 1537 3820; x_wconf 83' lang='lat' dir='ltr'><strong>describit</strong></span> <span class='ocrx_word' id='word_1_150' title='bbox 1561 3744 1599 3818; x_wconf 93' lang='lat' dir='ltr'><strong>in</strong></span> <span class='ocrx_word' id='word_1_151' title='bbox 1627 3743 1772 3839; x_wconf 81' lang='lat' dir='ltr'><strong>speciali</strong></span> <span class='ocrx_word' id='word_1_152' title='bbox 1799 3763 1918 3818; x_wconf 89' lang='lat' dir='ltr'><strong>unum</strong></span> 
     </span>
     <span class='ocr_line' id='line_1_20' title="bbox 747 3861 1919 3958; baseline 0 -22"><span class='ocrx_word' id='word_1_153' title='bbox 747 3861 933 3958; x_wconf 81' lang='lat' dir='ltr'><strong>gigantem</strong></span> <span class='ocrx_word' id='word_1_154' title='bbox 958 3861 1142 3938; x_wconf 83' lang='lat' dir='ltr'><strong>famosum</strong></span> <span class='ocrx_word' id='word_1_155' title='bbox 1168 3862 1363 3957; x_wconf 85' lang='lat' dir='ltr'><strong>antiquum</strong></span> <span class='ocrx_word' id='word_1_156' title='bbox 1380 3863 1584 3938; x_wconf 86' lang='lat' dir='ltr'><strong>secundnm</strong></span> <span class='ocrx_word' id='word_1_157' title='bbox 1606 3862 1800 3938; x_wconf 79' lang='lat' dir='ltr'><strong>venitatem</strong></span> <span class='ocrx_word' id='word_1_158' title='bbox 1821 3862 1919 3938; x_wconf 83' lang='lat' dir='ltr'><strong>Scri·</strong></span> 
     </span>
     <span class='ocr_line' id='line_1_21' title="bbox 746 3980 1919 4082; baseline 0.003 -27"><span class='ocrx_word' id='word_1_159' title='bbox 746 3987 877 4076; x_wconf 83' lang='lat' dir='ltr'><strong>ptnnae,</strong></span> <span class='ocrx_word' id='word_1_160' title='bbox 898 3980 970 4056; x_wconf 88' lang='lat' dir='ltr'><strong>ibi:</strong></span> <span class='ocrx_word' id='word_1_161' title='bbox 997 3987 1042 4055; x_wconf 83' lang='lat' dir='ltr'><strong>llt</strong></span> <span class='ocrx_word' id='word_1_162' title='bbox 1063 3985 1099 4054; x_wconf 84' lang='lat' dir='ltr'><strong>io</strong></span> <span class='ocrx_word' id='word_1_163' title='bbox 1122 4003 1304 4075; x_wconf 75' lang='lat' dir='ltr'><strong>scorgeoa.</strong></span> <span class='ocrx_word' id='word_1_164' title='bbox 1330 3983 1370 4057; x_wconf 93' lang='lat' dir='ltr'><strong>ln</strong></span> <span class='ocrx_word' id='word_1_165' title='bbox 1395 3983 1504 4058; x_wconf 84' lang='lat' dir='ltr'><strong>tertia</strong></span> <span class='ocrx_word' id='word_1_166' title='bbox 1527 3983 1698 4059; x_wconf 81' lang='lat' dir='ltr'><strong>describit</strong></span> <span class='ocrx_word' id='word_1_167' title='bbox 1722 3984 1837 4058; x_wconf 84' lang='lat' dir='ltr'><strong>alium</strong></span> <span class='ocrx_word' id='word_1_168' title='bbox 1862 3983 1919 4082; x_wconf 90' lang='lat' dir='ltr'><strong>gi·</strong></span> 
     </span>
     <span class='ocr_line' id='line_1_22' title="bbox 745 4101 1918 4201; baseline 0.002 -25"><span class='ocrx_word' id='word_1_169' title='bbox 745 4107 895 4199; x_wconf 81' lang='lat' dir='ltr'><strong>gentem</strong></span> <span class='ocrx_word' id='word_1_170' title='bbox 919 4101 1104 4177; x_wconf 77' lang='lat' dir='ltr'><strong>famosum</strong></span> <span class='ocrx_word' id='word_1_171' title='bbox 1129 4103 1325 4198; x_wconf 83' lang='lat' dir='ltr'><strong>antiquum</strong></span> <span class='ocrx_word' id='word_1_172' title='bbox 1356 4103 1560 4178; x_wconf 89' lang='lat' dir='ltr'><strong>secundum</strong></span> <span class='ocrx_word' id='word_1_173' title='bbox 1590 4103 1775 4180; x_wconf 84' lang='lat' dir='ltr'><strong>fictionem</strong></span> <span class='ocrx_word' id='word_1_174' title='bbox 1801 4103 1918 4201; x_wconf 86' lang='lat' dir='ltr'><strong>poeti-</strong></span> 
     </span>
     <span class='ocr_line' id='line_1_23' title="bbox 745 4220 1916 4317; baseline -0.002 -19"><span class='ocrx_word' id='word_1_175' title='bbox 745 4241 840 4315; x_wconf 80' lang='lat' dir='ltr'><strong>cam,</strong></span> <span class='ocrx_word' id='word_1_176' title='bbox 866 4220 939 4296; x_wconf 90' lang='lat' dir='ltr'><strong>ibi:</strong></span> <span class='ocrx_word' id='word_1_177' title='bbox 965 4226 1150 4296; x_wconf 77' lang='lat' dir='ltr'><strong><em>Facommo</em></strong></span> <span class='ocrx_word' id='word_1_178' title='bbox 1180 4224 1328 4316; x_wconf 75' lang='lat' dir='ltr'><strong>tuoque.</strong></span> <span class='ocrx_word' id='word_1_179' title='bbox 1362 4225 1404 4298; x_wconf 94' lang='lat' dir='ltr'><strong>ln</strong></span> <span class='ocrx_word' id='word_1_180' title='bbox 1438 4230 1570 4317; x_wconf 81' lang='lat' dir='ltr'><strong>quarta</strong></span> <span class='ocrx_word' id='word_1_181' title='bbox 1603 4229 1713 4299; x_wconf 80' lang='lat' dir='ltr'><strong>autor</strong></span> <span class='ocrx_word' id='word_1_182' title='bbox 1744 4222 1916 4300; x_wconf 81' lang='lat' dir='ltr'><strong>describit</strong></span> 
     </span>
     <span class='ocr_line' id='line_1_24' title="bbox 744 4340 1915 4439; baseline 0 -23"><span class='ocrx_word' id='word_1_183' title='bbox 744 4341 860 4416; x_wconf 87' lang='lat' dir='ltr'><strong>alium</strong></span> <span class='ocrx_word' id='word_1_184' title='bbox 880 4340 1106 4438; x_wconf 79' lang='lat' dir='ltr'><strong>singularem</strong></span> <span class='ocrx_word' id='word_1_185' title='bbox 1123 4341 1311 4439; x_wconf 79' lang='lat' dir='ltr'><strong>gigantem</strong></span> <span class='ocrx_word' id='word_1_186' title='bbox 1328 4342 1512 4418; x_wconf 79' lang='lat' dir='ltr'><strong>famosum</strong></span> <span class='ocrx_word' id='word_1_187' title='bbox 1528 4343 1740 4418; x_wconf 88' lang='lat' dir='ltr'><strong>distinctum</strong></span> <span class='ocrx_word' id='word_1_188' title='bbox 1761 4342 1809 4418; x_wconf 89' lang='lat' dir='ltr'><strong>nb</strong></span> <span class='ocrx_word' id='word_1_189' title='bbox 1825 4342 1915 4437; x_wconf 86' lang='lat' dir='ltr'><strong>nlils,</strong></span> 
     </span>
     <span class='ocr_line' id='line_1_25' title="bbox 744 4461 1916 4560; baseline 0.001 -23"><span class='ocrx_word' id='word_1_190' title='bbox 744 4462 890 4556; x_wconf 85' lang='lat' dir='ltr'><strong>dequo</strong></span> <span class='ocrx_word' id='word_1_191' title='bbox 916 4461 956 4536; x_wconf 86' lang='lat' dir='ltr'><strong>tit</strong></span> <span class='ocrx_word' id='word_1_192' title='bbox 981 4461 1118 4537; x_wconf 89' lang='lat' dir='ltr'><strong>mentio</strong></span> <span class='ocrx_word' id='word_1_193' title='bbox 1142 4462 1240 4558; x_wconf 83' lang='lat' dir='ltr'><strong>apud</strong></span> <span class='ocrx_word' id='word_1_194' title='bbox 1266 4462 1456 4539; x_wconf 86' lang='lat' dir='ltr'><strong>historicos</strong></span> <span class='ocrx_word' id='word_1_195' title='bbox 1485 4471 1523 4539; x_wconf 91' lang='lat' dir='ltr'><strong>et</strong></span> <span class='ocrx_word' id='word_1_196' title='bbox 1551 4470 1677 4560; x_wconf 82' lang='lat' dir='ltr'><strong>poetas</strong></span> <span class='ocrx_word' id='word_1_197' title='bbox 1700 4462 1865 4560; x_wconf 79' lang='lat' dir='ltr'><strong>gentiles,</strong></span> <span class='ocrx_word' id='word_1_198' title='bbox 1892 4482 1916 4538; x_wconf 79' lang='lat' dir='ltr'><strong>a</strong></span> 
     </span>
     <span class='ocr_line' id='line_1_26' title="bbox 745 4581 1917 4679; baseline 0.002 -23"><span class='ocrx_word' id='word_1_199' title='bbox 745 4602 820 4677; x_wconf 86' lang='lat' dir='ltr'><strong>quo</strong></span> <span class='ocrx_word' id='word_1_200' title='bbox 845 4581 995 4656; x_wconf 85' lang='lat' dir='ltr'><strong>inerunt</strong></span> <span class='ocrx_word' id='word_1_201' title='bbox 1021 4581 1152 4676; x_wconf 84' lang='lat' dir='ltr'><strong>portati</strong></span> <span class='ocrx_word' id='word_1_202' title='bbox 1178 4581 1274 4657; x_wconf 84' lang='lat' dir='ltr'><strong>intra</strong></span> <span class='ocrx_word' id='word_1_203' title='bbox 1297 4589 1451 4679; x_wconf 89' lang='lat' dir='ltr'><strong>puteum</strong></span> <span class='ocrx_word' id='word_1_204' title='bbox 1478 4585 1526 4661; x_wconf 81' lang='lat' dir='ltr'><strong>ad</strong></span> <span class='ocrx_word' id='word_1_205' title='bbox 1549 4584 1671 4661; x_wconf 80' lang='lat' dir='ltr'><strong>laeum</strong></span> <span class='ocrx_word' id='word_1_206' title='bbox 1691 4601 1800 4678; x_wconf 78' lang='lat' dir='ltr'><strong>aque</strong></span> <span class='ocrx_word' id='word_1_207' title='bbox 1824 4601 1917 4658; x_wconf 83' lang='lat' dir='ltr'><strong>eon-</strong></span> 
     </span>
     <span class='ocr_line' id='line_1_27' title="bbox 744 4700 1914 4800; baseline 0.002 -24"><span class='ocrx_word' id='word_1_208' title='bbox 744 4700 923 4798; x_wconf 82' lang='lat' dir='ltr'><strong>gelatnm,</strong></span> <span class='ocrx_word' id='word_1_209' title='bbox 942 4700 1012 4774; x_wconf 87' lang='lat' dir='ltr'><strong>ihi:</strong></span> <span class='ocrx_word' id='word_1_210' title='bbox 1032 4704 1100 4774; x_wconf 80' lang='lat' dir='ltr'><strong>Not</strong></span> <span class='ocrx_word' id='word_1_211' title='bbox 1113 4705 1371 4794; x_wconf 80' lang='lat' dir='ltr'><strong>procedemmo.</strong></span> <span class='ocrx_word' id='word_1_212' title='bbox 1390 4703 1622 4800; x_wconf 75' lang='lat' dir='ltr'><strong>ltprimum</strong></span> <span class='ocrx_word' id='word_1_213' title='bbox 1641 4703 1802 4799; x_wconf 82' lang='lat' dir='ltr'><strong>veniens,</strong></span> <span class='ocrx_word' id='word_1_214' title='bbox 1819 4703 1914 4797; x_wconf 88' lang='lat' dir='ltr'><strong>dion,</strong></span> 
     </span>
     <span class='ocr_line' id='line_1_28' title="bbox 649 4819 1919 4923; baseline 0.004 -28"><span class='ocrx_word' id='word_1_215' title='bbox 649 4911 652 4918; x_wconf 33' lang='grc'><strong>,</strong></span> <span class='ocrx_word' id='word_1_216' title='bbox 746 4819 856 4914; x_wconf 87' lang='lat' dir='ltr'><strong><em>quod.</em></strong></span> <span class='ocrx_word' id='word_1_217' title='bbox 870 4827 981 4896; x_wconf 83' lang='lat' dir='ltr'><strong>auton</strong></span> <span class='ocrx_word' id='word_1_218' title='bbox 1005 4826 1137 4897; x_wconf 76' lang='lat' dir='ltr'><strong>tractat</strong></span> <span class='ocrx_word' id='word_1_219' title='bbox 1161 4822 1207 4898; x_wconf 90' lang='lat' dir='ltr'><strong>de</strong></span> <span class='ocrx_word' id='word_1_220' title='bbox 1236 4823 1356 4900; x_wconf 81' lang='lat' dir='ltr'><strong>torma</strong></span> <span class='ocrx_word' id='word_1_221' title='bbox 1384 4824 1576 4923; x_wconf 86' lang='lat' dir='ltr'><strong>gigantum</strong></span> <span class='ocrx_word' id='word_1_222' title='bbox 1603 4825 1639 4900; x_wconf 94' lang='lat' dir='ltr'><strong>in</strong></span> <span class='ocrx_word' id='word_1_223' title='bbox 1670 4825 1855 4922; x_wconf 83' lang='lat' dir='ltr'><strong>generali3</strong></span> <span class='ocrx_word' id='word_1_224' title='bbox 1882 4829 1919 4900; x_wconf 88' lang='lat' dir='ltr'><strong>et</strong></span> 
     </span>
    </p>
   </div>
   <div class='ocr_carea' id='block_1_3' title="bbox 808 5007 1392 5152">
    <p class='ocr_par' dir='ltr' id='par_1_3' title="bbox 808 5007 1392 5152">
     <span class='ocr_line' id='line_1_29' title="bbox 809 5007 1244 5072; baseline 0 -13"><span class='ocrx_word' id='word_1_225' title='bbox 809 5007 837 5070; x_wconf 79' lang='grc' dir='ltr'><strong>ι’)</strong></span> <span class='ocrx_word' id='word_1_226' title='bbox 854 5011 908 5069; x_wconf 82' lang='lat' dir='ltr'><strong>ns,</strong></span> <span class='ocrx_word' id='word_1_227' title='bbox 924 5007 1100 5072; x_wconf 78' lang='lat' dir='ltr'><strong>superioribus</strong></span> <span class='ocrx_word' id='word_1_228' title='bbox 1115 5009 1244 5072; x_wconf 75' lang='lat' dir='ltr'><strong>capitulis.</strong></span> 
     </span>
     <span class='ocr_line' id='line_1_30' title="bbox 808 5083 1392 5152; baseline -0.024 -3"><span class='ocrx_word' id='word_1_229' title='bbox 808 5083 835 5148; x_wconf 84' lang='lat' dir='ltr'><strong>l&#39;t</strong></span> <span class='ocrx_word' id='word_1_230' title='bbox 851 5083 878 5136; x_wconf 76' lang='lat' dir='ltr'><strong>s,</strong></span> <span class='ocrx_word' id='word_1_231' title='bbox 894 5089 988 5136; x_wconf 76' lang='lat' dir='ltr'><strong>mont</strong></span> <span class='ocrx_word' id='word_1_232' title='bbox 1003 5085 1155 5138; x_wconf 67' lang='lat' dir='ltr'><strong>neem</strong></span> <span class='ocrx_word' id='word_1_233' title='bbox 1170 5085 1224 5138; x_wconf 74' lang='lat' dir='ltr'><strong>utve</strong></span> <span class='ocrx_word' id='word_1_234' title='bbox 1239 5086 1392 5152; x_wconf 56' lang='lat' dir='ltr'><strong>naman.</strong></span> 
     </span>
    </p>
   </div>
   <div class='ocr_carea' id='block_1_4' title="bbox 0 0 2280 6836">
    <p class='ocr_par' dir='ltr' id='par_1_4' title="bbox 0 0 2280 6836">
     <span class='ocr_line' id='line_1_31' title="bbox 0 0 2280 6836; baseline 0 0"><span class='ocrx_word' id='word_1_235' title='bbox 0 0 2280 6836; x_wconf 95' lang='lat' dir='ltr'><strong> </strong></span> 
     </span>
    </p>
   </div>
  </div>
 </body>
</html>
