<?xml version="1.0" encoding="UTF-8"?>
<!DOCTYPE html PUBLIC "-//W3C//DTD XHTML 1.0 Transitional//EN"
    "http://www.w3.org/TR/xhtml1/DTD/xhtml1-transitional.dtd">
<html xmlns="http://www.w3.org/1999/xhtml" xml:lang="en" lang="en">
 <head>
  <title>
</title>
<meta http-equiv="Content-Type" content="text/html;charset=utf-8" />
  <meta name='ocr-system' content='tesseract 3.04.00' />
  <meta name='ocr-capabilities' content='ocr_page ocr_carea ocr_par ocr_line ocrx_word'/>
</head>
<body>
  <div class='ocr_page' id='page_1' title='image "./comentumsuperda01benvgoog_0426.png"; bbox 0 0 4550 6844; ppageno 0'>
   <div class='ocr_carea' id='block_1_1' title="bbox 874 957 1655 1032">
    <p class='ocr_par' dir='ltr' id='par_1_1' title="bbox 874 957 1655 1032">
     <span class='ocr_line' id='line_1_1' title="bbox 874 957 1655 1032; baseline -0.009 -2"><span class='ocrx_word' id='word_1_1' title='bbox 874 973 1013 1032; x_wconf 75' lang='lat' dir='ltr'><strong>chunus</strong></span> <span class='ocrx_word' id='word_1_2' title='bbox 1037 969 1263 1028; x_wconf 70' lang='lat' dir='ltr'><strong>tulensnttts.</strong></span> <span class='ocrx_word' id='word_1_3' title='bbox 1584 957 1655 1024; x_wconf 72' lang='grc'><strong>417</strong></span> 
     </span>
    </p>
   </div>
   <div class='ocr_carea' id='block_1_2' title="bbox 483 1115 1677 4692">
    <p class='ocr_par' dir='ltr' id='par_1_2' title="bbox 483 1115 1677 4692">
     <span class='ocr_line' id='line_1_2' title="bbox 483 1115 1658 1216; baseline -0.007 -18"><span class='ocrx_word' id='word_1_4' title='bbox 483 1143 555 1198; x_wconf 82' lang='lat' dir='ltr'><strong>vus</strong></span> <span class='ocrx_word' id='word_1_5' title='bbox 579 1122 748 1198; x_wconf 84' lang='lat' dir='ltr'><strong>inventur</strong></span> <span class='ocrx_word' id='word_1_6' title='bbox 767 1121 972 1216; x_wconf 88' lang='lat' dir='ltr'><strong>literamm‚</strong></span> <span class='ocrx_word' id='word_1_7' title='bbox 989 1121 1156 1198; x_wconf 87' lang='lat' dir='ltr'><strong>eonditor</strong></span> <span class='ocrx_word' id='word_1_8' title='bbox 1180 1140 1287 1196; x_wconf 84' lang='lat' dir='ltr'><strong>nouae</strong></span> <span class='ocrx_word' id='word_1_9' title='bbox 1311 1117 1415 1194; x_wconf 90' lang='lat' dir='ltr'><strong>urhis</strong></span> <span class='ocrx_word' id='word_1_10' title='bbox 1438 1137 1552 1214; x_wconf 86' lang='lat' dir='ltr'><strong>quam</strong></span> <span class='ocrx_word' id='word_1_11' title='bbox 1570 1115 1658 1193; x_wconf 80' lang='lat' dir='ltr'><strong>vidit</strong></span> 
     </span>
     <span class='ocr_line' id='line_1_3' title="bbox 483 1239 1658 1339; baseline -0.004 -22"><span class='ocrx_word' id='word_1_12' title='bbox 483 1244 520 1317; x_wconf 95' lang='lat' dir='ltr'><strong>in</strong></span> <span class='ocrx_word' id='word_1_13' title='bbox 546 1242 639 1318; x_wconf 85' lang='lat' dir='ltr'><strong>llere</strong></span> <span class='ocrx_word' id='word_1_14' title='bbox 663 1241 768 1338; x_wconf 82' lang='lat' dir='ltr'><strong>regni</strong></span> <span class='ocrx_word' id='word_1_15' title='bbox 787 1262 874 1317; x_wconf 91' lang='lat' dir='ltr'><strong>cum</strong></span> <span class='ocrx_word' id='word_1_16' title='bbox 891 1242 997 1338; x_wconf 86' lang='lat' dir='ltr'><strong>prole</strong></span> <span class='ocrx_word' id='word_1_17' title='bbox 1020 1241 1161 1339; x_wconf 85' lang='lat' dir='ltr'><strong>pulcra,</strong></span> <span class='ocrx_word' id='word_1_18' title='bbox 1179 1239 1351 1315; x_wconf 89' lang='lat' dir='ltr'><strong>omnibus</strong></span> <span class='ocrx_word' id='word_1_19' title='bbox 1371 1257 1548 1334; x_wconf 86' lang='lat' dir='ltr'><strong>prospere</strong></span> <span class='ocrx_word' id='word_1_20' title='bbox 1572 1256 1658 1312; x_wconf 89' lang='lat' dir='ltr'><strong>suc-</strong></span> 
     </span>
     <span class='ocr_line' id='line_1_4' title="bbox 483 1356 1659 1452; baseline -0.007 -14"><span class='ocrx_word' id='word_1_21' title='bbox 483 1360 707 1438; x_wconf 87' lang='lat' dir='ltr'><strong>cedentibus.</strong></span> <span class='ocrx_word' id='word_1_22' title='bbox 738 1359 809 1436; x_wconf 89' lang='lat' dir='ltr'><strong>Sed</strong></span> <span class='ocrx_word' id='word_1_23' title='bbox 842 1361 965 1437; x_wconf 84' lang='lat' dir='ltr'><strong>brevis</strong></span> <span class='ocrx_word' id='word_1_24' title='bbox 994 1367 1050 1436; x_wconf 84' lang='lat' dir='ltr'><strong>est</strong></span> <span class='ocrx_word' id='word_1_25' title='bbox 1082 1360 1202 1436; x_wconf 87' lang='lat' dir='ltr'><strong>omnis</strong></span> <span class='ocrx_word' id='word_1_26' title='bbox 1232 1361 1402 1436; x_wconf 90' lang='lat' dir='ltr'><strong>humana-</strong></span> <span class='ocrx_word' id='word_1_27' title='bbox 1430 1356 1591 1452; x_wconf 79' lang='lat' dir='ltr'><strong>felicitas,</strong></span> <span class='ocrx_word' id='word_1_28' title='bbox 1622 1362 1659 1432; x_wconf 89' lang='lat' dir='ltr'><strong>et</strong></span> 
     </span>
     <span class='ocr_line' id='line_1_5' title="bbox 484 1477 1659 1574; baseline -0.007 -18"><span class='ocrx_word' id='word_1_29' title='bbox 484 1481 625 1556; x_wconf 75' lang='lat' dir='ltr'><strong>uhnam</strong></span> <span class='ocrx_word' id='word_1_30' title='bbox 652 1479 774 1556; x_wconf 84' lang='lat' dir='ltr'><strong>brevis</strong></span> <span class='ocrx_word' id='word_1_31' title='bbox 799 1485 957 1574; x_wconf 90' lang='lat' dir='ltr'><strong>tantum,</strong></span> <span class='ocrx_word' id='word_1_32' title='bbox 977 1486 1016 1555; x_wconf 92' lang='lat' dir='ltr'><strong>et</strong></span> <span class='ocrx_word' id='word_1_33' title='bbox 1039 1499 1114 1555; x_wconf 90' lang='lat' dir='ltr'><strong>non</strong></span> <span class='ocrx_word' id='word_1_34' title='bbox 1140 1480 1265 1554; x_wconf 91' lang='lat' dir='ltr'><strong>multis</strong></span> <span class='ocrx_word' id='word_1_35' title='bbox 1289 1477 1558 1554; x_wconf 80' lang='lat' dir='ltr'><strong>calamitatibus</strong></span> <span class='ocrx_word' id='word_1_36' title='bbox 1583 1482 1659 1551; x_wconf 91' lang='lat' dir='ltr'><strong>ter-</strong></span> 
     </span>
     <span class='ocr_line' id='line_1_6' title="bbox 484 1591 1659 1697; baseline -0.006 -20"><span class='ocrx_word' id='word_1_37' title='bbox 484 1602 643 1678; x_wconf 89' lang='lat' dir='ltr'><strong>minata!</strong></span> <span class='ocrx_word' id='word_1_38' title='bbox 669 1601 714 1675; x_wconf 84' lang='lat' dir='ltr'><strong>Et</strong></span> <span class='ocrx_word' id='word_1_39' title='bbox 737 1599 824 1676; x_wconf 92' lang='lat' dir='ltr'><strong>audi</strong></span> <span class='ocrx_word' id='word_1_40' title='bbox 849 1600 1004 1696; x_wconf 82' lang='lat' dir='ltr'>probam</span> <span class='ocrx_word' id='word_1_41' title='bbox 1020 1591 1058 1694; x_wconf 74' lang='lat'><strong>(⁴)</strong></span> <span class='ocrx_word' id='word_1_42' title='bbox 1073 1626 1082 1674; x_wconf 91' lang='lat'><strong>:</strong></span> <span class='ocrx_word' id='word_1_43' title='bbox 1100 1601 1219 1697; x_wconf 87' lang='lat' dir='ltr'><strong>prima</strong></span> <span class='ocrx_word' id='word_1_44' title='bbox 1236 1599 1409 1694; x_wconf 88' lang='lat' dir='ltr'><strong>tiliarum,</strong></span> <span class='ocrx_word' id='word_1_45' title='bbox 1426 1617 1511 1692; x_wconf 82' lang='lat' dir='ltr'><strong>qum</strong></span> <span class='ocrx_word' id='word_1_46' title='bbox 1528 1603 1659 1674; x_wconf 87' lang='lat' dir='ltr'><strong>vocata</strong></span> 
     </span>
     <span class='ocr_line' id='line_1_7' title="bbox 484 1717 1658 1816; baseline -0.008 -16"><span class='ocrx_word' id='word_1_47' title='bbox 484 1729 541 1800; x_wconf 85' lang='lat' dir='ltr'><strong>est</strong></span> <span class='ocrx_word' id='word_1_48' title='bbox 565 1722 721 1816; x_wconf 82' lang='lat' dir='ltr'><strong>Semele,</strong></span> <span class='ocrx_word' id='word_1_49' title='bbox 749 1719 921 1796; x_wconf 88' lang='lat' dir='ltr'><strong>adamata</strong></span> <span class='ocrx_word' id='word_1_50' title='bbox 949 1722 999 1796; x_wconf 91' lang='lat' dir='ltr'><strong>ab</strong></span> <span class='ocrx_word' id='word_1_51' title='bbox 1029 1721 1121 1797; x_wconf 86' lang='lat' dir='ltr'><strong>love</strong></span> <span class='ocrx_word' id='word_1_52' title='bbox 1149 1741 1236 1796; x_wconf 86' lang='lat' dir='ltr'><strong>cum</strong></span> <span class='ocrx_word' id='word_1_53' title='bbox 1271 1720 1491 1796; x_wconf 82' lang='lat' dir='ltr'><strong>maculasset</strong></span> <span class='ocrx_word' id='word_1_54' title='bbox 1517 1717 1658 1814; x_wconf 81' lang='lat' dir='ltr'><strong>regiam</strong></span> 
     </span>
     <span class='ocr_line' id='line_1_8' title="bbox 484 1831 1659 1938; baseline -0.009 -20"><span class='ocrx_word' id='word_1_55' title='bbox 484 1841 666 1918; x_wconf 88' lang='lat' dir='ltr'><strong>adulterio</strong></span> <span class='ocrx_word' id='word_1_56' title='bbox 678 1831 730 1934; x_wconf 77' lang='lat'>(¹),</span> <span class='ocrx_word' id='word_1_57' title='bbox 747 1859 943 1938; x_wconf 77' lang='lat' dir='ltr'><strong>praegnans</strong></span> <span class='ocrx_word' id='word_1_58' title='bbox 958 1847 1124 1916; x_wconf 84' lang='lat' dir='ltr'><strong>cremata</strong></span> <span class='ocrx_word' id='word_1_59' title='bbox 1148 1845 1215 1916; x_wconf 86' lang='lat' dir='ltr'><strong>est.</strong></span> <span class='ocrx_word' id='word_1_60' title='bbox 1240 1839 1295 1914; x_wconf 83' lang='lat' dir='ltr'><strong>lle</strong></span> <span class='ocrx_word' id='word_1_61' title='bbox 1315 1859 1390 1933; x_wconf 83' lang='lat' dir='ltr'><strong>qua</strong></span> <span class='ocrx_word' id='word_1_62' title='bbox 1409 1836 1496 1932; x_wconf 85' lang='lat' dir='ltr'><strong>quid</strong></span> <span class='ocrx_word' id='word_1_63' title='bbox 1515 1837 1659 1912; x_wconf 80' lang='lat' dir='ltr'><strong>dicatur</strong></span> 
     </span>
     <span class='ocr_line' id='line_1_9' title="bbox 485 1958 1660 2057; baseline -0.004 -20"><span class='ocrx_word' id='word_1_64' title='bbox 485 1962 651 2038; x_wconf 80' lang='lat' dir='ltr'><strong>fabulose</strong></span> <span class='ocrx_word' id='word_1_65' title='bbox 676 1961 827 2036; x_wconf 89' lang='lat' dir='ltr'><strong>habebis</strong></span> <span class='ocrx_word' id='word_1_66' title='bbox 847 1960 1007 2036; x_wconf 88' lang='lat' dir='ltr'><strong>Paradisi</strong></span> <span class='ocrx_word' id='word_1_67' title='bbox 1024 1961 1184 2057; x_wconf 86' lang='lat' dir='ltr'><strong>capitulo</strong></span> <span class='ocrx_word' id='word_1_68' title='bbox 1202 1961 1295 2034; x_wconf 88' lang='lat' dir='ltr'><strong>lllll.</strong></span> <span class='ocrx_word' id='word_1_69' title='bbox 1317 1958 1485 2036; x_wconf 87' lang='lat' dir='ltr'><strong>Secunda</strong></span> <span class='ocrx_word' id='word_1_70' title='bbox 1502 1958 1575 2034; x_wconf 88' lang='lat' dir='ltr'><strong>iilia</strong></span> <span class='ocrx_word' id='word_1_71' title='bbox 1592 1977 1660 2033; x_wconf 85' lang='lat' dir='ltr'><strong>ro·</strong></span> 
     </span>
     <span class='ocr_line' id='line_1_10' title="bbox 484 2078 1662 2178; baseline -0.003 -21"><span class='ocrx_word' id='word_1_72' title='bbox 484 2088 566 2157; x_wconf 82' lang='lat' dir='ltr'><strong>eata</strong></span> <span class='ocrx_word' id='word_1_73' title='bbox 591 2085 648 2156; x_wconf 80' lang='lat' dir='ltr'><strong>est</strong></span> <span class='ocrx_word' id='word_1_74' title='bbox 671 2079 874 2175; x_wconf 67' lang='lat' dir='ltr'><strong>Anthonoe</strong></span> <span class='ocrx_word' id='word_1_75' title='bbox 900 2100 986 2174; x_wconf 83' lang='lat' dir='ltr'><strong>quae</strong></span> <span class='ocrx_word' id='word_1_76' title='bbox 1009 2100 1057 2156; x_wconf 84' lang='lat' dir='ltr'><strong>ex</strong></span> <span class='ocrx_word' id='word_1_77' title='bbox 1081 2079 1235 2155; x_wconf 76' lang='lat' dir='ltr'><strong>Aristaeo</strong></span> <span class='ocrx_word' id='word_1_78' title='bbox 1268 2080 1347 2155; x_wconf 88' lang='lat' dir='ltr'><strong>viro</strong></span> <span class='ocrx_word' id='word_1_79' title='bbox 1376 2079 1505 2178; x_wconf 80' lang='lat' dir='ltr'><strong>genuit</strong></span> <span class='ocrx_word' id='word_1_80' title='bbox 1528 2078 1662 2154; x_wconf 78' lang='lat' dir='ltr'><strong>heleo-</strong></span> 
     </span>
     <span class='ocr_line' id='line_1_11' title="bbox 487 2195 1661 2296; baseline -0.003 -20"><span class='ocrx_word' id='word_1_81' title='bbox 487 2221 573 2277; x_wconf 92' lang='lat' dir='ltr'><strong>nem</strong></span> <span class='ocrx_word' id='word_1_82' title='bbox 600 2199 759 2277; x_wconf 85' lang='lat' dir='ltr'><strong>nobilem</strong></span> <span class='ocrx_word' id='word_1_83' title='bbox 781 2202 971 2296; x_wconf 85' lang='lat' dir='ltr'><strong>juvenem,</strong></span> <span class='ocrx_word' id='word_1_84' title='bbox 996 2200 1060 2295; x_wconf 86' lang='lat' dir='ltr'><strong>qui</strong></span> <span class='ocrx_word' id='word_1_85' title='bbox 1085 2199 1122 2274; x_wconf 89' lang='lat' dir='ltr'><strong>in</strong></span> <span class='ocrx_word' id='word_1_86' title='bbox 1150 2195 1342 2276; x_wconf 85' lang='lat' dir='ltr'><strong>venatione</strong></span> <span class='ocrx_word' id='word_1_87' title='bbox 1365 2200 1548 2276; x_wconf 84' lang='lat' dir='ltr'><strong>laceratus</strong></span> <span class='ocrx_word' id='word_1_88' title='bbox 1567 2203 1661 2275; x_wconf 79' lang='lat' dir='ltr'><strong>esta</strong></span> 
     </span>
     <span class='ocr_line' id='line_1_12' title="bbox 487 2317 1663 2414; baseline -0.007 -17"><span class='ocrx_word' id='word_1_89' title='bbox 487 2319 640 2397; x_wconf 85' lang='lat' dir='ltr'><strong>eanihus</strong></span> <span class='ocrx_word' id='word_1_90' title='bbox 664 2319 741 2394; x_wconf 87' lang='lat' dir='ltr'><strong>suis</strong></span> <span class='ocrx_word' id='word_1_91' title='bbox 766 2319 802 2393; x_wconf 92' lang='lat' dir='ltr'><strong>in</strong></span> <span class='ocrx_word' id='word_1_92' title='bbox 827 2319 948 2394; x_wconf 85' lang='lat' dir='ltr'><strong>torma</strong></span> <span class='ocrx_word' id='word_1_93' title='bbox 979 2319 1100 2414; x_wconf 80' lang='lat' dir='ltr'><strong>cervi3</strong></span> <span class='ocrx_word' id='word_1_94' title='bbox 1134 2319 1234 2414; x_wconf 84' lang='lat' dir='ltr'><strong>quod</strong></span> <span class='ocrx_word' id='word_1_95' title='bbox 1263 2319 1421 2414; x_wconf 86' lang='lat' dir='ltr'><strong>qualiter</strong></span> <span class='ocrx_word' id='word_1_96' title='bbox 1449 2317 1583 2394; x_wconf 79' lang='lat' dir='ltr'><strong>‹leheat</strong></span> <span class='ocrx_word' id='word_1_97' title='bbox 1606 2317 1663 2390; x_wconf 91' lang='lat' dir='ltr'><strong>in·</strong></span> 
     </span>
     <span class='ocr_line' id='line_1_13' title="bbox 489 2437 1660 2537; baseline -0.005 -20"><span class='ocrx_word' id='word_1_98' title='bbox 489 2440 602 2537; x_wconf 74' lang='lat' dir='ltr'><strong>telligi</strong></span> <span class='ocrx_word' id='word_1_99' title='bbox 626 2439 834 2535; x_wconf 84' lang='lat' dir='ltr'><strong>expositum</strong></span> <span class='ocrx_word' id='word_1_100' title='bbox 861 2446 917 2515; x_wconf 84' lang='lat' dir='ltr'><strong>est</strong></span> <span class='ocrx_word' id='word_1_101' title='bbox 941 2459 1053 2534; x_wconf 86' lang='lat' dir='ltr'><strong>supra</strong></span> <span class='ocrx_word' id='word_1_102' title='bbox 1079 2438 1238 2535; x_wconf 87' lang='lat' dir='ltr'><strong>capitulo</strong></span> <span class='ocrx_word' id='word_1_103' title='bbox 1263 2440 1353 2512; x_wconf 87' lang='lat' dir='ltr'><strong>xlll.</strong></span> <span class='ocrx_word' id='word_1_104' title='bbox 1379 2437 1502 2514; x_wconf 85' lang='lat' dir='ltr'><strong>Tertia</strong></span> <span class='ocrx_word' id='word_1_105' title='bbox 1529 2443 1660 2512; x_wconf 85' lang='lat' dir='ltr'><strong>vocata</strong></span> 
     </span>
     <span class='ocr_line' id='line_1_14' title="bbox 489 2558 1663 2657; baseline -0.004 -20"><span class='ocrx_word' id='word_1_106' title='bbox 489 2568 545 2637; x_wconf 86' lang='lat' dir='ltr'><strong>est</strong></span> <span class='ocrx_word' id='word_1_107' title='bbox 561 2560 699 2657; x_wconf 77' lang='lat' dir='ltr'><strong>Agave,</strong></span> <span class='ocrx_word' id='word_1_108' title='bbox 716 2581 801 2653; x_wconf 82' lang='lat' dir='ltr'><strong>quae</strong></span> <span class='ocrx_word' id='word_1_109' title='bbox 822 2580 868 2636; x_wconf 82' lang='lat' dir='ltr'><strong>en</strong></span> <span class='ocrx_word' id='word_1_110' title='bbox 888 2559 1042 2635; x_wconf 85' lang='lat' dir='ltr'><strong>Ethione</strong></span> <span class='ocrx_word' id='word_1_111' title='bbox 1060 2559 1193 2635; x_wconf 90' lang='lat' dir='ltr'><strong>marito</strong></span> <span class='ocrx_word' id='word_1_112' title='bbox 1214 2559 1342 2656; x_wconf 85' lang='lat' dir='ltr'><strong>gennit</strong></span> <span class='ocrx_word' id='word_1_113' title='bbox 1361 2559 1580 2654; x_wconf 89' lang='lat' dir='ltr'><strong>Pentheum,</strong></span> <span class='ocrx_word' id='word_1_114' title='bbox 1597 2558 1663 2654; x_wconf 87' lang='lat' dir='ltr'><strong>qui</strong></span> 
     </span>
     <span class='ocr_line' id='line_1_15' title="bbox 490 2670 1663 2774; baseline -0.004 -18"><span class='ocrx_word' id='word_1_115' title='bbox 490 2679 610 2756; x_wconf 89' lang='lat' dir='ltr'><strong>dictus</strong></span> <span class='ocrx_word' id='word_1_116' title='bbox 629 2685 684 2755; x_wconf 86' lang='lat' dir='ltr'><strong>est</strong></span> <span class='ocrx_word' id='word_1_117' title='bbox 705 2685 828 2754; x_wconf 88' lang='lat' dir='ltr'><strong>rector</strong></span> <span class='ocrx_word' id='word_1_118' title='bbox 843 2670 880 2772; x_wconf 81' lang='lat'><strong>(³)</strong></span> <span class='ocrx_word' id='word_1_119' title='bbox 898 2679 1127 2773; x_wconf 82' lang='lat' dir='ltr'><strong>Thebamm3</strong></span> <span class='ocrx_word' id='word_1_120' title='bbox 1145 2697 1230 2774; x_wconf 84' lang='lat' dir='ltr'><strong>quae</strong></span> <span class='ocrx_word' id='word_1_121' title='bbox 1247 2685 1368 2756; x_wconf 81' lang='lat' dir='ltr'><strong>mater</strong></span> <span class='ocrx_word' id='word_1_122' title='bbox 1393 2699 1480 2754; x_wconf 86' lang='lat' dir='ltr'><strong>eum</strong></span> <span class='ocrx_word' id='word_1_123' title='bbox 1506 2678 1586 2753; x_wconf 88' lang='lat' dir='ltr'><strong>aliis</strong></span> <span class='ocrx_word' id='word_1_124' title='bbox 1602 2697 1663 2752; x_wconf 87' lang='lat' dir='ltr'><strong>so·</strong></span> 
     </span>
     <span class='ocr_line' id='line_1_16' title="bbox 489 2797 1665 2894; baseline -0.003 -18"><span class='ocrx_word' id='word_1_125' title='bbox 489 2800 636 2876; x_wconf 89' lang='lat' dir='ltr'><strong>roribus</strong></span> <span class='ocrx_word' id='word_1_126' title='bbox 660 2799 750 2875; x_wconf 89' lang='lat' dir='ltr'><strong>dum</strong></span> <span class='ocrx_word' id='word_1_127' title='bbox 775 2797 1007 2876; x_wconf 79' lang='lat' dir='ltr'><strong>celebrarent</strong></span> <span class='ocrx_word' id='word_1_128' title='bbox 1031 2799 1208 2875; x_wconf 82' lang='lat' dir='ltr'><strong>sacrificia</strong></span> <span class='ocrx_word' id='word_1_129' title='bbox 1233 2800 1377 2894; x_wconf 86' lang='lat' dir='ltr'><strong>Bacchi,</strong></span> <span class='ocrx_word' id='word_1_130' title='bbox 1403 2804 1533 2875; x_wconf 87' lang='lat' dir='ltr'><strong>contra</strong></span> <span class='ocrx_word' id='word_1_131' title='bbox 1558 2819 1665 2874; x_wconf 83' lang='lat' dir='ltr'><strong>man-</strong></span> 
     </span>
     <span class='ocr_line' id='line_1_17' title="bbox 487 2919 1665 3015; baseline -0.002 -19"><span class='ocrx_word' id='word_1_132' title='bbox 487 2920 616 2996; x_wconf 88' lang='lat' dir='ltr'><strong>datum</strong></span> <span class='ocrx_word' id='word_1_133' title='bbox 641 2926 679 2994; x_wconf 93' lang='lat' dir='ltr'><strong>et</strong></span> <span class='ocrx_word' id='word_1_134' title='bbox 704 2921 931 2996; x_wconf 90' lang='lat' dir='ltr'><strong>voluntatem</strong></span> <span class='ocrx_word' id='word_1_135' title='bbox 957 2919 1031 3014; x_wconf 85' lang='lat' dir='ltr'><strong>lilii,</strong></span> <span class='ocrx_word' id='word_1_136' title='bbox 1051 2920 1167 2996; x_wconf 85' lang='lat' dir='ltr'><strong>semel</strong></span> <span class='ocrx_word' id='word_1_137' title='bbox 1192 2919 1312 3015; x_wconf 88' lang='lat' dir='ltr'><strong>ipsum</strong></span> <span class='ocrx_word' id='word_1_138' title='bbox 1333 2919 1449 2994; x_wconf 91' lang='lat' dir='ltr'><strong>lilium</strong></span> <span class='ocrx_word' id='word_1_139' title='bbox 1475 2919 1665 2995; x_wconf 84' lang='lat' dir='ltr'><strong>lacerave-</strong></span> 
     </span>
     <span class='ocr_line' id='line_1_18' title="bbox 489 3027 1664 3135; baseline -0.003 -21"><span class='ocrx_word' id='word_1_140' title='bbox 489 3044 577 3114; x_wconf 89' lang='lat' dir='ltr'><strong>mnt</strong></span> <span class='ocrx_word' id='word_1_141' title='bbox 602 3045 721 3115; x_wconf 89' lang='lat' dir='ltr'><strong>totum</strong></span> <span class='ocrx_word' id='word_1_142' title='bbox 754 3039 791 3112; x_wconf 88' lang='lat' dir='ltr'><strong>in</strong></span> <span class='ocrx_word' id='word_1_143' title='bbox 824 3039 945 3135; x_wconf 88' lang='lat' dir='ltr'><strong>specie</strong></span> <span class='ocrx_word' id='word_1_144' title='bbox 959 3027 996 3131; x_wconf 76' lang='lat'><strong>(⁸)</strong></span> <span class='ocrx_word' id='word_1_145' title='bbox 1022 3039 1112 3135; x_wconf 82' lang='lat' dir='ltr'><strong>apri.</strong></span> <span class='ocrx_word' id='word_1_146' title='bbox 1143 3037 1261 3114; x_wconf 84' lang='lat' dir='ltr'><strong>liuius</strong></span> <span class='ocrx_word' id='word_1_147' title='bbox 1286 3038 1341 3115; x_wconf 91' lang='lat' dir='ltr'><strong>rei</strong></span> <span class='ocrx_word' id='word_1_148' title='bbox 1366 3039 1503 3116; x_wconf 86' lang='lat' dir='ltr'><strong>veritas</strong></span> <span class='ocrx_word' id='word_1_149' title='bbox 1527 3044 1594 3132; x_wconf 82' lang='lat' dir='ltr'><strong>est,</strong></span> <span class='ocrx_word' id='word_1_150' title='bbox 1621 3044 1664 3112; x_wconf 94' lang='lat' dir='ltr'><strong>ut</strong></span> 
     </span>
     <span class='ocr_line' id='line_1_19' title="bbox 488 3156 1664 3254; baseline -0.004 -20"><span class='ocrx_word' id='word_1_151' title='bbox 488 3158 612 3253; x_wconf 88' lang='lat' dir='ltr'><strong>credo,</strong></span> <span class='ocrx_word' id='word_1_152' title='bbox 639 3158 739 3253; x_wconf 86' lang='lat' dir='ltr'><strong>quod</strong></span> <span class='ocrx_word' id='word_1_153' title='bbox 762 3158 947 3234; x_wconf 79' lang='lat' dir='ltr'><strong>Pentheus</strong></span> <span class='ocrx_word' id='word_1_154' title='bbox 971 3158 1188 3254; x_wconf 86' lang='lat' dir='ltr'><strong>prohibebat</strong></span> <span class='ocrx_word' id='word_1_155' title='bbox 1209 3158 1426 3234; x_wconf 91' lang='lat' dir='ltr'><strong>mulieribus</strong></span> <span class='ocrx_word' id='word_1_156' title='bbox 1449 3178 1559 3233; x_wconf 91' lang='lat' dir='ltr'><strong>usum</strong></span> <span class='ocrx_word' id='word_1_157' title='bbox 1578 3156 1664 3250; x_wconf 82' lang='lat' dir='ltr'><strong>vini,</strong></span> 
     </span>
     <span class='ocr_line' id='line_1_20' title="bbox 491 3277 1664 3374; baseline -0.002 -22"><span class='ocrx_word' id='word_1_158' title='bbox 491 3278 592 3373; x_wconf 87' lang='lat' dir='ltr'><strong>quod</strong></span> <span class='ocrx_word' id='word_1_159' title='bbox 615 3278 702 3352; x_wconf 87' lang='lat' dir='ltr'><strong>olim</strong></span> <span class='ocrx_word' id='word_1_160' title='bbox 730 3278 954 3374; x_wconf 82' lang='lat' dir='ltr'><strong>prohibitum</strong></span> <span class='ocrx_word' id='word_1_161' title='bbox 971 3285 1028 3354; x_wconf 87' lang='lat' dir='ltr'><strong>est</strong></span> <span class='ocrx_word' id='word_1_162' title='bbox 1046 3277 1222 3354; x_wconf 90' lang='lat' dir='ltr'><strong>matronis</strong></span> <span class='ocrx_word' id='word_1_163' title='bbox 1240 3279 1413 3374; x_wconf 87' lang='lat' dir='ltr'><strong>romanis,</strong></span> <span class='ocrx_word' id='word_1_164' title='bbox 1433 3286 1472 3354; x_wconf 88' lang='lat' dir='ltr'><strong>et</strong></span> <span class='ocrx_word' id='word_1_165' title='bbox 1495 3280 1566 3355; x_wconf 88' lang='lat' dir='ltr'><strong>hoc</strong></span> <span class='ocrx_word' id='word_1_166' title='bbox 1585 3277 1664 3354; x_wconf 79' lang='lat' dir='ltr'><strong>vult</strong></span> 
     </span>
     <span class='ocr_line' id='line_1_21' title="bbox 491 3381 1677 3491; baseline 0 -19"><span class='ocrx_word' id='word_1_167' title='bbox 491 3396 615 3472; x_wconf 84' lang='lat' dir='ltr'><strong>(licere</strong></span> <span class='ocrx_word' id='word_1_168' title='bbox 640 3397 740 3491; x_wconf 82' lang='lat' dir='ltr'><strong>quod</strong></span> <span class='ocrx_word' id='word_1_169' title='bbox 772 3397 957 3473; x_wconf 86' lang='lat' dir='ltr'><strong>Pentheus</strong></span> <span class='ocrx_word' id='word_1_170' title='bbox 987 3397 1164 3473; x_wconf 90' lang='lat' dir='ltr'><strong>irridebat</strong></span> <span class='ocrx_word' id='word_1_171' title='bbox 1191 3417 1296 3474; x_wconf 90' lang='lat' dir='ltr'><strong>saera</strong></span> <span class='ocrx_word' id='word_1_172' title='bbox 1330 3399 1474 3474; x_wconf 75' lang='lat' dir='ltr'><strong>bahem.</strong></span> <span class='ocrx_word' id='word_1_173' title='bbox 1500 3398 1571 3474; x_wconf 87' lang='lat' dir='ltr'><strong>Sed</strong></span> <span class='ocrx_word' id='word_1_174' title='bbox 1598 3381 1677 3472; x_wconf 81' lang='lat' dir='ltr'><strong>iboe&#39;</strong></span> 
     </span>
     <span class='ocr_line' id='line_1_22' title="bbox 493 3517 1668 3614; baseline -0.001 -21"><span class='ocrx_word' id='word_1_175' title='bbox 493 3517 609 3593; x_wconf 88' lang='lat' dir='ltr'><strong>semel</strong></span> <span class='ocrx_word' id='word_1_176' title='bbox 621 3517 808 3592; x_wconf 84' lang='lat' dir='ltr'><strong>baeehatae</strong></span> <span class='ocrx_word' id='word_1_177' title='bbox 820 3518 948 3594; x_wconf 86' lang='lat' dir='ltr'><strong>lurore</strong></span> <span class='ocrx_word' id='word_1_178' title='bbox 961 3517 1137 3594; x_wconf 86' lang='lat' dir='ltr'><strong>loemineo</strong></span> <span class='ocrx_word' id='word_1_179' title='bbox 1154 3518 1345 3596; x_wconf 93' lang='lat' dir='ltr'><strong>irruerunt</strong></span> <span class='ocrx_word' id='word_1_180' title='bbox 1362 3519 1399 3593; x_wconf 95' lang='lat' dir='ltr'><strong>in</strong></span> <span class='ocrx_word' id='word_1_181' title='bbox 1416 3539 1517 3614; x_wconf 90' lang='lat' dir='ltr'><strong>eum,</strong></span> <span class='ocrx_word' id='word_1_182' title='bbox 1531 3525 1569 3593; x_wconf 90' lang='lat' dir='ltr'><strong>et</strong></span> <span class='ocrx_word' id='word_1_183' title='bbox 1580 3538 1668 3593; x_wconf 86' lang='lat' dir='ltr'><strong>cru·</strong></span> 
     </span>
     <span class='ocr_line' id='line_1_23' title="bbox 492 3637 1669 3734; baseline -0.001 -21"><span class='ocrx_word' id='word_1_184' title='bbox 492 3637 623 3714; x_wconf 79' lang='lat' dir='ltr'><strong>daliter</strong></span> <span class='ocrx_word' id='word_1_185' title='bbox 647 3643 907 3713; x_wconf 80' lang='lat' dir='ltr'><strong>mactavemnt</strong></span> <span class='ocrx_word' id='word_1_186' title='bbox 932 3638 1140 3734; x_wconf 82' lang='lat' dir='ltr'><strong>incautum3</strong></span> <span class='ocrx_word' id='word_1_187' title='bbox 1166 3639 1266 3732; x_wconf 87' lang='lat' dir='ltr'><strong>quod</strong></span> <span class='ocrx_word' id='word_1_188' title='bbox 1290 3638 1428 3714; x_wconf 89' lang='lat' dir='ltr'><strong>durum</strong></span> <span class='ocrx_word' id='word_1_189' title='bbox 1447 3639 1515 3714; x_wconf 89' lang='lat' dir='ltr'><strong>luit</strong></span> <span class='ocrx_word' id='word_1_190' title='bbox 1538 3638 1586 3713; x_wconf 91' lang='lat' dir='ltr'><strong>ad</strong></span> <span class='ocrx_word' id='word_1_191' title='bbox 1611 3643 1669 3712; x_wconf 86' lang='lat' dir='ltr'><strong>tu·</strong></span> 
     </span>
     <span class='ocr_line' id='line_1_24' title="bbox 493 3751 1668 3852; baseline -0.002 -19"><span class='ocrx_word' id='word_1_192' title='bbox 493 3757 687 3833; x_wconf 91' lang='lat' dir='ltr'><strong>lerandum</strong></span> <span class='ocrx_word' id='word_1_193' title='bbox 706 3757 817 3832; x_wconf 90' lang='lat' dir='ltr'><strong>etiam</strong></span> <span class='ocrx_word' id='word_1_194' title='bbox 839 3764 927 3834; x_wconf 87' lang='lat' dir='ltr'><strong>nato</strong></span> <span class='ocrx_word' id='word_1_195' title='bbox 944 3756 1040 3834; x_wconf 87' lang='lat' dir='ltr'><strong>inter</strong></span> <span class='ocrx_word' id='word_1_196' title='bbox 1057 3759 1244 3834; x_wconf 91' lang='lat' dir='ltr'><strong>miseriam</strong></span> <span class='ocrx_word' id='word_1_197' title='bbox 1260 3751 1309 3852; x_wconf 82' lang='lat'><strong>(⁵).</strong></span> <span class='ocrx_word' id='word_1_198' title='bbox 1328 3759 1399 3852; x_wconf 79' lang='lat' dir='ltr'><strong>Sed</strong></span> <span class='ocrx_word' id='word_1_199' title='bbox 1415 3779 1503 3836; x_wconf 78' lang='lat' dir='ltr'><strong>aere</strong></span> <span class='ocrx_word' id='word_1_200' title='bbox 1518 3759 1668 3835; x_wconf 76' lang='lat' dir='ltr'><strong>dumus:</strong></span> 
     </span>
     <span class='ocr_line' id='line_1_25' title="bbox 494 3865 1669 3972; baseline 0.001 -22"><span class='ocrx_word' id='word_1_201' title='bbox 494 3882 628 3970; x_wconf 88' lang='lat' dir='ltr'><strong>quarta</strong></span> <span class='ocrx_word' id='word_1_202' title='bbox 641 3865 680 3967; x_wconf 80' lang='lat'><strong>(⁶)</strong></span> <span class='ocrx_word' id='word_1_203' title='bbox 705 3873 779 3950; x_wconf 89' lang='lat' dir='ltr'><strong>filia</strong></span> <span class='ocrx_word' id='word_1_204' title='bbox 803 3875 930 3950; x_wconf 73' lang='lat' dir='ltr'><strong>Cadmi</strong></span> <span class='ocrx_word' id='word_1_205' title='bbox 956 3897 1040 3970; x_wconf 86' lang='lat' dir='ltr'><strong>quae</strong></span> <span class='ocrx_word' id='word_1_206' title='bbox 1067 3885 1198 3952; x_wconf 86' lang='lat' dir='ltr'><strong>vocata</strong></span> <span class='ocrx_word' id='word_1_207' title='bbox 1223 3879 1298 3972; x_wconf 88' lang='lat' dir='ltr'><strong>lnu,</strong></span> <span class='ocrx_word' id='word_1_208' title='bbox 1316 3899 1414 3953; x_wconf 84' lang='lat' dir='ltr'><strong>uxor</strong></span> <span class='ocrx_word' id='word_1_209' title='bbox 1428 3877 1669 3971; x_wconf 77' lang='lat' dir='ltr'><strong>Athamantis,</strong></span> 
     </span>
     <span class='ocr_line' id='line_1_26' title="bbox 493 3985 1670 4094; baseline 0.003 -27"><span class='ocrx_word' id='word_1_210' title='bbox 493 3993 558 4088; x_wconf 86' lang='lat' dir='ltr'><strong>qui</strong></span> <span class='ocrx_word' id='word_1_211' title='bbox 583 3991 681 4089; x_wconf 84' lang='lat' dir='ltr'><strong>apud</strong></span> <span class='ocrx_word' id='word_1_212' title='bbox 707 3992 885 4068; x_wconf 87' lang='lat' dir='ltr'><strong>thebanos</strong></span> <span class='ocrx_word' id='word_1_213' title='bbox 909 3993 1068 4069; x_wconf 88' lang='lat' dir='ltr'><strong>hahebat</strong></span> <span class='ocrx_word' id='word_1_214' title='bbox 1093 4014 1228 4070; x_wconf 86' lang='lat' dir='ltr'><strong>numen</strong></span> <span class='ocrx_word' id='word_1_215' title='bbox 1246 4002 1284 4070; x_wconf 91' lang='lat' dir='ltr'><strong>et</strong></span> <span class='ocrx_word' id='word_1_216' title='bbox 1305 3997 1485 4072; x_wconf 88' lang='lat' dir='ltr'><strong>honorem</strong></span> <span class='ocrx_word' id='word_1_217' title='bbox 1506 3997 1604 4094; x_wconf 79' lang='lat' dir='ltr'><strong>regis</strong></span> <span class='ocrx_word' id='word_1_218' title='bbox 1618 3985 1670 4090; x_wconf 82' lang='lat'>(⁷),</span> 
     </span>
     <span class='ocr_line' id='line_1_27' title="bbox 494 4111 1671 4211; baseline 0.003 -24"><span class='ocrx_word' id='word_1_219' title='bbox 494 4111 560 4208; x_wconf 86' lang='lat' dir='ltr'><strong>qui</strong></span> <span class='ocrx_word' id='word_1_220' title='bbox 583 4111 740 4186; x_wconf 81' lang='lat' dir='ltr'><strong>incurrit</strong></span> <span class='ocrx_word' id='word_1_221' title='bbox 764 4119 904 4186; x_wconf 92' lang='lat' dir='ltr'><strong>tantam</strong></span> <span class='ocrx_word' id='word_1_222' title='bbox 929 4113 1165 4210; x_wconf 89' lang='lat' dir='ltr'><strong>dementiam,</strong></span> <span class='ocrx_word' id='word_1_223' title='bbox 1183 4115 1355 4191; x_wconf 86' lang='lat' dir='ltr'><strong>incitante</strong></span> <span class='ocrx_word' id='word_1_224' title='bbox 1371 4116 1469 4191; x_wconf 86' lang='lat' dir='ltr'><strong>iuria</strong></span> <span class='ocrx_word' id='word_1_225' title='bbox 1490 4115 1671 4211; x_wconf 78' lang='lat' dir='ltr'><strong>infernali,</strong></span> 
     </span>
     <span class='ocr_line' id='line_1_28' title="bbox 494 4231 1672 4327; baseline 0.006 -20"><span class='ocrx_word' id='word_1_226' title='bbox 494 4231 594 4327; x_wconf 84' lang='lat' dir='ltr'><strong>quod</strong></span> <span class='ocrx_word' id='word_1_227' title='bbox 619 4231 701 4307; x_wconf 91' lang='lat' dir='ltr'><strong>eius</strong></span> <span class='ocrx_word' id='word_1_228' title='bbox 735 4252 831 4307; x_wconf 83' lang='lat' dir='ltr'><strong>uxor</strong></span> <span class='ocrx_word' id='word_1_229' title='bbox 860 4233 925 4308; x_wconf 89' lang='lat' dir='ltr'><strong>lnu</strong></span> <span class='ocrx_word' id='word_1_230' title='bbox 950 4233 1090 4308; x_wconf 88' lang='lat' dir='ltr'><strong>hahens</strong></span> <span class='ocrx_word' id='word_1_231' title='bbox 1110 4233 1204 4310; x_wconf 89' lang='lat' dir='ltr'><strong>duos</strong></span> <span class='ocrx_word' id='word_1_232' title='bbox 1228 4233 1322 4310; x_wconf 86' lang='lat' dir='ltr'><strong>lilios</strong></span> <span class='ocrx_word' id='word_1_233' title='bbox 1346 4235 1384 4310; x_wconf 94' lang='lat' dir='ltr'><strong>in</strong></span> <span class='ocrx_word' id='word_1_234' title='bbox 1408 4236 1568 4312; x_wconf 90' lang='lat' dir='ltr'><strong>brachiis</strong></span> <span class='ocrx_word' id='word_1_235' title='bbox 1593 4237 1672 4314; x_wconf 86' lang='lat' dir='ltr'><strong>visa</strong></span> 
     </span>
     <span class='ocr_line' id='line_1_29' title="bbox 495 4351 1672 4450; baseline 0.003 -21"><span class='ocrx_word' id='word_1_236' title='bbox 495 4362 551 4430; x_wconf 85' lang='lat' dir='ltr'><strong>est</strong></span> <span class='ocrx_word' id='word_1_237' title='bbox 567 4351 633 4426; x_wconf 84' lang='lat' dir='ltr'><strong>sihi</strong></span> <span class='ocrx_word' id='word_1_238' title='bbox 651 4371 726 4428; x_wconf 90' lang='lat' dir='ltr'><strong>una</strong></span> <span class='ocrx_word' id='word_1_239' title='bbox 743 4354 870 4448; x_wconf 84' lang='lat' dir='ltr'><strong>leaena,</strong></span> <span class='ocrx_word' id='word_1_240' title='bbox 888 4360 927 4429; x_wconf 88' lang='lat' dir='ltr'><strong>et</strong></span> <span class='ocrx_word' id='word_1_241' title='bbox 951 4351 1013 4428; x_wconf 85' lang='lat' dir='ltr'><strong>uhi</strong></span> <span class='ocrx_word' id='word_1_242' title='bbox 1037 4353 1114 4430; x_wconf 86' lang='lat' dir='ltr'><strong>duo</strong></span> <span class='ocrx_word' id='word_1_243' title='bbox 1138 4355 1323 4450; x_wconf 83' lang='lat' dir='ltr'><strong>leunculi3</strong></span> <span class='ocrx_word' id='word_1_244' title='bbox 1343 4356 1427 4433; x_wconf 87' lang='lat' dir='ltr'><strong>ideo</strong></span> <span class='ocrx_word' id='word_1_245' title='bbox 1450 4357 1672 4433; x_wconf 80' lang='lat' dir='ltr'><strong>furibundus</strong></span> 
     </span>
     <span class='ocr_line' id='line_1_30' title="bbox 494 4462 1673 4570; baseline 0.003 -23"><span class='ocrx_word' id='word_1_246' title='bbox 494 4473 617 4548; x_wconf 83' lang='lat' dir='ltr'><strong>iniecit</strong></span> <span class='ocrx_word' id='word_1_247' title='bbox 642 4492 795 4547; x_wconf 90' lang='lat' dir='ltr'><strong>manum</strong></span> <span class='ocrx_word' id='word_1_248' title='bbox 811 4462 849 4566; x_wconf 56' lang='grc' dir='ltr'><strong>θ’)</strong></span> <span class='ocrx_word' id='word_1_249' title='bbox 874 4474 910 4548; x_wconf 95' lang='lat' dir='ltr'><strong>in</strong></span> <span class='ocrx_word' id='word_1_250' title='bbox 936 4474 1095 4550; x_wconf 89' lang='lat' dir='ltr'><strong>alterum</strong></span> <span class='ocrx_word' id='word_1_251' title='bbox 1127 4474 1300 4570; x_wconf 90' lang='lat' dir='ltr'><strong>liliorum,</strong></span> <span class='ocrx_word' id='word_1_252' title='bbox 1332 4478 1394 4552; x_wconf 86' lang='lat' dir='ltr'><strong>eui</strong></span> <span class='ocrx_word' id='word_1_253' title='bbox 1424 4496 1561 4554; x_wconf 88' lang='lat' dir='ltr'><strong>nomen</strong></span> <span class='ocrx_word' id='word_1_254' title='bbox 1592 4485 1673 4554; x_wconf 92' lang='lat' dir='ltr'><strong>erat</strong></span> 
     </span>
     <span class='ocr_line' id='line_1_31' title="bbox 495 4593 1675 4692; baseline 0.003 -24"><span class='ocrx_word' id='word_1_255' title='bbox 495 4593 668 4687; x_wconf 86' lang='lat' dir='ltr'><strong>hearens,</strong></span> <span class='ocrx_word' id='word_1_256' title='bbox 694 4599 733 4668; x_wconf 92' lang='lat' dir='ltr'><strong>et</strong></span> <span class='ocrx_word' id='word_1_257' title='bbox 756 4593 876 4690; x_wconf 82' lang='lat' dir='ltr'><strong>ipsum</strong></span> <span class='ocrx_word' id='word_1_258' title='bbox 903 4594 1014 4692; x_wconf 85' lang='lat' dir='ltr'><strong>impie</strong></span> <span class='ocrx_word' id='word_1_259' title='bbox 1037 4595 1218 4690; x_wconf 83' lang='lat' dir='ltr'><strong>percussit</strong></span> <span class='ocrx_word' id='word_1_260' title='bbox 1235 4595 1281 4672; x_wconf 87' lang='lat' dir='ltr'><strong>ad</strong></span> <span class='ocrx_word' id='word_1_261' title='bbox 1299 4617 1444 4672; x_wconf 81' lang='lat' dir='ltr'><strong>saxum.</strong></span> <span class='ocrx_word' id='word_1_262' title='bbox 1461 4597 1578 4674; x_wconf 83' lang='lat' dir='ltr'><strong>Mater</strong></span> <span class='ocrx_word' id='word_1_263' title='bbox 1599 4604 1675 4673; x_wconf 90' lang='lat' dir='ltr'><strong>ter·</strong></span> 
     </span>
    </p>
   </div>
   <div class='ocr_carea' id='block_1_3' title="bbox 558 4777 839 4840">
    <p class='ocr_par' dir='ltr' id='par_1_3' title="bbox 558 4777 839 4840">
     <span class='ocr_line' id='line_1_32' title="bbox 558 4777 839 4840; baseline 0.018 -14"><span class='ocrx_word' id='word_1_264' title='bbox 558 4777 585 4838; x_wconf 80' lang='lat' dir='ltr'><strong>t&#39;)</strong></span> <span class='ocrx_word' id='word_1_265' title='bbox 601 4777 633 4827; x_wconf 83' lang='grc' dir='ltr'><strong>Β.</strong></span> <span class='ocrx_word' id='word_1_266' title='bbox 649 4778 839 4840; x_wconf 78' lang='lat' dir='ltr'><strong>probationem.</strong></span> 
     </span>
    </p>
   </div>
   <div class='ocr_carea' id='block_1_4' title="bbox 558 4848 1447 5072">
    <p class='ocr_par' dir='ltr' id='par_1_4' title="bbox 558 4848 1447 5072">
     <span class='ocr_line' id='line_1_33' title="bbox 559 4848 1368 4922; baseline 0.012 -21"><span class='ocrx_word' id='word_1_267' title='bbox 559 4848 587 4912; x_wconf 65' lang='grc' dir='ltr'><strong>ε’)</strong></span> <span class='ocrx_word' id='word_1_268' title='bbox 602 4850 629 4902; x_wconf 77' lang='grc' dir='ltr'><strong>Β.</strong></span> <span class='ocrx_word' id='word_1_269' title='bbox 644 4853 783 4915; x_wconf 79' lang='lat' dir='ltr'><strong>adulterio,</strong></span> <span class='ocrx_word' id='word_1_270' title='bbox 800 4861 916 4908; x_wconf 71' lang='lat' dir='ltr'><strong>ammata</strong></span> <span class='ocrx_word' id='word_1_271' title='bbox 931 4862 979 4909; x_wconf 78' lang='lat' dir='ltr'><strong>ert.</strong></span> <span class='ocrx_word' id='word_1_272' title='bbox 996 4857 1034 4908; x_wconf 85' lang='lat' dir='ltr'><strong>lle</strong></span> <span class='ocrx_word' id='word_1_273' title='bbox 1048 4870 1101 4922; x_wconf 78' lang='lat' dir='ltr'><strong>qur</strong></span> <span class='ocrx_word' id='word_1_274' title='bbox 1116 4857 1240 4922; x_wconf 73' lang='lat' dir='ltr'><strong>quleqnlrl</strong></span> <span class='ocrx_word' id='word_1_275' title='bbox 1257 4858 1368 4910; x_wconf 78' lang='lat' dir='ltr'><strong>dicatur.</strong></span> 
     </span>
     <span class='ocr_line' id='line_1_34' title="bbox 558 4925 1447 4996; baseline 0.009 -19"><span class='ocrx_word' id='word_1_276' title='bbox 558 4925 586 4990; x_wconf 84' lang='lat'><strong>(¹)</strong></span> <span class='ocrx_word' id='word_1_277' title='bbox 601 4927 628 4978; x_wconf 80' lang='lat' dir='ltr'><strong>S.</strong></span> <span class='ocrx_word' id='word_1_278' title='bbox 644 4940 691 4978; x_wconf 77' lang='lat' dir='ltr'><strong>rer</strong></span> <span class='ocrx_word' id='word_1_279' title='bbox 707 4929 867 4982; x_wconf 78' lang='lat' dir='ltr'><strong>Thebarum.</strong></span> <span class='ocrx_word' id='word_1_280' title='bbox 941 4934 968 4995; x_wconf 79' lang='grc'><strong>(·)</strong></span> <span class='ocrx_word' id='word_1_281' title='bbox 985 4937 1040 4990; x_wconf 80' lang='lat' dir='ltr'><strong>tlt.</strong></span> <span class='ocrx_word' id='word_1_282' title='bbox 1056 4933 1159 4984; x_wconf 70' lang='lat' dir='ltr'><strong>torma·</strong></span> <span class='ocrx_word' id='word_1_283' title='bbox 1230 4933 1258 4996; x_wconf 58' lang='grc' dir='ltr'><strong>Γ)</strong></span> <span class='ocrx_word' id='word_1_284' title='bbox 1274 4933 1306 4986; x_wconf 83' lang='lat' dir='ltr'><strong>B.</strong></span> <span class='ocrx_word' id='word_1_285' title='bbox 1322 4935 1447 4986; x_wconf 71' lang='lat' dir='ltr'><strong>rnlrerlm.</strong></span> 
     </span>
     <span class='ocr_line' id='line_1_35' title="bbox 558 5003 1254 5072; baseline 0.007 -19"><span class='ocrx_word' id='word_1_286' title='bbox 558 5003 586 5064; x_wconf 60' lang='grc' dir='ltr'><strong>θ)</strong></span> <span class='ocrx_word' id='word_1_287' title='bbox 604 5006 659 5064; x_wconf 75' lang='grc' dir='ltr'><strong>ΙΝ,</strong></span> <span class='ocrx_word' id='word_1_288' title='bbox 673 5007 767 5067; x_wconf 71' lang='lat' dir='ltr'><strong>runnu</strong></span> <span class='ocrx_word' id='word_1_289' title='bbox 782 5005 896 5057; x_wconf 81' lang='lat' dir='ltr'><strong>hlirrurn</strong></span> <span class='ocrx_word' id='word_1_290' title='bbox 911 5007 1009 5070; x_wconf 68' lang='lat' dir='ltr'><strong>utini,</strong></span> <span class='ocrx_word' id='word_1_291' title='bbox 1024 5021 1083 5072; x_wconf 71' lang='lat' dir='ltr'><strong>qun</strong></span> <span class='ocrx_word' id='word_1_292' title='bbox 1100 5012 1190 5060; x_wconf 74' lang='lat' dir='ltr'><strong>voerta</strong></span> <span class='ocrx_word' id='word_1_293' title='bbox 1205 5013 1254 5059; x_wconf 76' lang='lat' dir='ltr'><strong>est.</strong></span> 
     </span>
    </p>
   </div>
   <div class='ocr_carea' id='block_1_5' title="bbox 559 5079 1535 5240">
    <p class='ocr_par' dir='ltr' id='par_1_5' title="bbox 559 5079 1535 5240">
     <span class='ocr_line' id='line_1_36' title="bbox 559 5079 1426 5148; baseline 0.008 -17"><span class='ocrx_word' id='word_1_294' title='bbox 559 5079 587 5142; x_wconf 69' lang='grc' dir='ltr'><strong>Γ)</strong></span> <span class='ocrx_word' id='word_1_295' title='bbox 602 5079 634 5132; x_wconf 80' lang='grc' dir='ltr'><strong>Β.</strong></span> <span class='ocrx_word' id='word_1_296' title='bbox 650 5081 727 5146; x_wconf 56' lang='lat' dir='ltr'><strong>regia</strong></span> <span class='ocrx_word' id='word_1_297' title='bbox 744 5081 856 5136; x_wconf 77' lang='lat' dir='ltr'><strong>inrumit</strong></span> <span class='ocrx_word' id='word_1_298' title='bbox 871 5085 898 5136; x_wconf 94' lang='lat' dir='ltr'><strong>ln</strong></span> <span class='ocrx_word' id='word_1_299' title='bbox 914 5089 1020 5136; x_wconf 73' lang='lat' dir='ltr'><strong>tantam.</strong></span> <span class='ocrx_word' id='word_1_300' title='bbox 1231 5085 1260 5148; x_wconf 64' lang='grc' dir='ltr'><strong>Ρ)</strong></span> <span class='ocrx_word' id='word_1_301' title='bbox 1276 5086 1308 5137; x_wconf 87' lang='lat' dir='ltr'><strong>ll.</strong></span> <span class='ocrx_word' id='word_1_302' title='bbox 1324 5099 1426 5138; x_wconf 72' lang='lat' dir='ltr'><strong>manua</strong></span> 
     </span>
     <span class='ocr_line' id='line_1_37' title="bbox 629 5187 1535 5240; baseline 0.008 -8"><span class='ocrx_word' id='word_1_303' title='bbox 629 5187 660 5232; x_wconf 86' lang='lat' dir='ltr'><strong>tt.</strong></span> <span class='ocrx_word' id='word_1_304' title='bbox 1508 5197 1535 5240; x_wconf 71' lang='lat' dir='ltr'><strong>ll</strong></span> 
     </span>
    </p>
   </div>
   <div class='ocr_carea' id='block_1_6' title="bbox 0 0 2301 6836">
    <p class='ocr_par' dir='ltr' id='par_1_6' title="bbox 0 0 2301 6836">
     <span class='ocr_line' id='line_1_38' title="bbox 0 0 2301 6836; baseline 0 0"><span class='ocrx_word' id='word_1_305' title='bbox 0 0 2301 6836; x_wconf 95' lang='lat' dir='ltr'><strong> </strong></span> 
     </span>
    </p>
   </div>
  </div>
 </body>
</html>
