4526 6836
717 952 855 1008 caurus
880 952 1037 1010 neamus
1060 951 1230 1008 maurus.
1515 945 1560 1010 21
1625 921 1627 924 ’

392 1099 455 1194 qui
481 1099 660 1196 regnabat
683 1099 721 1173 in
746 1098 865 1174 insula
890 1095 989 1174 Clrio.
1017 1097 1159 1194 lsiplrile
1182 1118 1274 1197 ergo
1298 1097 1441 1196 lugiens
1466 1098 1560 1174 iram

389 1219 626 1295 laminarum
642 1211 677 1311 (¹)
704 1219 924 1294 indutarum
951 1219 1099 1296 recessit
1124 1218 1272 1314 furtive,
1289 1225 1327 1296 et
1349 1220 1475 1294 volens
1499 1239 1563 1294 ao-

389 1341 521 1416 oedere
545 1340 592 1415 ad
622 1346 765 1436 patrem
800 1348 906 1437 capta
935 1347 991 1416 est
1023 1360 1046 1414 a
1075 1331 1252 1437 piratis(¹)
1289 1346 1326 1415 et
1356 1344 1500 1435 portatu
1524 1338 1562 1412 iu

390 1469 508 1538 terras
532 1459 734 1554 Thessaliae,
758 1459 804 1535 de
820 1460 928 1534 cuius
954 1459 1109 1534 mirabili
1129 1461 1277 1536 iortuna
1293 1459 1436 1534 dicetur
1453 1461 1561 1556 plene

390 1581 595 1678 Purgalorii
625 1580 784 1676 capitulo
809 1580 932 1654 XXVI.
964 1582 1069 1655 Nunc
1097 1580 1144 1656 ad
1174 1579 1317 1656 literam
1343 1579 1436 1674 dieo,
1463 1578 1561 1674 quod

391 1709 500 1778 autor
516 1702 632 1800 tangil
650 1701 846 1798 malignam
864 1701 1164 1798 ingratitudinem
1180 1701 1320 1776 lasonis
1332 1708 1461 1778 contra
1478 1721 1563 1776 mu·

391 1823 518 1898 liorem
544 1823 639 1898 hene
662 1822 709 1897 de
734 1841 774 1895 se
799 1821 982 1916 meritam,
1004 1822 1147 1897 dicens:
1165 1825 1235 1913 elli,
1252 1822 1344 1898 idest
1362 1822 1422 1898 ille
1439 1823 1560 1917 lason,

388 1937 495 2038 pussd
514 1963 583 2036 per
607 1944 794 2017 recludi
817 1947 948 2034 hono,
974 1943 1064 2018 dum
1082 1943 1153 2018 iret
1169 1943 1216 2020 ad
1231 1933 1269 2036 (³)
1293 1943 1560 2038 anquirendum

390 2064 522 2160 pellem
547 2064 767 2160 inauratam,
793 2070 835 2137 ut
859 2063 944 2139 dicit
969 2064 1118 2160 Tullius,
1134 2067 1196 2156 poi
1211 2067 1270 2138 cle
1294 2068 1326 2138 lc
1346 2067 1474 2159 semera
1496 2085 1561 2138 or·

389 2189 467 2280 dile,
497 2188 649 2278 perae,
675 2185 750 2260 imo
775 2185 1014 2280 daemoniatae,
1041 2185 1223 2281 spiritate,
1249 2187 1364 2260 donee
1396 2206 1422 2258 o
1451 2194 1562 2260 morte

390 2309 463 2380 ortt
486 2309 512 2380 e·
535 2307 667 2380 mureti
690 2307 769 2380 loro
792 2327 811 2380 e
835 2298 993 2397 inpoond
1017 2308 1077 2398 lei,
1102 2305 1237 2382 seilicet
1261 2307 1298 2380 in
1323 2307 1418 2382 dicta
1442 2307 1560 2386 insula

389 2425 500 2522 impie
524 2432 562 2500 et
586 2426 739 2522 ingrate,
765 2427 870 2520 leitila
894 2427 931 2498 tu
955 2428 1149 2518 ptooerreltu
1173 2414 1239 2500 oon
1263 2429 1362 2518 sepe
1378 2448 1397 2501 e
1412 2447 1479 2500 oon
1492 2449 1561 2522 pn-

388 2553 465 2622 rele
481 2555 620 2639 mooe,
636 2547 830 2622 osteudens
847 2546 896 2620 illi
914 2546 1016 2644 signa
1033 2545 1233 2622 dilectionis
1259 2554 1296 2623 et
1319 2547 1457 2624 amoris
1473 2567 1560 2624 eum

390 2669 512 2744 verbis
528 2667 669 2743 blandis
685 2668 866 2763 eoloratis,
883 2667 971 2762 quia
987 2668 1056 2743 luit
1071 2667 1224 2743 affabilis
1242 2669 1414 2764 multum,
1431 2671 1561 2764 quales

388 2795 475 2864 sunt
504 2787 751 2864 communiter
781 2788 904 2886 greci,
935 2791 995 2862 cle
1019 2791 1108 2882 prta
1137 2809 1227 2864 oceo
1258 2792 1450 2880 innaturale
1482 2797 1561 2866 aare

390 2913 527 3000 l'oltre,
552 2905 687 2985 scilicet
717 2909 905 3004 liberando
933 2915 1077 3004 patrem
1106 2929 1229 2984 suum.
1256 2909 1300 2982 lll
1328 2917 1506 3008 aggravat
1521 2900 1557 3004 (⁸)
1664 2965 1668 2973 ,

390 3031 563 3106 delictum
589 3051 698 3105 suum
724 3029 871 3106 dicens:
897 3031 1041 3104 loesollo
1070 3033 1164 3122 pretet
1190 3033 1346 3122 macida
1375 3051 1394 3106 e
1422 3034 1559 3122 solatio,

391 3152 469 3228 sine
492 3157 598 3246 patre
623 3151 680 3224 vel
704 3150 830 3246 tratre,
857 3149 915 3226 vel
945 3149 1017 3225 alio
1047 3156 1172 3226 tutore
1196 3150 1369 3248 legitimo,
1395 3152 1558 3228 odiosam

391 3271 561 3348 omnibus
585 3269 743 3346 imminis
767 3270 853 3366 suis,
871 3278 909 3346 et
933 3271 1034 3347 ideo:
1055 3273 1107 3344 tut
1120 3273 1236 3362 colpe,
1255 3269 1390 3346 scilieet
1410 3277 1486 3346 tam
1504 3271 1560 3346 u'-

390 3392 443 3488 lis,
469 3395 657 3466 condomae
682 3393 731 3466 lui
754 3413 779 3465 o
795 3395 847 3466 lul
861 3397 1024 3484 metro,
1041 3391 1177 3468 scilicet
1194 3390 1240 3468 ad
1262 3399 1337 3468 tam
1354 3391 1463 3468 vilem
1481 3411 1561 3488 pm-

390 3533 495 3607 nam;
521 3518 559 3586 et
582 3511 681 3587 addit
700 3511 889 3608 Virgilius:
907 3521 941 3586 et
959 3531 1049 3586 unco
1068 3515 1107 3586 dt
1123 3514 1247 3587 lledeo
1269 3515 1302 3585 si
1322 3516 1365 3608 so
1390 3515 1559 3604 demeum

390 3633 493 3730 quasi
518 3632 631 3707 dicat:
649 3651 722 3706 nou
739 3632 858 3706 solum
876 3653 943 3728 pro
961 3631 1103 3728 lsiphile
1119 3632 1171 3706 sic
1186 3632 1352 3728 punitur,
1368 3633 1432 3708 sed
1448 3633 1558 3708 etiam

389 3751 616 3851 pradellae,
642 3771 755 3846 mam
781 3752 947 3828 similiter
973 3752 1116 3848 ingrate
1128 3743 1165 3845 (⁵)
1184 3753 1350 3850 prodidit.
1369 3753 1412 3827 lit
1431 3753 1476 3828 ad
1503 3753 1560 3827 iu·

389 3873 624 3971 lolligeutiam
650 3871 760 3946 huius
785 3872 900 3950 literae
917 3873 1001 3948 vole
1027 3879 1064 3948 te
1089 3873 1184 3948 bene
1201 3879 1331 3948 notare
1347 3873 1447 3968 quod
1462 3873 1558 3948 istud

389 3995 457 4069 luit
472 4013 603 4069 verum
623 3993 792 4069 historice
808 3993 1003 4089 loquendo,
1022 3994 1121 4088 quod
1139 4014 1274 4090 magna
1291 3994 1447 4070 vindicta
1464 3996 1558 4070 lacta

389 4114 458 4188 luit
480 4114 527 4189 de
551 4115 682 4189 lasoue
707 4114 744 4188 in
769 4113 863 4207 vila3
889 4113 977 4208 quia
1002 4113 1032 4186 si
1057 4114 1167 4188 lason
1184 4113 1381 4190 crudeliter
1402 4114 1559 4210 prodidit

388 4235 563 4330 lledeam,
589 4235 665 4330 ipsa
690 4233 875 4309 crudelius
890 4221 927 4325 (⁰)
953 4232 1134 4308 interiecit
1158 4232 1224 4307 sibi
1251 4233 1352 4327 lilios,
1371 4239 1408 4308 et
1432 4241 1558 4329 postea

388 4355 637 4432 crudelissime
662 4353 873 4430 interiectus
898 4359 954 4429 est
987 4374 1010 4428 a
1034 4353 1126 4428 suis.
1154 4353 1350 4428 Sciendum
1375 4361 1431 4429 est
1455 4376 1558 4452 ergo,

387 4475 486 4570 quod
511 4477 619 4552 lason
645 4475 760 4551 victor
784 4474 890 4549 aurei
915 4474 1060 4550 velleris
1078 4493 1250 4550 reversus
1266 4494 1352 4550 oum
1371 4475 1496 4550 lledea
1522 4476 1558 4552 iu

388 4595 663 4692 patriam,illam
677 4594 816 4690 expulit
828 4595 876 4670 ob
888 4613 1056 4671 amorem
1069 4594 1237 4688 alterius3
1251 4595 1314 4670 sed
1332 4594 1409 4690 ipse
1420 4603 1558 4692 postea,

387 4717 562 4814 expulsus
578 4715 626 4792 de
642 4735 758 4812 reguo
782 4737 804 4790 a
829 4714 904 4790 suis
926 4715 1205 4812 consanguineis
1222 4715 1303 4790 liliis
1323 4715 1421 4813 regis
1438 4717 1557 4811 Pelio,

448 4949 476 5007 l'l
492 4946 523 4996 B.
539 4946 706 4998 immlmrum
721 4947 836 4999 meent.
962 4944 991 5009 (¹)
1008 4947 1038 4998 E.
1055 4961 1069 4997 a
1085 4947 1175 5010 piratio
1192 4947 1339 5005 Thulin,
1357 4947 1389 4996 de
1406 4945 1488 4996 cuins.

449 5021 475 5084 (ἢ
491 5023 522 5073 Ε.
537 5023 569 5073 ad
585 5023 762 5087 temnendum
779 5024 873 5089 pellem
890 5029 1015 5085 annum,
1032 5024 1102 5076 dlell.
1288 5023 1315 5087 (¹)
1330 5023 1356 5075 S.
1373 5035 1522 5088 aggravans.

448 5099 475 5164 ll
491 5099 522 5152 R·
539 5101 576 5152 llo
590 5100 699 5166 intrate
960 5099 987 5162 ι’)
1003 5101 1034 5153 R
1050 5101 1191 5154 modelller
1207 5099 1420 5154 murmurillo·
1435 5113 1504 5152 moa
