4526 6836
725 961 863 1018 muros
887 959 1045 1016 munus
1067 959 1198 1014 nonus
1392 923 1394 930 ⁴
1502 947 1546 1014 51

379 1105 537 1201 sivein3
561 1103 753 1181 iden'veni
776 1103 825 1180 ed
850 1111 897 1198 te,
923 1111 961 1179 et
985 1104 1016 1178 si
1044 1096 1278 1199 promittisd)
1311 1102 1400 1176 mihi
1429 1102 1552 1182 noere

379 1226 528 1323 gradus,
551 1246 646 1322 qnns
670 1231 806 1322 potem
831 1224 962 1300 mcinm
989 1223 1053 1298 ubi
1078 1223 1190 1298 istum
1219 1221 1416 1319 honorem3
1441 1224 1551 1300 etad

381 1348 495 1422 robur
518 1345 604 1422 dicti
627 1346 686 1420 mi
710 1346 886 1422 continuo
906 1344 1063 1420 ostendit
1077 1344 1146 1420 sibi
1164 1345 1296 1420 literas.
1316 1345 1418 1420 Tunc
1433 1343 1551 1420 Vnsco

378 1467 533 1564 cupidus
548 1487 707 1542 summe
722 1465 915 1564 dignitatis,
928 1465 1034 1560 qussi
1051 1465 1276 1560 stupeinons
1289 1465 1437 1562 gando,
1449 1466 1552 1563 deje-

380 1587 428 1662 cit
452 1607 493 1662 se
515 1587 564 1662 nd
592 1587 704 1682 pedes
733 1585 841 1682 regis,
865 1591 905 1660 et
934 1585 1042 1660 dixit:
1074 1585 1231 1661 Domine
1262 1586 1324 1680 mi,
1357 1607 1456 1662 nuno
1485 1607 1551 1662 co-

379 1726 528 1804 qnoeco,
554 1705 653 1800 qnod
678 1705 795 1802 diligis
820 1725 882 1780 me
905 1705 1101 1800 plusquam
1127 1705 1314 1790 hominem
1347 1707 1487 1801 mnndi,
1513 1713 1550 1784 et

383 1829 437 1902 sis
462 1827 616 1902 reddere
640 1825 730 1900 mihi
754 1825 894 1900 honum
921 1845 988 1920 pro
1010 1825 1128 1920 mnin3
1149 1833 1256 1900 nrum
1273 1845 1365 1922 ergo
1381 1833 1437 1900 est
1454 1847 1550 1921 prae-

380 1948 515 2043 oipere
536 1967 663 2022 meum
680 1952 808 2022 auten
833 1965 976 2041 perere.
1002 1946 1083 2020 Rex
1107 1946 1228 2020 erexit
1249 1965 1351 2040 eum,
1377 1953 1415 2021 et
1438 1967 1550 2024 oscu-

380 2070 454 2144 tsto
485 2067 563 2164 ipso
594 2087 663 2162 per
695 2086 752 2160 os,
780 2064 894 2140 dixit:
927 2065 991 2140 tie
1026 2071 1114 2140 sunt
1146 2066 1287 2162 gretie,
1319 2087 1412 2160 quas
1443 2068 1548 2143 roto:

379 2187 515 2282 Pn'mo,
541 2186 640 2282 quod
667 2184 961 2262 recommunines
985 2203 1048 2258 me
1072 2185 1233 2280 periente
1246 2177 1284 2278 (²)
1311 2186 1485 2281 ecclesie,
1511 2193 1549 2262 et

380 2308 543 2385 remittes
566 2306 707 2382 isdum
733 2289 985 2402 perpetratum
1012 2304 1049 2378 in
1074 2304 1313 2400 Boniteoium,
1338 2312 1376 2380 et
1401 2305 1549 2380 recom-

382 2427 548 2504 munices
573 2446 636 2499 me
659 2431 698 2500 et
721 2443 826 2500 meos
849 2443 1038 2518 sequaces.
1055 2421 1236 2519 Secundo,
1253 2424 1353 2518 quod
1368 2425 1547 2499 concedes

379 2547 479 2641 mihi,
496 2552 536 2621 et
558 2546 674 2620 dones
692 2544 853 2620 decimes
875 2543 979 2640 regni
994 2563 1062 2640 per
1077 2543 1371 2638 quinquennium
1397 2543 1434 2616 in
1460 2545 1549 2617 sub-

378 2668 509 2744 sidium
535 2685 795 2760 expensnmuq
816 2684 910 2760 ques
933 2662 1010 2739 ieci·
1028 2663 1066 2738 in
1091 2663 1187 2738 bciio
1206 2663 1394 2738 Finndriae.
1414 2663 1548 2756 Tertio,

377 2787 478 2882 quod
507 2786 642 2861 debens
674 2783 865 2860 destruere
893 2789 933 2858 et
958 2784 1153 2860 nouudnrc
1184 2784 1404 2859 memmium
1439 2783 1549 2858 Boni·

280 2989 285 2998 ,
378 2907 470 2983 fecii.
504 2907 656 3000 Qrmrto,
688 2904 789 2999 quod
823 2903 953 2979 reddas
986 2903 1250 2980 cardinalatum
1266 2895 1304 2997 (³)
1341 2905 1475 2980 Iacobo
1511 2910 1548 2980 et

378 3029 486 3102 Petro
510 3025 557 3100 de
575 3025 767 3100 Columna„
783 3023 932 3119 Quinto,
949 3022 1049 3118 quod
1069 3024 1237 3098 destrues
1253 3024 1418 3100 ordinem
1438 3027 1548 3100 Tern-

376 3146 589 3242 puriorum.
623 3144 773 3220 Sextum
804 3143 962 3240 qratiam
993 3131 1156 3235 servod)
1187 3143 1276 3218 mihi
1309 3142 1355 3218 ad
1389 3151 1546 3240 tempus.

376 3263 675 3360 Archiepiocopus
688 3253 725 3355 (⁵)
747 3262 888 3358 jnrnvit
912 3281 1024 3357 super
1047 3281 1183 3357 corpus
1210 3262 1342 3338 Christi
1371 3263 1494 3338 omnia
1509 3253 1546 3354 i‘)

376 3385 515 3478 incerc3
540 3390 579 3458 et
602 3383 700 3458 nitra
725 3384 795 3458 hoc
820 3381 919 3456 dedit
941 3381 1010 3456 sibi
1032 3381 1070 3456 in
1090 3381 1235 3457 obsides
1254 3401 1372 3456 unum
1394 3382 1546 3458 iretrem

375 3523 500 3597 suum,
516 3510 554 3578 et
577 3501 671 3577 duos
695 3507 865 3596 nepotem
890 3507 929 3576 et
959 3521 1026 3576 rex
1046 3501 1188 3596 jurarit
1211 3501 1299 3576 cunr
1326 3502 1449 3578 iecere
1481 3523 1548 3598 pn·

376 3645 471 3719 pem.
498 3623 574 3698 tion
598 3621 693 3696 iacto
719 3630 963 3715 recesserunt,
988 3627 1026 3696 et
1056 3639 1123 3696 rex
1149 3620 1254 3696 duxit
1278 3641 1406 3698 secum
1431 3622 1548 3698 dictos

374 3744 518 3821 obsides
539 3742 611 3818 sub
635 3742 761 3816 notore
789 3741 939 3835 amoris,
965 3751 1009 3818 ut
1038 3742 1290 3818 reconciliaret
1320 3763 1385 3818 eos
1415 3743 1547 3818 Ceroio

376 3863 479 3939 tratri
503 3883 582 3938 sun
610 3862 654 3936 Et
680 3881 851 3937 resersus
876 3860 1048 3956 Parisino,
1069 3861 1193 3937 statim
1219 3863 1401 3960 rescripsit
1420 3864 1546 3940 cerdi-

376 3983 448 4060 unli
471 3983 519 4058 de
541 3984 653 4058 Proto
676 3988 716 4058 et
739 3981 868 4056 amicis
892 3981 940 4056 de
963 3989 1069 4077 perte
1092 4001 1173 4075 sun,
1199 3984 1299 4077 quod
1324 3979 1457 4060 secnre
1481 3985 1547 4060 eii·

375 4109 506 4200 gerent
529 4102 718 4177 domiuum
744 4100 1006 4197 Rnymundum
1028 4101 1065 4174 in
1084 4121 1218 4196 popam
1242 4113 1433 4198 umquem
1460 4125 1547 4200 per·

376 4221 700 4298 cenomanicum.
713 4222 759 4295 Et
770 4220 823 4294 sic
836 4219 1023 4316 trigesimo
1035 4207 1073 4312 C)
1090 4221 1218 4320 quinto
1233 4220 1293 4298 die
1310 4224 1546 4318 responsione

375 4342 480 4436 tecte,
506 4342 698 4418 candoris
719 4341 768 4416 de
793 4341 903 4414 Proto
926 4360 1016 4416 cum
1041 4360 1223 4416 consenso
1244 4343 1413 4418 omnium
1439 4345 1550 4442 elegit

375 4461 590 4556 predictum
616 4464 768 4557 popum:
787 4468 825 4534 et
846 4466 1008 4554 utraque
1030 4480 1116 4557 pers
1140 4481 1230 4536 oum
1257 4481 1394 4561 magno
1414 4465 1550 4562 gaudio

375 4581 556 4656 mutarit:
588 4587 633 4655 Te
657 4585 770 4655 Mos
792 4581 992 4672 laudumo
1018 4579 1210 4676 ignorante
1240 4589 1345 4678 perte
1366 4574 1548 4661 'Boniiecii

436 4845 463 4904 (¹)
480 4846 534 4905 ns.
550 4847 695 4908 pronum
1063 4842 1091 4906 (⁸)
1109 4847 1163 4904 m,
1180 4859 1228 4908 pto
1245 4846 1328 4898 intre
1341 4849 1469 4901 secus.

434 4918 506 4979 (⁸213.
523 4921 711 4973 curdinohtum
726 4921 838 4973 domimo
852 4921 959 4974 Jsonbn.
1065 4920 1092 4984 (¹)
1108 4925 1164 4981 tit.
1180 4935 1287 4976 reservo
1303 4925 1377 4978 nihi.

435 4996 834 5136 {3532me
1063 4997 1489 5062 Pissmbndiriinrere.
