4534 6842
683 911 753 980 184
1079 923 1282 980 comum
1307 923 1457 980 annuato

680 1070 848 1167 regulam
881 1075 1053 1164 vestram,
1079 1069 1138 1144 rel
1168 1075 1330 1144 sannam
1361 1067 1615 1145 obedientiam.
1630 1071 1846 1162 -Rt'rpose

679 1189 744 1296 llic
768 1195 877 1265 antor
902 1189 1002 1284 ponit
1027 1189 1298 1284 responsionem
1324 1188 1427 1262 istius
1449 1187 1570 1262 lratris
1587 1187 1635 1262 ad
1651 1187 1848 1281 quesitum

679 1308 827 1406 Virgilii,
845 1309 909 1402 qui
933 1309 1040 1383 docet
1064 1309 1184 1404 ipsum
1209 1309 1307 1383 viam
1333 1327 1459 1383 reram
1483 1326 1549 1402 per
1574 1327 1688 1400 quam
1713 1307 1847 1384 debent

679 1429 745 1522 ire,
771 1435 809 1504 et
834 1427 975 1504 reducit
1000 1447 1063 1502 eos
1093 1427 1140 1503 ad
1169 1429 1267 1504 viam
1294 1434 1433 1503 rectam
1463 1448 1487 1500 a
1519 1447 1592 1520 qua
1623 1436 1851 1504 recesserant

679 1569 794 1644 pravo
816 1547 965 1622 consilio
985 1547 1223 1642 llalacaudae3
1241 1553 1278 1622 et
1298 1547 1383 1622 dicit
1399 1546 1560 1622 breviter
1576 1547 1675 1639 quod
1692 1547 1757 1641 ipsi
1770 1561 1848 1622 ‘uon

680 1678 766 1744 sunt
790 1668 898 1763 louge
922 1689 944 1741 a
968 1673 1079 1761 ponte
1103 1668 1266 1763 generali
1292 1667 1355 1761 qui
1380 1666 1502 1760 incipit
1525 1686 1549 1740 a
1574 1665 1748 1761 principio
1772 1668 1848 1743 bla-

679 1787 860 1882 lebulgiae,
874 1791 912 1860 et
924 1792 1022 1860 totus
1035 1787 1176 1884 integer
1191 1787 1281 1883 tegit
1293 1805 1421 1860 omnes
1434 1785 1576 1881 bulgias
1590 1791 1723 1880 praeter
1739 1785 1846 1862 istam

680 1906 844 2004 bulgiam
870 1913 1026 2001 sextam,
1043 1913 1080 1981 et
1095 1927 1162 2001 per
1188 1907 1314 1982 ruinas
1338 1905 1441 1980 istius
1466 1906 1584 2001 pontis
1613 1905 1716 1980 lracti
1745 1912 1848 2001 pote-

680 2026 742 2102 stis
767 2025 923 2100 transire
947 2032 985 2102 et
1009 2027 1111 2102 exire
1136 2026 1228 2101 binc.
1256 2026 1348 2101 Dicit
1372 2047 1465 2123 ergo
1488 2032 1621 2100 autor:
1648 2025 1707 2100 ille
1733 2026 1848 2101 irater

679 2146 884 2239 Catelanus,
901 2148 1049 2237 rispose,
1074 2145 1210 2221 scilicet
1229 2145 1389 2242 Virgilio,
1410 2148 1585 2237 meque,
1615 2144 1711 2219 istud
1735 2143 1846 2241 igitur

678 2287 752 2341 non
782 2270 837 2340 est
862 2263 920 2339 hic
951 2265 1201 2340 conclusivum
1227 2265 1291 2342 sed
1321 2265 1624 2359 continuativum,
1656 2286 1705 2338 un
1733 2285 1848 2358 torro,

678 2385 815 2460 scilicet
838 2385 1010 2478 scopulus
1034 2384 1169 2459 iaciens
1200 2387 1422 2480 pontenano
1451 2387 1484 2458 si
1516 2405 1626 2476 mooe,
1653 2383 1755 2478 idest,
1789 2384 1847 2458 in·
1939 2437 1942 2442 ι

678 2503 773 2598 cipit,
805 2504 854 2576 dn
886 2505 924 2575 to
956 2520 1053 2592 gran
1085 2505 1234 2592 motta,
1263 2501 1366 2595 idest,
1400 2522 1423 2576 a
1454 2501 1572 2596 prima
1606 2521 1739 2598 magua
1772 2502 1847 2578 alta

679 2622 769 2716 ripa,
798 2620 859 2694 ubi
884 2619 1060 2715 incipiunt
1083 2641 1192 2696 arcus
1210 2621 1338 2716 pontis,
1355 2620 1419 2715 qui
1434 2613 1472 2712 (¹)
1497 2619 1631 2695 claudit
1656 2621 1693 2693 in
1718 2639 1758 2694 se
1783 2639 1846 2694 ce-
1964 2651 1967 2656 ·

678 2748 776 2817 teras
802 2740 956 2836 bulgias,
974 2741 1066 2815 sicut
1087 2741 1314 2816 declaratum
1331 2747 1388 2816 est
1403 2761 1526 2835 supra,
1543 2741 1701 2836 capitulo
1719 2741 1845 2834 lllllll;

678 2861 761 2936 ideo
778 2859 897 2934 uicit:
923 2881 942 2932 c
967 2881 1078 2934 oarco
1111 2863 1221 2934 tullii
1245 2863 1362 2934 volbo
1390 2863 1473 2954 sert,
1498 2860 1601 2954 idest,
1626 2879 1754 2936 omues
1783 2860 1848 2936 de·

678 3001 759 3056 cem
786 2980 939 3076 bulgias,
966 2980 1052 3074 quia
1078 2979 1173 3054 istud
1190 2991 1328 3054 'saxum
1354 2979 1438 3056 lacit
1453 2999 1564 3074 super
1582 2979 1743 3075 singulas
1765 2979 1849 3054 bul·
1893 2981 1901 3000 '

677 3099 755 3197 gius
771 3119 882 3174 suum
898 3119 1040 3193 arcum,
1055 3100 1118 3195 qui
1139 3099 1338 3174 continuati
1354 3105 1440 3172 sunt
1456 3117 1586 3173 omnes
1604 3097 1736 3194 integri
1753 3119 1850 3194 pre·

678 3225 735 3294 tar
770 3219 881 3292 istum
915 3219 1017 3292 istius
1048 3217 1183 3314 bulgiae
1216 3224 1347 3313 sextae3
1373 3217 1455 3292 ideo
1485 3217 1591 3292 dicit:
1621 3220 1721 3290 aulon
1750 3213 1850 3292 ct'c'e

677 3346 782 3432 rotto,
808 3339 912 3433 idest,
938 3344 1090 3433 excepto
1116 3338 1215 3433 quod
1230 3330 1266 3429 (²)
1292 3357 1423 3412 aarum
1450 3344 1505 3412 cst
1529 3337 1742 3433 tractum,a
1767 3357 1850 3432 prac-

676 3466 744 3550 rto‚
770 3458 916 3553 scilicet,
942 3458 1087 3551 velleri,
1112 3481 1131 3532 c
1154 3461 1217 3532 ool
1239 3460 1434 3550 caperent,
1459 3457 1546 3552 quia
1567 3457 1665 3552 iacet
1690 3459 1875 3534 tractum·

678 3578 715 3650 in
743 3577 867 3670 tundo,
893 3579 921 3648 s’
933 3597 1104 3669 oppresso
1123 3571 1187 3669 piri
1212 3579 1272 3650 cte
1297 3583 1331 3650 tu
1356 3597 1428 3650 non
1451 3579 1557 3668 spart,
1576 3576 1677 3671 idest,
1695 3583 1752 3652 est
1767 3597 1849 3653 ma-

678 3695 733 3792 gis
769 3695 1016 3790 propinquum
1052 3716 1164 3789 quam
1196 3695 1324 3770 credas
1339 3686 1387 3786 (³).
1424 3695 1603 3770 eradebat
1634 3697 1731 3772 enim
1767 3697 1850 3772 Vir-

678 3815 787 3911 gilius
812 3835 892 3890 ease
917 3817 1076 3892 multum
1103 3817 1294 3912 elongatus
1318 3837 1341 3889 a
1366 3815 1426 3890 via
1451 3821 1564 3910 recta,
1581 3814 1668 3910 quia
1687 3817 1848 3894 diverte-

678 3939 737 4008 rat
758 3955 783 4009 a
808 3934 867 4012 via
891 3955 959 4010 sua
983 3953 1050 4029 per
1076 3935 1308 4011 mendacium
1325 3935 1557 4030 Malaoaudae,
1575 3943 1613 4011 et
1628 3944 1753 4032 postea
1778 3957 1846 4032 pro

678 4055 811 4132 timore
835 4055 1125 4150 praecipitaverat
1157 4076 1198 4132 se
1230 4076 1295 4150 per
1326 4055 1442 4150 ripam
1468 4055 1505 4129 in
1531 4055 1694 4152 belgium
1726 4057 1848 4152 istam,

677 4173 727 4250 ita
747 4174 847 4268 qnod
871 4195 945 4248 non
970 4174 1105 4250 sciebat
1130 4175 1192 4248 ubi
1218 4181 1325 4270 esset,
1343 4181 1380 4250 et
1400 4181 1527 4248 utrum
1545 4182 1641 4250 osset
1659 4175 1706 4250 de
1721 4195 1846 4272 prope.

676 4292 762 4367 ldao
787 4293 866 4368 vult
883 4293 1006 4368 dicere
1023 4293 1236 4368 Catelanus:
1255 4295 1521 4389 appropinquat
1539 4295 1694 4389 septima
1711 4295 1848 4390 bulgia,

677 4412 740 4486 ubi
766 4411 928 4487 invenies
953 4418 1100 4506 pontem
1119 4412 1316 4508 integrum,
1334 4419 1372 4488 et
1386 4413 1494 4488 docet
1518 4413 1615 4488 riam
1641 4433 1707 4509 per
1732 4435 1847 4509 quam

677 4529 814 4624 possint
846 4531 1029 4606 recedere.
1064 4530 1149 4605 ldeo
1180 4530 1288 4608 dicit:
1321 4539 1461 4606 monwr
1486 4539 1619 4626 potrctc
1649 4555 1691 4606 su
1714 4555 1784 4626 per
1812 4537 1850 4608 lu

676 4652 796 4742 ruina,
813 4649 948 4725 scilicet
972 4650 1074 4726 istius
1099 4651 1217 4746 pontis
1243 4651 1359 4747 lracti,
1376 4655 1435 4726 cte
1450 4655 1550 4743 pinca
1565 4656 1602 4726 to
1617 4661 1726 4746 cosm,
1744 4655 1847 4750 idest,

678 4769 901 4845 admodum
927 4771 985 4846 vel
1010 4771 1046 4846 in
1072 4772 1154 4846 loco
1178 4777 1289 4846 eostre
1313 4773 1373 4846 vel
1402 4772 1531 4866 pontis,
1556 4773 1632 4848 imo
1656 4773 1743 4849 dicit
1769 4795 1850 4854 me·

739 5029 938 5096 otu-qm,
1020 5033 1360 5100 clamoremr-r.
1486 5035 1720 5100 ptr-turm
