4526 6836
714 937 759 1002 80
1103 943 1307 1001 communi
1332 945 1487 1001 turnum

714 1100 813 1168 term
838 1093 922 1169 dicit
947 1092 1015 1169 ista
1040 1091 1153 1166 verba
1186 1092 1320 1186 autori,
1344 1094 1382 1164 in
1407 1092 1513 1164 ltollu
1537 1089 1640 1179 bello,
1665 1087 1753 1180 quia
1778 1086 1879 1161 nulla

713 1219 767 1286 est
792 1212 954 1306 pulcrior
979 1210 1082 1307 regio
1107 1210 1144 1285 in
1174 1211 1325 1305 mundo,
1351 1232 1376 1282 o
1402 1201 1463 1303 ple*
1489 1210 1655 1300 dcll’dlpre
1683 1209 1744 1280 cle
1777 1226 1882 1278 serra

714 1331 1045 1424 Alemoniden
1082 1330 1118 1404 in
1157 1330 1313 1408 conlinio
1343 1330 1439 1405 inter
1469 1327 1696 1402 Alemoniam
1735 1333 1773 1400 et
1810 1326 1881 1400 ltu·

715 1453 813 1546 liam,
838 1473 948 1545 sopra
977 1453 1112 1543 Tirolli,
1137 1450 1201 1544 qui
1226 1458 1282 1526 est
1312 1471 1408 1524 uuus
1436 1447 1631 1525 comitatus
1659 1447 1697 1536 in
1730 1447 1878 1522 introitu

712 1570 921 1664 Alemaniae,
955 1571 1018 1644 ubi
1055 1575 1209 1666 regnant
1234 1569 1341 1644 bodie
1373 1568 1522 1664 quidam
1554 1567 1706 1642 comites
1734 1568 1881 1642 theuto·

713 1689 795 1783 uici,
821 1690 885 1782 qui
915 1697 1094 1764 vocantur
1125 1690 1300 1763 Turones.
1315 1693 1449 1762 -Per
1479 1689 1569 1760 millo
1595 1687 1695 1779 fotid.
1726 1685 1791 1760 llic
1815 1684 1880 1760 de-

713 1809 835 1883 scribit
867 1810 989 1902 lacum
1021 1829 1043 1882 a
1078 1808 1236 1883 lontibus
1264 1813 1301 1882 et
1329 1807 1542 1900 confinibus,
1577 1805 1722 1881 dicens:
1750 1812 1787 1880 et
1821 1805 1879 1880 ille

711 1929 813 2002 lacus
837 1931 869 2000 si
892 1929 1010 2020 bapnn
1034 1929 1113 2001 dcll'
1126 1949 1238 2020 acqua
1262 1930 1322 2000 odo
1344 1935 1486 2019 stanno,
1512 1927 1603 2002 idest
1635 1930 1706 2000 stat
1722 1919 1772 2016 (¹),
1806 1944 1878 2001 non

710 2046 837 2140 currit,
863 2049 1033 2120 boldetto
1058 2050 1136 2120 loco
1157 2067 1224 2140 per
1248 2050 1339 2122 millo
1360 2051 1452 2140 sonti
1474 2042 1576 2138 epid
1600 2049 1715 2120 credo.
1742 2044 1878 2138 Loqui-

710 2174 771 2240 tur
797 2167 867 2240 sub
896 2166 1121 2260 credulitate,
1152 2187 1199 2242 ne
1227 2167 1339 2262 possit
1367 2187 1516 2260 errare,
1542 2165 1605 2241 sed
1630 2172 1732 2240 certe
1756 2164 1877 2256 credo,

710 2287 808 2382 quod
834 2286 904 2360 sint
929 2286 1052 2382 plures
1085 2306 1197 2381 quam
1231 2286 1330 2362 mille
1354 2287 1562 2383 quingenti3
1592 2284 1876 2360 innumerabiles

709 2408 806 2483 enim
833 2408 949 2481 sontes
975 2406 1110 2480 intrant
1140 2407 1261 2480 lacum
1289 2407 1423 2501 istum3
1457 2406 1552 2484 inter
1581 2405 1671 2480 alios
1700 2412 1757 2481 est
1781 2425 1877 2479 unus

712 2527 857 2619 lluvius,
882 2525 945 2619 qui
979 2531 1132 2601 vocatur
1162 2525 1312 2621 Sarcba,
1340 2527 1405 2621 qui
1440 2533 1514 2601 tam
1546 2526 1750 2621 impetuose
1782 2523 1877 2600 cadit

712 2647 748 2720 in
773 2646 908 2738 lacum,
934 2644 1032 2738 quod
1058 2665 1106 2720 ex
1131 2645 1376 2722 contractione
1400 2637 1548 2740 aqual²l
1575 2646 1735 2740 albescit,
1761 2645 1811 2720 ita
1837 2651 1877 2718 ut

710 2785 844 2838 currus
869 2763 995 2838 larinae
1019 2763 1152 2839 cadere
1176 2763 1353 2839 videatur.
1388 2764 1458 2840 Per
1490 2763 1759 2839 multitudinem
1787 2783 1876 2860 ergo

708 2883 863 2957 lontium
880 2888 983 2958 notat
1003 2880 1265 2957 abundantiam
1283 2904 1479 2977 aquarum.
1497 2884 1561 2958 llic
1579 2883 1755 2978 siquidem
1775 2883 1876 2958 lacus

708 3002 817 3076 babet
841 3002 878 3075 iu
903 2999 1128 3096 longitudine
1154 3001 1299 3097 triginta
1316 3001 1391 3076 duo
1412 3002 1591 3096 milliaria,
1617 3002 1654 3076 in
1686 3003 1874 3077 latitudine

705 3122 885 3198 sexdecim
904 3112 941 3214 (³)
967 3127 1003 3196 et
1029 3122 1120 3216 plus,
1138 3127 1175 3196 et
1196 3141 1261 3195 sex
1287 3122 1349 3196 ubi
1376 3123 1508 3196 minus.
1527 3124 1571 3197 Et
1588 3123 1759 3196 turbatur
1775 3143 1873 3217 saepe

605 3307 613 3324 .
704 3240 928 3316 admodum
953 3240 1083 3333 maris3
1109 3246 1148 3314 et
1172 3247 1226 3314 est
1257 3240 1399 3315 lucidus
1424 3248 1462 3316 et
1486 3242 1699 3337 perspicuus
1723 3247 1764 3315 ut
1788 3261 1873 3337 cry·

703 3360 852 3436 stallus:
888 3367 947 3432 tro
982 3361 1119 3449 Gurdo,
1156 3359 1256 3453 quod
1295 3367 1351 3434 est
1383 3363 1572 3436 castellum
1608 3360 1645 3434 in
1679 3359 1757 3455 ripa
1788 3361 1873 3436 dicti

704 3480 807 3553 lacus
833 3499 963 3554 vorsus
988 3479 1184 3554 Veronam.
1210 3479 1328 3554 Habet
1352 3480 1450 3555 enim
1483 3480 1541 3556 hic
1572 3481 1673 3556 lacus
1699 3501 1743 3554 ex
1772 3488 1873 3556 utra-

704 3617 778 3691 que
794 3586 831 3689 (ἢ
858 3597 935 3692 ripa
961 3598 1078 3672 multa
1102 3599 1262 3691 castella,
1279 3605 1316 3673 et
1332 3599 1499 3675 homines
1512 3619 1669 3695 magnos
1695 3607 1733 3674 et
1757 3598 1873 3672 auda-

703 3737 787 3811 ces,
802 3717 897 3792 sicut
920 3717 1092 3792 scribitur
1116 3716 1154 3790 in
1179 3717 1272 3793 libro
1296 3718 1343 3792 de
1367 3718 1648 3815 pmprietatibus
1673 3739 1812 3813 rerum,
1835 3725 1871 3795 et

704 3836 813 3912 babet
831 3856 1005 3932 maguam
1022 3837 1163 3932 copiam
1182 3837 1375 3932 olivarum,
1389 3846 1423 3912 ct
1441 3841 1706 3932 Vadomarium
1723 3847 1779 3914 est
1796 3859 1871 3914 unu

702 3956 804 4030 vallis
828 3956 905 4032 sive
930 3962 1096 4032 contrata
1125 3955 1162 4030 in
1196 3957 1380 4034 territorio
1413 3958 1599 4054 brixiensi,
1632 3965 1665 4032 et
1688 3961 1869 4051 Potitium

702 4097 808 4152 mons
824 4084 879 4152 est
896 4076 958 4171 qui
976 4076 1100 4152 dividit
1115 4075 1255 4152 ltaliam
1273 4099 1338 4174 por
1355 4078 1531 4174 medium,
1550 4086 1587 4154 et
1603 4079 1740 4155 claudit
1755 4080 1803 4154 ab
1825 4099 1869 4154 ea

700 4203 805 4292 parte
818 4216 892 4292 qua
905 4217 978 4272 non
992 4201 1049 4272 est
1065 4195 1194 4290 insula,
1211 4217 1297 4271 cum
1316 4197 1397 4272 altis
1412 4196 1553 4291 alpibus
1566 4218 1612 4274 ex
1630 4205 1734 4292 parte
1746 4199 1868 4274 Gallie

698 4326 736 4392 et
757 4315 965 4391 diemanioe.
991 4315 1094 4390 Unde
1113 4316 1190 4411 jam
1217 4315 1328 4390 dixit:
1354 4313 1461 4410 Apio*
1479 4320 1656 4410 dell’dlpc,
1682 4320 1742 4392 cle
1765 4338 1868 4390 soro

698 4437 910 4524 Alamopno.
929 4435 972 4506 Et
992 4433 1043 4508 sic
1062 4432 1147 4507 dicit
1164 4433 1259 4508 idem
1281 4435 1358 4508 bic:
1379 4440 1417 4512 et
1436 4435 1557 4512 subdit
1576 4437 1865 4513 convenientiam

697 4553 896 4629 confinium
916 4543 968 4646 (⁵),
999 4551 1133 4646 dicens,
1168 4553 1265 4646 quod
1302 4554 1405 4649 quasi
1436 4555 1534 4632 circa
1568 4557 1731 4632 modium
1766 4556 1868 4631 istius

699 4674 800 4748 boue
822 4676 1049 4748 concurrunt
1068 4672 1224 4748 coudnia
1251 4674 1363 4750 trium
1387 4676 1612 4751 dioeceoium.
1635 4677 1736 4752 Unde
1764 4675 1866 4752 dicit:

762 4897 790 4959 (¹)
805 4899 836 4949 ll.
852 4905 930 4958 ulnus,
947 4913 998 4950 uon
1015 4912 1132 4950 current.
1366 4901 1394 4966 (Ἴ
1411 4905 1437 4955 S.
1453 4917 1469 4957 o
1484 4905 1516 4956 Ε.
1532 4919 1614 4972 nque.

760 4973 788 5114 ((3
804 4975 836 5104 ξ.
850 4975 950 5104 111ζῖῃὲ
962 4975 1021 5040 plur
1036 4979 1063 5027 ct
1078 4987 1106 5026 vr
1122 4973 1153 5027 nd
1170 4976 1263 5029 minuc
1367 4979 1394 5046 (¹)
1411 4981 1441 5033 lt.
1455 4997 1488 5034 ex
1504 4991 1614 5049 utruque
1630 4987 1712 5047 purte.
1759 5027 1764 5036 .
