4580 6844
705 975 776 1042 320
1096 987 1300 1046 couunruu
1324 992 1480 1048 nuruum

703 1141 800 1209 esset
816 1135 893 1209 dux
909 1135 993 1210 belli
1010 1143 1138 1211 contra
1155 1137 1358 1214 cardinales
1374 1139 1441 1213 sibi
1458 1140 1650 1235 adversos3
1669 1142 1872 1236 quodcum

705 1260 914 1330 constanter
939 1261 1102 1353 negaret,
1120 1255 1210 1330 dixit
1232 1256 1459 1333 Bouiiacius:
1478 1259 1606 1337 saltem
1626 1279 1687 1336 me
1704 1261 1875 1360 instruas,

705 1373 892 1466 quomodo
924 1393 987 1448 eos
1016 1374 1197 1450 subiicere
1221 1377 1366 1471 possim.
1399 1379 1502 1453 Tunc
1530 1379 1609 1457 ille:
1641 1382 1756 1455 multa
1789 1403 1875 1477 pro·

705 1493 821 1587 mitte,
847 1513 965 1588 pauca
990 1515 1097 1569 serva
1117 1493 1164 1570 de
1183 1495 1380 1590 promissis.
1399 1498 1605 1574 Boniiaoius
1621 1499 1777 1576 inventis
1794 1523 1876 1579 me-

705 1611 905 1686 diatoribus
929 1612 1030 1707 dixit,
1056 1633 1097 1688 se
1122 1614 1370 1691 misericordia
1397 1637 1569 1713 usurum,
1593 1617 1795 1696 dummodo
1821 1622 1875 1696 ia-

704 1737 831 1807 cerent
867 1733 954 1807 illud
988 1734 1086 1826 quod
1119 1734 1268 1810 deceret
1287 1728 1323 1827 (⁴)
1359 1737 1648 1833 magnitudinem
1687 1739 1800 1814 animi
1836 1748 1874 1817 et

703 1857 821 1927 status
845 1852 912 1926 sui.
932 1852 1138 1928 cardinales
1154 1853 1328 1928 continuo
1344 1855 1547 1950 exhilarati,
1564 1864 1751 1952 assumpta
1771 1865 1874 1936 reste

704 1971 820 2068 nigra,
846 1971 1041 2047 miserabili
1067 1973 1172 2048 vultu
1188 1963 1224 2066 (¹)
1250 1978 1288 2049 et
1312 1973 1451 2069 babitu,
1481 1975 1659 2070 supplices
1684 1977 1731 2050 ad
1761 1978 1872 2072 pedes

703 2091 782 2166 eius
807 2091 1095 2186 procubuerunt,
1121 2113 1228 2167 suam
1259 2093 1405 2188 culpam
1435 2093 1648 2169 coufitentes
1664 2085 1714 2188 (³),
1744 2102 1782 2171 et
1805 2118 1871 2173 ve-

702 2209 801 2283 niam
840 2211 1086 2306 implorantes.
1125 2211 1330 2287 Boniiacius
1367 2211 1435 2287 illis
1472 2213 1665 2309 increpatis
1705 2215 1871 2308 promisit

703 2331 971 2426 impunitatem,
1001 2333 1115 2407 immo
1145 2332 1412 2409 restitutionem
1443 2333 1480 2406 iu
1513 2333 1710 2429 integrum.
1740 2335 1871 2412 Petivit

702 2452 887 2526 Praeneste
912 2457 949 2525 et
974 2451 1139 2526 obtinuit.
1165 2453 1245 2540 Qua
1270 2471 1400 2526 eversa
1424 2451 1509 2527 iecit
1534 2451 1611 2527 lieri
1632 2451 1814 2531 civitatem
1833 2455 1871 2532 iu

618 2653 622 2660 ,
702 2570 821 2664 plano,
847 2590 961 2662 quam
987 2570 1129 2645 vocavit
1155 2570 1337 2644 civitatem
1356 2571 1536 2666 papalem.
1555 2571 1693 2647 Deinde
1714 2572 1873 2650 nobilem

704 2696 742 2764 et
765 2694 952 2783 potentem
978 2689 1099 2763 virum
1127 2691 1286 2764 Zanoem
1312 2690 1358 2764 de
1381 2690 1536 2785 Cecano,
1565 2692 1780 2768 attinentem
1810 2683 1873 2770 eo-

704 2829 801 2904 rum,
833 2809 954 2884 subito
987 2815 1148 2905 captum,
1180 2810 1274 2885 duro
1310 2810 1449 2886 carceri
1484 2811 1713 2907 mancipavit.
1748 2815 1872 2902 Quare

701 2931 903 3007 cardinales
927 2931 1045 3006 territi
1070 2930 1250 3027 fugientes
1274 2932 1464 3008 latuerunt
1493 2950 1558 3026 per
1587 2932 1725 3027 aliquot
1754 2955 1871 3010 annos

699 3051 797 3146 apud
822 3051 960 3126 amieos
986 3070 1131 3146 eorum,
1149 3051 1199 3126 ita
1219 3061 1262 3128 ut
1274 3041 1312 3144 (⁸)
1339 3051 1489 3125 omnino
1506 3051 1721 3147 nesciretur,
1738 3057 1867 3127 utrum

700 3170 878 3265 viverent,
904 3171 992 3264 quia
1016 3191 1090 3244 nou
1114 3171 1300 3246 audebant
1324 3159 1504 3267 apparere
1520 3175 1586 3246 aut
1603 3191 1643 3246 se
1664 3171 1866 3247 nominare.

698 3291 796 3385 Papa
821 3290 900 3364 illos
929 3297 1120 3384 tamquam
1150 3290 1286 3367 iterum
1320 3291 1475 3366 rebelles
1506 3299 1544 3365 et
1572 3291 1742 3388 relapsos,
1774 3291 1867 3367 inira

697 3429 838 3482 annum
870 3408 1055 3482 bannivit:
1086 3409 1209 3483 caeteri
1240 3408 1287 3482 de
1318 3409 1454 3483 lamilia
1486 3410 1794 3486 Columuensium.
1812 3411 1868 3485 di-

698 3519 860 3623 spersi(⁵)
889 3533 974 3601 sunt
998 3547 1065 3620 per
1090 3529 1259 3622 regiones
1283 3528 1456 3622 diversas,
1479 3549 1599 3623 usque
1623 3549 1697 3623 quo
1722 3529 1868 3604 Bonita-

698 3647 777 3722 cius
803 3645 932 3721 iraude
957 3651 1084 3740 captus
1108 3665 1183 3739 qua
1214 3657 1362 3741 ceperat
1389 3647 1490 3742 alios,
1516 3665 1583 3741 per
1612 3645 1796 3720 Sciarram
1822 3647 1888 3762 ‘¹2

698 3767 888 3860 Columna,
914 3765 1024 3840 duem
1050 3765 1135 3841 vitae
1156 3764 1345 3841 infeliciter
1365 3766 1583 3842 terminavit.
1602 3767 1707 3842 Nunc
1723 3765 1770 3841 ad
1787 3765 1868 3842 lite·

697 3906 789 3960 ram.
815 3885 1080 3972 llicitcomes:
1110 3889 1160 3958 bo
1183 3887 1344 3979 pmndpe
1374 3884 1427 3960 de
1445 3888 1553 3960 mooe·
1580 3887 1731 3978 Fartsoi,
1763 3885 1866 3982 idest,

695 4027 800 4102 papa,
826 4012 937 4101 caput
961 4005 1198 4100 prelatorum
1225 4011 1262 4082 et
1287 4005 1521 4099 clericorum,
1547 4025 1639 4098 quos
1664 4011 1774 4080 autor
1799 4025 1867 4079 vo-

694 4134 754 4202 cat
779 4147 893 4202 novos
917 4125 1117 4222 phariseos
1142 4125 1403 4221 metaphorice,
1424 4125 1561 4198 amodo
1585 4145 1720 4214 patara
1740 4144 1866 4217 presso

693 4269 718 4320 a
743 4251 933 4340 Laterum,
959 4246 1061 4341 idest,
1092 4267 1178 4322 cum
1209 4245 1514 4320 Columueusibus
1545 4264 1706 4338 quorum
1731 4243 1863 4316 domus

692 4378 779 4445 suut
797 4369 905 4464 juxta
930 4369 1164 4442 Lateranum.
1191 4366 1235 4438 Et
1265 4370 1444 4460 aggravat
1469 4361 1564 4436 istud
1589 4361 1739 4453 bellum,
1766 4365 1862 4434 tam-

690 4509 804 4582 quam
821 4487 1010 4580 iuiustum,
1036 4485 1177 4560 diceus:
1204 4507 1223 4558 e
1246 4505 1318 4558 non
1334 4504 1400 4557 con
1415 4485 1575 4573 curado,
1590 4477 1637 4554 nd
1650 4499 1716 4552 con
1732 4481 1861 4571 ριἰιάοἰ,

690 4606 796 4701 quasi
821 4605 928 4698 dicat,
946 4605 1023 4679 imo
1043 4624 1131 4679 cum
1148 4602 1363 4696 christianis,
1380 4622 1466 4676 cum
1493 4599 1627 4694 quibus
1651 4597 1861 4674 misericor-

691 4725 772 4800 dius
786 4714 823 4818 (ὓ)
859 4731 939 4798 erat
973 4722 1170 4820 agendum.
1204 4723 1248 4799 Et
1278 4722 1440 4797 declarat
1472 4739 1582 4794 suum
1620 4719 1772 4815 dictum,
1804 4719 1861 4794 di-

755 4953 783 5014 ι’)
799 4951 830 5002 u.
847 4951 917 5016 quod
932 4950 1038 5002 dooemt
1054 4949 1257 5015 magnitudinem
1273 4952 1355 4998 status
1369 4948 1418 4998 sul.

754 5027 781 5090 ct
797 5028 828 5080 Β.
844 5028 919 5080 vum
933 5027 1070 5092 mentm·
1164 5023 1191 5087 ι’)
1208 5028 1262 5086 ¹¹⁶.
1279 5023 1436 5088 matteum.
1530 5022 1558 5086 tt
1573 5023 1604 5075 u.
1620 5027 1651 5076 ιιι
1665 5023 1818 5074 mouetur.

755 5104 783 5169 (¹)
799 5103 830 5156 E.
845 5103 919 5156 dirisi
934 5107 1002 5154 nunt.
1167 5100 1194 5165 (⁸)
1209 5101 1240 5153 lt.
1257 5100 1468 5153 misericorditer.
