4566 6844
719 945 791 1015 l98
1115 959 1319 1018 comeum
1343 961 1498 1018 mrnaro

718 1125 865 1182 moram
898 1106 1012 1202 lecit,¹
1031 1127 1107 1203 quo
1141 1115 1308 1205 tempore
1343 1129 1451 1185 suam
1485 1109 1662 1186 familiam
1681 1109 1891 1222 ordinarit,

718 1227 877 1306 invitatis
908 1228 1127 1322 qubusdam
1157 1229 1339 1305 nobilibus
1369 1251 1582 1328 regnorum,
1612 1230 1663 1306 ita
1696 1238 1739 1306 ut
1767 1231 1891 1308 nullus

585 1337 589 1344 ’
719 1348 849 1424 nobilis
866 1348 1062 1426 extimaret
1078 1370 1119 1424 se
1137 1348 1286 1446 aliquid,
1303 1350 1370 1425 nisi
1387 1351 1425 1426 in
1440 1351 1566 1426 habitu
1586 1351 1889 1428 indumentorum

719 1473 757 1544 et
780 1489 975 1544 armorum
1000 1476 1199 1544 ornaretur
1224 1469 1271 1546 ad
1296 1469 1448 1546 modum
1474 1470 1633 1560 militum
1658 1470 1796 1546 Artori.
1823 1472 1894 1547 hr-

719 1595 827 1663 turus
844 1608 935 1685 ergo
952 1609 1026 1664 uon
1038 1595 1231 1666 contentus
1245 1609 1404 1688 regnum
1419 1611 1531 1666 snum
1544 1591 1640 1667 intro
1653 1592 1767 1666 maris
1783 1592 1892 1669 litora

717 1708 854 1784 arctari
871 1707 1013 1806 magnis
1030 1709 1169 1784 viribus
1181 1709 1267 1784 vicit
1279 1710 1501 1806 Norvegiam
1520 1718 1557 1786 et
1573 1711 1744 1805 Daciam;
1760 1711 1892 1790 deiude

718 1828 898 1904 transiens
923 1828 961 1902 in
986 1827 1151 1924 Galliam,
1169 1848 1284 1924 quam
1303 1835 1392 1904 tunc
1415 1829 1564 1906 tenebat
1584 1831 1658 1904 Leo
1675 1831 1889 1926 imperator,

717 1949 828 2025 celeri
853 1969 1026 2026 successu
1051 1949 1289 2024 victoriarum
1307 1969 1437 2026 omnes
1454 1949 1660 2045 provincias
1678 1950 1888 2047 subiugavit

717 2068 833 2165 spatio
858 2088 993 2144 novem
1009 2089 1205 2144 annorum.
1219 2070 1381 2145 Tandem
1401 2089 1573 2146 reversus
1593 2069 1631 2144 in
1647 2070 1886 2163 Britanniam,

716 2207 764 2264 ne
788 2187 906 2264 rirtus
930 2195 1115 2264 marceret
1138 2189 1225 2284 otio,
1244 2188 1292 2264 de
1311 2189 1461 2266 consilio
1477 2189 1615 2264 hlerlini
1637 2197 1727 2264 tunc
1751 2190 1887 2264 lloren·

716 2309 761 2384 tis
785 2308 967 2384 ordinavit
996 2308 1171 2402 tabulam,
1198 2329 1311 2402 qnam
1343 2309 1475 2406 anglici
1501 2317 1636 2386 vocant
1663 2309 1885 2402 rotundam

715 2427 761 2503 ad
786 2448 899 2522 quam
926 2427 1140 2502 convocavit
1156 2427 1261 2522 quasi
1278 2428 1325 2503 ad
1350 2429 1560 2504 convivium
1586 2429 1732 2505 celebre
1756 2447 1885 2505 omnes

714 2547 929 2624 famosiores
949 2545 1062 2620 armis
1083 2551 1120 2622 et
1142 2547 1307 2622 moribus
1326 2548 1519 2644 nobilibus,
1536 2549 1671 2645 quibus
1687 2549 1785 2624 dedit
1803 2567 1886 2624 cer·-

716 2674 772 2741 tas
806 2667 906 2764 leges
939 2665 1132 2761 societatis,
1165 2666 1313 2762 scilicet,
1346 2674 1387 2741 ut
1418 2690 1524 2745 arma
1556 2689 1701 2766 semper
1734 2669 1886 2762 ferrent,

710 2787 800 2882 jura
824 2784 998 2861 debilium
1024 2785 1267 2881 defensarent,
1294 2787 1479 2864 neminem
1506 2789 1696 2884 violarent,
1724 2807 1765 2864 sc
1792 2787 1887 2862 inri-

715 2927 797 2981 cem
835 2925 909 2981 non
945 2904 1130 2999 lederent,
1165 2925 1233 3000 pro
1270 2906 1389 2982 salute
1425 2908 1630 2983 amicorum
1665 2913 1884 3004 pugnarent,

713 3047 782 3123 pro
795 3020 833 3118 ι’)
859 3025 976 3121 patria
1001 3024 1113 3099 vitam
1139 3032 1377 3120 exponerent,
1403 3027 1471 3100 sibi
1500 3027 1732 3102 solummodo
1756 3025 1885 3118 acqui-

714 3151 841 3222 rerent
866 3146 1058 3239 honorem,
1075 3143 1185 3220 fidem
1211 3144 1311 3219 nulla
1337 3165 1384 3222 ex
1409 3165 1521 3220 causa
1542 3135 1771 3240 fallerentl¹),
1786 3151 1825 3219 et
1840 3149 1883 3218 ut

712 3266 876 3342 breviter
889 3265 1022 3360 dicam,
1038 3264 1162 3340 omnia
1183 3263 1415 3340 laudabiliter
1431 3271 1621 3362 gerereut3
1639 3285 1723 3361 quae
1740 3263 1882 3360 singula

712 3407 800 3463 cum
819 3407 954 3484 magno
971 3387 1098 3462 lavore
1115 3385 1278 3480 qnotidie
1289 3385 1391 3482 vulgi
1403 3405 1470 3460 ore
1488 3385 1723 3463 celebrantur
1735 3376 1785 3480 ι’),
1799 3384 1884 3480 qui·

711 3508 783 3583 hus
803 3509 882 3602 jam
907 3507 991 3582 ielix
1016 3505 1176 3580 brturus
1198 3503 1380 3579 tributum
1405 3505 1561 3600 petitum
1579 3494 1794 3597 romanis(‘)
1819 3525 1883 3580 su-

712 3626 828 3722 perbe
852 3625 1057 3722 denegarit,
1082 3631 1231 3700 etcum
1264 3623 1427 3700 marimo
1456 3633 1634 3718 apparatu
1666 3623 1816 3698 veniens
1844 3623 1882 3698 in

713 3745 866 3821 Galliam
886 3743 1078 3820 victoriose
1095 3743 1282 3840 superarit
1300 3743 1454 3818 Lucium
1476 3740 1665 3818 consulem
1682 3759 1881 3818 romanum

712 3866 911 3942 habentem
935 3884 1062 3941 ειιειιιιι
1090 3885 1197 3962 reges
1221 3865 1358 3939 multos
1374 3861 1582 3958 orientales,
1600 3863 1735 3939 scilicet
1753 3883 1883 3960 regem

712 3988 940 4096 Graecornm,
965 3985 1167 4080 Medorum,
1199 3983 1441 4080 Parthorum,
1461 3984 1595 4081 Lyhiae,
1625 3983 1781 4082 AEgypti,
1810 3985 1904 4058 Bu··

710 4105 878 4204 brioniae,
903 4104 1091 4204 Bytbiniae,
1117 4104 1297 4202 Phrygiae,
1317 4104 1436 4179 Cretae
1461 4110 1499 4178 et
1522 4103 1613 4179 ulios
1638 4103 1791 4199 multos,
1816 4103 1881 4178 sed

711 4233 812 4302 certe
836 4225 959 4304 nescio
976 4224 1102 4301 videre
1118 4223 1305 4319 quomodo
1324 4223 1393 4298 iste
1409 4221 1647 4328 somniaverit
1658 4214 1695 4316 (⁸)
1717 4223 1786 4298 ista
1802 4229 1878 4297 tam

710 4367 805 4422 rana
824 4345 915 4420 nulli
932 4344 1113 4421 credenda
1129 4342 1310 4441 prudenti.
1328 4342 1417 4431 Quis
1440 4341 1538 4416 enim
1555 4341 1673 4416 sciens
1690 4341 1877 4416 historiam

710 4467 866 4564 ignorat,
891 4466 992 4561 quod
1016 4472 1183 4562 tempore
1206 4463 1334 4538 Artori
1344 4463 1423 4559 jam
1444 4463 1562 4537 Roma
1582 4466 1662 4537 erut
1681 4460 1718 4534 in
1741 4479 1878 4558 magna

709 4585 972 4660 declinatione?
988 4605 1075 4659 cum
1091 4585 1170 4679 jam
1196 4603 1263 4679 per
1287 4583 1404 4657 multa
1428 4571 1563 4658 secula
1584 4599 1780 4656 romanum
1805 4579 1878 4655 im-

771 4858 801 4922 (¹)
817 4859 847 4911 ll.
863 4873 879 4911 e
895 4863 950 4920 tro,
966 4860 1099 4924 proprium
1114 4860 1192 4910 ritum
1207 4864 1374 4922 exponerent.

770 4939 798 5000 ι’)
815 4943 860 4992 llo
876 4951 892 4989 e
907 4939 939 4990 B.
954 4937 1083 4998 fallerent,
1100 4936 1252 5001 religionem
1267 4936 1393 4994 colerent,
1409 4940 1436 4985 et
1451 4939 1481 4986 ut
1497 4933 1618 4984 breviter.

771 5017 798 5078 ι’)
814 5021 867 5078 llo,
885 5015 1090 5068 oclohrnbuntur.
1370 5011 1397 5074 (¹)
1413 5011 1438 5064 S.
1455 5023 1470 5061 ι
1486 5010 1607 5063 romanis.

770 5095 845 5156 (¹213.
861 5094 1043 5145 cumularit.-
1053 5095 1107 5153 tto,
1123 5090 1304 5142 comnlrrcrnl.
