4534 6842
709 945 779 1026 124
947 923 955 936 ¹
1099 957 1302 1026 cormnrunr
1325 957 1479 1012 nursam

706 1103 1012 1200 postsealiquem
1025 1123 1111 1178 cum
1125 1103 1873 1180 subsannationodentiumetextractione

705 1223 915 1321 linguarum
932 1223 1104 1300 iacientes
1122 1226 1249 1302 trullas
1262 1220 1312 1319 (¹).
1331 1227 1376 1300 Et
1398 1224 1457 1299 hic
1481 1223 1622 1316 ultimo,
1640 1223 1766 1318 lector,
1788 1226 1872 1300 volo

705 1347 743 1418 te
772 1344 868 1420 bene
898 1351 1039 1440 notare,
1065 1345 1164 1439 quod
1192 1345 1297 1420 multi
1331 1365 1398 1440 per
1428 1344 1539 1418 istum
1563 1348 1690 1418 actum
1711 1349 1871 1440 turpem,

707 1481 819 1558 quem
845 1470 955 1540 autor
979 1465 1041 1540 dat
1066 1465 1153 1560 istis,
1178 1465 1373 1561 opinantur
1398 1469 1434 1538 et
1459 1462 1614 1538 tirmiter
1630 1467 1755 1538 tenent
1772 1463 1872 1558 quod

706 1590 815 1658 autor
840 1584 877 1658 in
901 1585 969 1659 ista
994 1584 1118 1682 bulgia
1143 1591 1181 1660 et
1205 1584 1284 1680 pice
1308 1583 1435 1679 puniat
1459 1584 1601 1657 lusores
1630 1588 1669 1658 et
1691 1583 1873 1658 aleatores

706 1703 815 1778 simul
840 1723 926 1778 curn
950 1703 1139 1799 predictis,
1157 1703 1257 1798 quod
1272 1701 1500 1778 nullomodo
1518 1700 1606 1776 mihi
1622 1701 1767 1778 videtur
1783 1722 1873 1777 con-

706 1821 921 1917 cedendum,
948 1828 1028 1897 tum
1062 1823 1149 1919 quia
1178 1823 1216 1896 in
1248 1822 1418 1917 prasenti
1447 1820 1606 1918 capitulo
1637 1827 1675 1896 et
1706 1822 1874 1916 sequenti

706 1962 910 2037 numquam
935 1949 1044 2018 autor
1061 1942 1225 2019 nominat
1241 1943 1402 2036 aliquem
1418 1942 1594 2035 lusorem,
1611 1946 1654 2015 ut
1669 1947 1769 2035 patet
1784 1941 1874 2016 sub-

705 2061 815 2138 tiliter
838 2063 1003 2162 intuenti.
1029 2062 1122 2137 Nam
1148 2063 1178 2138 si
1202 2064 1297 2138 bene
1322 2060 1522 2156 considero,
1546 2081 1620 2135 non
1645 2061 1809 2136 nominat
1834 2061 1872 2136 in

676 2235 688 2272 ·,
705 2187 781 2254 toto
805 2181 874 2256 isto
900 2178 1057 2258 tractatu
1082 2182 1182 2278 picis,
1208 2181 1276 2256 nisi
1301 2182 1419 2256 solum
1446 2187 1619 2274 quatuor,
1638 2181 1774 2256 scilicet
1797 2181 1873 2254 dn-

673 2283 677 2292 ’
704 2300 850 2411 cianum
876 2302 923 2378 de
947 2301 1046 2377 Luca
1077 2302 1115 2376 in
1144 2301 1314 2398 presenti
1342 2300 1501 2396 capitulo
1508 2324 1519 2394 ;
1549 2300 1778 2397 Ciampolum
1804 2321 1872 2376 na·

535 2393 545 2468 Ῑ·
580 2422 588 2434 '
704 2423 942 2517 narniensem,
971 2423 1124 2502 narrem
1149 2422 1344 2518 Gomitam,
1370 2428 1407 2498 et
1436 2421 1629 2497 dominum
1658 2421 1870 2498 llichaelem

705 2543 862 2618 Cianche
873 2534 911 2635 (¹)
928 2543 966 2616 in
982 2543 1139 2638 capitulo
1156 2543 1342 2638 sequenti3
1356 2563 1425 2618 nec
1441 2543 1552 2618 etiam
1566 2543 1667 2638 ponit
1685 2542 1799 2618 verba
1813 2542 1872 2617 vel

706 2662 800 2738 iacta
829 2662 1027 2758 spectantia
1059 2663 1106 2738 ad
1138 2665 1292 2757 lusores,
1318 2663 1393 2737 imo
1426 2664 1545 2738 solum
1577 2661 1795 2757 pertinentia
1824 2659 1871 2736 ad

707 2782 910 2880 predictos,
934 2789 1015 2883 tum
1041 2784 1128 2878 quia
1157 2784 1299 2859 lusores
1330 2789 1481 2877 possunt
1512 2782 1639 2876 reponi
1666 2782 1705 2856 in
1733 2781 1871 2856 circulo

706 2923 907 2978 avarorum
924 2909 963 2978 et
981 2902 1232 3000 prodigorum,
1249 2904 1309 2979 vel
1326 2902 1457 2977 melius
1477 2901 1572 2976 inter
1587 2902 1765 2978 violentos
1784 2923 1872 2978 oon-

706 3028 764 3096 tra
788 3021 885 3096 bona
910 3042 993 3116 sua3
1018 3027 1055 3096 et
1079 3021 1197 3096 omnis
1221 3027 1326 3096 actus
1350 3021 1489 3116 positus
1513 3021 1573 3096 hic
1601 3022 1660 3096 vel
1683 3021 1873 3116 ponendus

706 3144 744 3218 in
774 3141 941 3236 sequenti
973 3141 1132 3236 capitulo
1165 3142 1260 3217 bene
1298 3147 1416 3236 potest
1454 3141 1548 3216 trahi
1584 3141 1631 3216 ad
1663 3142 1873 3217 haratames

707 3283 820 3338 suum
844 3281 1044 3338 commune
1065 3263 1124 3337 vel
1141 3283 1251 3336 suum
1268 3261 1471 3338 dominum.
1490 3262 1564 3336 Nec
1581 3261 1665 3338 volo
1684 3262 1873 3358 praeterire

705 3382 858 3476 silentio,
886 3382 985 3476 quod
1008 3381 1121 3475 aliqui
1146 3402 1219 3456 non
1245 3381 1486 3478 intelligentes
1505 3382 1723 3476 profundam
1743 3382 1875 3478 imagi-

706 3503 891 3577 nationem
915 3502 1065 3596 autoris,
1092 3522 1175 3596 quae
1200 3503 1288 3576 latet
1312 3502 1382 3576 sub
1398 3502 1524 3598 liguris
1541 3502 1754 3599 peregrinis,
1770 3503 1874 3578 dire-

707 3627 795 3694 runt
818 3621 917 3715 quod
941 3641 1009 3717 pro
1034 3628 1136 3700 certo
1167 3628 1277 3697 autor
1304 3621 1393 3696 dixit
1421 3622 1459 3696 in
1484 3622 1552 3696 ista
1576 3622 1731 3698 materia
1756 3624 1872 3700 multa

707 3742 894 3836 superflua
919 3748 956 3816 et
981 3742 1116 3818 multas
1140 3763 1258 3839 nugas
1283 3742 1361 3818 sine
1384 3742 1641 3838 delectatione3
1659 3743 1765 3818 cuius
1782 3763 1872 3818 con·

707 3859 864 3936 tranium
894 3861 982 3936 milri
1013 3861 1173 3937 videtur:
1200 3862 1275 3936 imo
1302 3869 1412 3937 autor
1443 3869 1518 3936 tarn
1549 3862 1728 3940 subtiliter
1757 3883 1869 3957 quam

706 3980 966 4057 delectabiliter
990 3980 1097 4056 islam
1114 3983 1306 4059 materiam
1323 3983 1584 4079 amplissimam
1601 3983 1647 4058 de
1672 4003 1712 4060 se
1736 4003 1872 4080 magna

707 4108 789 4178 arte
813 4109 851 4178 et
874 4102 1021 4198 ingenio
1042 4103 1252 4178 coarctavit.
1270 4103 1345 4178 Nec
1362 4110 1399 4179 tc
1414 4103 1655 4198 turbetquod
1669 4111 1779 4180 autor
1803 4124 1870 4200 po-

707 4223 779 4298 suit
792 4213 830 4315 (³)
852 4221 910 4296 hio
935 4222 973 4297 in
998 4222 1071 4296 line
1095 4223 1254 4319 capituli,
1280 4222 1367 4316 quia
1400 4224 1509 4297 talem
1535 4222 1644 4297 linem
1672 4221 1782 4298 habet
1806 4223 1872 4298 ba-

707 4341 855 4435 talaria,
881 4347 918 4416 et
933 4329 970 4433 (⁸)
995 4342 1160 4436 propalat
1188 4361 1229 4416 se
1259 4361 1345 4416 curn
1375 4361 1512 4438 magno
1540 4342 1617 4416 risu
1647 4347 1685 4418 ct
1715 4341 1874 4418 ludibrio

706 4460 945 4553 audientium,
971 4466 1009 4534 et
1034 4459 1246 4536 meretrices
1270 4461 1362 4536 trice
1375 4453 1411 4554 (Β)
1439 4472 1613 4539 nontam
1644 4461 1874 4556 impudenter

701 4581 901 4677 iungantur
922 4580 1016 4655 inter
1033 4599 1073 4654 se
1090 4579 1222 4677 linguis
1239 4582 1391 4676 spurcis,
1408 4581 1502 4656 sicut
1518 4581 1714 4677 aliquando
1732 4583 1791 4658 isti
1808 4583 1874 4658 ba-

706 4699 830 4775 ratarii
856 4699 951 4775 inter
976 4721 1026 4776 se.
1057 4700 1159 4775 Unde
1189 4701 1304 4776 miror
1333 4701 1364 4775 si
1392 4707 1501 4775 autor
1530 4708 1874 4796 quantumcumque

768 4922 797 4987 l¹t
810 4923 841 4974 B.
856 4921 958 4974 trullas
1376 4925 1404 4988 ρ)
1422 4929 1466 4978 rao
1482 4937 1499 4976 s
1513 4925 1544 4976 n.
1560 4925 1668 4976 rmus

768 4997 795 5061 tl
811 4999 837 5050 S·
854 5001 975 5064 mist·
1377 5001 1405 5066 (⁸)
1422 5007 1476 5064 ¹¹⁶0
1491 5003 1552 5067 lul·
1567 5002 1692 5066 W&

770 5075 798 5140 (⁸)
813 5075 839 5128 8.
855 5089 871 5128 e
886 5075 917 5128 ll.
933 5077 1105 5140 trie.-1¹e‚
1120 5078 1210 5130 irrite.
