4534 6842
673 956 812 1012 caurus
839 957 1027 1011 pessmus
1051 955 1245 1012 sucunnus.
1477 945 1545 1013 139

375 1103 539 1177 detruse
562 1121 628 1174 con
654 1104 685 1174 te
709 1101 863 1193 creua,
888 1108 1079 1196 tamquam
1105 1100 1182 1175 dux
1208 1101 1375 1197 superior
1400 1123 1544 1196 eorum,

377 1221 439 1316 qui
474 1225 617 1317 poterat
652 1221 704 1294 eis
744 1220 954 1316 praecipere,
990 1243 1009 1294 e
1041 1223 1157 1294 dure:
1181 1228 1268 1294 stote
1303 1224 1341 1294 in
1366 1211 1415 1314 ld,
1442 1222 1546 1314 quasi
1683 1317 1690 1330 Ι

376 1343 494 1417 dicat:
522 1341 628 1415 tacite
653 1360 719 1416 vos
745 1347 857 1435 retro,
882 1343 1006 1415 mentr’
1018 1344 1054 1415 to
1071 1343 1257 1436 l’r'nsorco,
1280 1341 1382 1436 idest,
1399 1341 1544 1417 interim

375 1463 465 1537 dum
493 1461 565 1558 ligo
594 1481 681 1534 eum
708 1481 794 1534 cum
822 1461 954 1536 surculi
970 1453 1007 1553 (⁴)
1032 1481 1116 1536 meo
1142 1461 1275 1555 terreo,
1305 1462 1404 1556 quod
1437 1462 1546 1537 babet

376 1583 499 1677 plures
511 1581 637 1656 dentes
649 1587 777 1654 acutos
793 1580 840 1654 ad
857 1579 1074 1674 leniendum,
1093 1586 1129 1655 et
1147 1601 1323 1655 recurvos
1339 1580 1385 1656 ad
1398 1581 1547 1657 traben-

375 1703 464 1776 dum
480 1693 530 1794 (²).
556 1701 601 1774 Et
624 1699 780 1774 ostendit
806 1721 923 1794 quare
948 1701 1031 1776 iecit
1057 1720 1120 1794 eos
1145 1723 1277 1796 parum
1309 1723 1464 1798 cessare,
1490 1703 1546 1777 di-

376 1841 486 1896 cens:
512 1841 531 1893 e
554 1823 682 1894 rtootre
707 1823 744 1893 to
765 1823 881 1915 [cocto
907 1825 946 1895 ol
968 1824 1038 1894 mio
1064 1828 1229 1913 moesto,
1261 1823 1396 1898 scilicet
1426 1823 1546 1920 Virgi-

376 1941 465 2014 lium
483 1931 519 2032 (q
548 1939 610 2033 qui
637 1939 756 2014 stabat
781 1941 978 2035 perplexus
1004 1941 1090 2035 quia
1116 1941 1299 2016 nesciebat
1327 1941 1355 2016 si
1389 1943 1545 2018 debebat

376 2060 457 2156 plus
481 2080 587 2156 posse
605 2058 704 2154 loqui
722 2081 807 2134 cum
825 2059 886 2134 illo
903 2061 963 2136 vel
983 2068 1191 2156 expectare,
1208 2084 1227 2134 e
1243 2063 1357 2135 disse:
1373 2063 1545 2135 dimundo

375 2201 487 2253 oncor
510 2202 548 2253 se
568 2175 629 2272 ptd
655 2182 746 2272 dr'sir',
772 2179 874 2274 idest,
902 2181 930 2254 si
956 2180 1150 2274 desideras,
1167 2203 1273 2274 saper
1294 2185 1342 2255 du
1364 2186 1424 2274 lui,
1442 2182 1543 2276 idest,

376 2299 470 2374 scire
494 2300 600 2395 plura
621 2299 668 2374 ab
694 2317 750 2393 eo,
777 2299 864 2393 quia
881 2301 948 2375 iste
966 2301 1066 2374 novit
1083 2301 1255 2394 quicquid
1273 2308 1390 2397 potest
1405 2290 1441 2395 (⁸)
1461 2301 1544 2376 sciri

373 2421 410 2494 in
441 2420 507 2494 ista
542 2439 677 2516 magna
703 2426 783 2494 arte
807 2419 1001 2495 baratariae
1027 2421 1187 2496 theorice
1217 2432 1254 2497 et
1287 2421 1435 2517 pratice,
1458 2426 1544 2516 prta

372 2543 423 2613 clt'
436 2541 571 2614 altriil
599 2542 781 2635 disfecerit,
815 2541 920 2634 quasi
949 2540 1066 2616 dicat:
1103 2541 1197 2616 bene
1227 2541 1327 2616 vides
1358 2543 1544 2635 quomodo

375 2661 432 2735 isti
456 2667 542 2734 sunt
565 2659 639 2756 apti
664 2660 711 2734 ad
736 2661 1031 2754 extorquendum
1058 2661 1124 2735 sibi
1149 2659 1284 2755 aliquid
1316 2661 1362 2737 de
1387 2683 1466 2757 suo,
1492 2663 1542 2737 ita

374 2781 471 2876 quod
505 2779 760 2874 unusquisque
791 2782 869 2855 vult
905 2781 1122 2877 particulam
1154 2801 1272 2856 suam.
1309 2784 1339 2858 Ο
1373 2783 1541 2877 quotiens

372 2899 444 2975 vidi
469 2899 624 2975 similem
650 2903 798 2975 casum!
823 2901 1057 2976 Camerarius
1077 2892 1113 2992 (⁵)
1140 2901 1219 2977 vult
1247 2923 1366 2996 suam,
1392 2905 1537 2980 cancel-

373 3019 485 3094 larius
509 3039 629 3114 suam,
654 3019 729 3094 imo
760 3020 956 3116 portarius,
988 3020 1037 3094 ita
1071 3019 1169 3114 quod
1199 3019 1322 3094 infelix
1348 3042 1538 3118 nunquam

373 3145 489 3234 potest
515 3139 689 3214 recedere
714 3139 780 3213 nisi
807 3144 905 3213 totus
921 3139 1116 3234 depilatus3
1134 3139 1197 3214 sed
1214 3146 1315 3214 certe
1333 3141 1400 3216 iste
1422 3142 1539 3235 placet

373 3260 472 3352 mibi,
497 3260 582 3334 licet
606 3267 702 3335 esset
727 3279 883 3356 magnus
907 3258 1069 3352 lurciler,
1096 3259 1181 3352 quia
1209 3258 1363 3334 finaliter
1388 3259 1541 3356 decipiet

371 3399 499 3453 omnes
513 3369 563 3473 (⁶),
590 3377 652 3473 qui
677 3377 727 3454 ita
753 3377 1001 3474 spoliaverunt
1026 3397 1125 3472 eum,
1144 3385 1180 3452 et
1205 3377 1397 3454 seminabit
1423 3379 1538 3454 rixam

372 3501 467 3575 inter
493 3519 566 3574 eos.

296 3647 299 3655 ·
446 3623 494 3692 Lo
510 3620 619 3692 duco.-
636 3620 781 3710 douquc.
799 3619 871 3691 lsta
895 3623 950 3692 est
969 3617 1076 3692 tertia
1092 3638 1177 3713 pars
1197 3619 1390 3714 generalis,
1409 3619 1445 3694 in
1467 3643 1539 3714 qua

370 3745 480 3814 autor
504 3736 659 3812 ostendit
684 3736 869 3830 quomodo
895 3737 963 3814 iste
988 3737 1170 3814 excellens
1191 3739 1398 3814 baratarius
1422 3741 1540 3815 mani-

371 3858 556 3934 festaverit
571 3857 711 3952 aliquot
726 3857 817 3932 alios
834 3876 927 3952 quos
944 3858 1170 3935 familiariter
1183 3865 1345 3935 noverat.
1359 3861 1404 3935 Et
1420 3861 1538 3956 primo

368 3979 470 4077 ponit
495 3977 818 4074 interrogationem
841 3976 978 4074 Virgilii
1003 3977 1049 4051 ad
1074 3976 1190 4071 illum,
1207 3978 1347 4052 dicens:
1370 3983 1419 4052 bo
1434 3983 1537 4072 duca,

369 4098 503 4175 scilicet
527 4097 699 4194 Virgilius
723 4095 829 4172 dixit:
851 4098 988 4187 donqnc
1004 4116 1050 4168 or
1068 4099 1116 4169 dt'
1128 4099 1171 4170 de
1190 4099 1241 4188 pti
1256 4099 1341 4170 alut
1357 4101 1418 4191 rx‘r',
1435 4097 1537 4194 idest,

368 4218 541 4294 debonis
566 4217 759 4292 baratariis
785 4217 856 4291 reis
873 4205 909 4309 (⁷)
938 4215 1105 4310 mortuis,
1131 4225 1168 4293 et
1193 4235 1323 4312 poenae,
1343 4223 1380 4292 et
1397 4221 1537 4315 specia-

369 4338 461 4432 liter,
487 4339 650 4430 coprrosci
673 4345 708 4410 tu
733 4340 835 4410 moun
859 4339 919 4408 ode
942 4339 997 4409 sia
1017 4339 1139 4429 ladon,
1160 4335 1261 4430 idest,
1280 4335 1432 4434 italicus,
1450 4341 1535 4433 quia

367 4457 475 4532 italici
492 4462 677 4531 noverunt
689 4446 727 4548 (⁸)
746 4456 842 4530 bene
857 4456 1041 4550 baretano,
1060 4457 1162 4550 quasi
1180 4455 1295 4530 dicat:
1313 4456 1432 4532 dixisti
1449 4459 1536 4534 mibi

367 4576 414 4653 de
437 4577 629 4673 baratarijs
654 4596 745 4670 quas
771 4575 884 4652 iecisti
914 4575 951 4650 in
981 4576 1161 4672 lllspanla,
1188 4577 1252 4652 sed
1281 4576 1412 4654 vellem
1443 4580 1537 4656 scire

427 4825 456 4888 (¹)
471 4823 503 4874 lt.
518 4835 535 4875 e
552 4827 604 4883 tro,
621 4823 714 4875 lurcall
730 4837 790 4875 meo
805 4823 901 4876 terreo.
1035 4824 1066 4931 (ι’)
1081 4825 1107 4875 S.
1123 4839 1139 4875 e
1155 4823 1186 4875 E.
1201 4825 1396 4876 retrahendum

427 4899 455 5038 g}
470 4899 660 5039 32⁶,vang
673 4979 732 5043 qula
748 4979 917 5032 merarius.
1035 4903 1065 5043 ί(3)
1080 4903 1249 5030 181ῦῖἱοῖξὲ

428 5053 456 5116 (¹)
471 5054 498 5105 s.
515 5053 566 5105 retr
581 5054 673 5105 mortis
689 5059 715 5106 et
731 5067 821 5119 prone.
1035 5054 1062 5116 (¹)
1078 5055 1109 5106 rt
1124 5055 1209 5106 artum
1225 5056 1300 5108 mne.
