4534 6842
687 895 757 960 tro
1081 903 1283 960 conminuit
1306 903 1455 958 er'Elltll

685 1047 785 1122 unde
809 1045 944 1121 hahent
967 1066 1077 1120 suum
1104 1045 1368 1122 monasterium
1403 1043 1601 1140 principale
1642 1049 1749 1118 extra
1781 1043 1854 1118 Bo-

685 1167 832 1242 nouiam
866 1165 965 1260 apud
989 1165 1112 1240 locum
1138 1165 1201 1260 qui
1233 1165 1365 1240 dicitur
1389 1164 1558 1240 Castrum
1585 1162 1787 1238 Britonum.
1814 1161 1858 1234 Et

685 1286 834 1381 quidam
860 1286 1015 1360 istorum
1042 1285 1200 1360 fratrum
1225 1291 1312 1359 sunt
1337 1285 1556 1380 sacerdotes,
1572 1283 1633 1359 alii
1658 1303 1749 1358 rem
1773 1288 1858 1356 sunt

614 1487 617 1492 ,
687 1405 882 1502 coniugati.
901 1405 946 1478 Et
967 1405 1082 1501 tangit
1108 1405 1268 1500 nomina,
1293 1405 1436 1481 dicens:
1453 1407 1599 1496 mmcd,
1618 1402 1721 1497 idest,
1739 1401 1859 1476 nomi-

688 1527 782 1601 nati:
808 1530 843 1599 io
872 1529 1049 1618 catelano,
1075 1527 1143 1601 iste
1168 1526 1235 1600 luit
1266 1525 1395 1600 nobilis
1430 1525 1486 1600 vir
1520 1525 1566 1600 de
1599 1523 1779 1600 Catelanis
1812 1521 1858 1598 de

689 1647 863 1742 Bononia,
891 1669 910 1720 c
943 1651 1051 1740 praesti
1080 1649 1302 1741 montom
1334 1645 1402 1721 iste
1437 1645 1507 1719 suit
1543 1645 1590 1720 de
1617 1643 1786 1719 Andalois
1801 1636 1878 1759 (Q

687 1791 707 1841 c
735 1771 843 1861 presi.
870 1767 935 1841 llic
969 1767 1164 1843 Catelanus
1197 1773 1323 1842 narrat
1357 1765 1502 1861 culpam
1537 1786 1655 1860 suam,
1682 1783 1766 1860 quae
1792 1763 1859 1836 luit

690 1909 825 1984 magna
850 1908 935 1983 pars
959 1886 1201 1961 damnationis
1226 1906 1369 1962 eorum.
1395 1885 1448 1959 ild
1476 1885 1575 1980 quod
1599 1891 1744 1980 oportet
1773 1885 1860 1960 hre-

690 2007 784 2082 viter
808 2007 914 2102 scire,
939 2006 1039 2100 quod
1066 2006 1310 2081 invalescente
1339 2005 1514 2081 divisione
1545 2005 1805 2100 partialitatum
1820 1995 1857 2096 (¹)

690 2127 894 2222 Florentiae,
921 2135 1072 2202 mortuo
1098 2147 1186 2222 rege
1211 2125 1409 2220 Maniredo,
1435 2145 1519 2222 pars
1543 2126 1738 2222 ghibellina
1764 2127 1860 2200 mul-

690 2255 770 2321 tum
798 2247 924 2344 tepuit,
945 2253 983 2322 et
1006 2247 1166 2346 guelpha
1191 2245 1365 2321 intumuit
1390 2245 1593 2321 Florentiae.
1620 2247 1723 2322 Unde
1744 2266 1862 2342 popu-

689 2368 757 2462 lus,
784 2367 847 2461 qui
882 2366 998 2464 magis
1028 2374 1109 2441 erat
1145 2367 1326 2464 guelphus
1359 2386 1470 2460 quam
1506 2365 1723 2464 ghibellinas
1754 2366 1864 2462 coepit

692 2508 944 2583 murmurare,
975 2494 1012 2562 et
1043 2488 1192 2584 guelphi
1232 2487 1368 2561 banniti
1398 2493 1435 2562 et
1467 2486 1638 2562 conlinati
1671 2493 1862 2582 coeperunt

694 2609 873 2685 reducere
898 2629 938 2683 se
963 2627 1093 2683 versus
1117 2607 1314 2703 civilatem,
1341 2617 1378 2684 et
1403 2615 1531 2684 tenere
1556 2614 1752 2682 tractatum
1775 2627 1862 2682 curu

692 2729 819 2804 amicis
845 2728 1028 2804 intraneis.
1055 2727 1157 2801 Unde
1178 2727 1275 2802 cives
1292 2728 1614 2820 conquerebantur
1630 2727 1677 2803 de
1701 2727 1864 2803 dominio

694 2849 835 2924 comitis
860 2846 1034 2922 Guidonis
1058 2847 1207 2942 Novelli,
1226 2847 1289 2941 qui
1315 2853 1396 2921 erat
1419 2845 1468 2921 toi
1493 2847 1652 2922 vicarius
1676 2867 1742 2942 pro
1763 2848 1865 2922 llan-

694 2968 807 3064 lredo,
835 2987 1018 3042 memores
1052 2965 1272 3041 damnorum
1309 2973 1541 3060 receptorum
1572 2967 1670 3062 apud
1704 2969 1861 3042 llontem

692 3089 882 3184 Apertum,
908 3086 971 3160 ubi
997 3106 1095 3160 unus
1119 3085 1305 3161 dimiserat
1330 3093 1485 3181 patrem,
1509 3087 1603 3162 alius
1624 3087 1752 3182 tilium,
1769 3088 1864 3164 alius

694 3211 855 3286 tratrem.
881 3208 1112 3303 Quapropter
1145 3207 1325 3302 principes
1357 3208 1469 3302 partis
1499 3208 1716 3304 ghibellinas,
1743 3208 1807 3302 qui
1824 3199 1863 3301 (³)

696 3338 783 3405 tunc
802 3329 979 3426 regebant
995 3327 1229 3423 Florentiam,
1242 3327 1289 3402 ad
1302 3328 1504 3403 sedandum
1522 3335 1559 3403 et
1575 3329 1862 3404 contentandum

695 3449 885 3545 populum,
910 3449 1104 3544 elegerunt
1128 3447 1221 3522 duos
1252 3447 1382 3522 milites
1422 3447 1553 3524 iratres
1581 3450 1783 3546 gaudentes
1818 3449 1864 3526 de

695 3567 869 3663 Bononia,
896 3587 1056 3662 quorum
1084 3587 1180 3640 unus
1206 3575 1359 3642 vocatus
1383 3575 1438 3643 eet
1464 3569 1577 3644 irater
1598 3570 1792 3644 Catelanus
1816 3570 1863 3646 de

698 3687 877 3764 munau
900 3686 947 3762 de
971 3686 1083 3761 domo
1108 3686 1278 3783 guelpha,
1308 3687 1401 3762 alter
1428 3689 1541 3764 irater
1565 3689 1792 3788 lodoringus
1817 3691 1863 3766 de

696 3806 866 3882 Andalois
890 3805 1066 3882 dedomo
1091 3805 1297 3903 ghibellina.
1323 3807 1381 3881 lsti
1406 3807 1481 3882 duo
1506 3809 1638 3884 tratres
1655 3809 1737 3884 iacti
1756 3811 1863 3885 Pote-

696 3933 808 4003 states
820 3926 1012 4002 Florentiae
1028 3946 1094 4022 per
1111 3927 1288 4022 populum
1307 3927 1410 4022 positi
1424 3928 1575 4003 luerunt
1591 3929 1628 4002 in
1644 3930 1778 4025 palatio
1798 3951 1864 4026 po-

697 4047 783 4143 puli,
810 4054 851 4122 ut
875 4053 1137 4124 conservarent
1150 4035 1187 4140 (⁸)
1212 4053 1347 4122 statum
1374 4047 1538 4144 civitatis,
1564 4057 1601 4124 et
1626 4057 1800 4126 carerent
1819 4051 1867 4125 ab

698 4168 866 4264 expensis
891 4169 1095 4264 supertluis.
1121 4167 1192 4257 Qui
1217 4167 1300 4242 licet
1325 4175 1447 4242 essent
1470 4169 1574 4244 divisi
1591 4171 1715 4248 animo
1731 4173 1867 4266 partia-

699 4288 819 4382 litatis,
845 4294 970 4362 tamen
994 4287 1064 4361 sub
1090 4286 1253 4383 tegmine
1278 4286 1377 4362 ianas
1395 4289 1593 4384 hypocrisis
1610 4293 1761 4367 luerunt
1778 4313 1867 4367 con-

698 4407 828 4482 cordes
864 4406 984 4504 magis
1019 4407 1065 4481 ad
1100 4426 1231 4481 eorum
1270 4407 1505 4482 commodum
1524 4410 1720 4506 privatum,
1754 4433 1866 4507 quam

699 4547 898 4602 commune
922 4527 1073 4601 bonum.
1101 4526 1372 4602 ordinaverunt
1395 4549 1486 4626 ergo
1507 4531 1607 4624 quod
1633 4531 1778 4628 triginta
1802 4553 1867 4607 sex

698 4648 864 4722 homines
877 4653 1102 4722 mercatores
1115 4645 1323 4724 etartitlces
1334 4647 1381 4723 de
1394 4650 1593 4725 maioribus
1605 4658 1644 4726 et
1656 4652 1868 4727 melioribus

760 4873 789 4936 (¹)
804 4871 834 4922 li.
852 4871 966 4924 ludatis.
1311 4873 1338 4937 (Ἴ
1354 4877 1379 4928 S.
1395 4877 1564 4942 putialltatlr.

760 4947 788 5010 (¹)
803 4947 833 4998 B.
848 4961 908 5012 qun
923 4953 986 5000 tnnc
1002 4951 1116 5014 regem
1126 4977 1155 4988 -
1166 4955 1219 5010 rte,
1236 4953 1281 5016 qui
1298 4958 1360 5004 tunc
1376 4955 1518 5020 regnam
1532 4955 1680 5008 riprende.

760 5023 789 5090 (⁸)
804 5023 835 5076 R.
851 5031 1058 5078 memrenc-
1069 5031 1123 5090 tlt,
1140 5027 1333 5082 conmmrrent
