4550 6844
791 950 930 1008 murus
954 952 1184 1008 consessurus.
1497 935 1569 1009 tra

397 1095 577 1174 samonis
592 1088 643 1189 (¹),
659 1096 766 1172 cuius
781 1102 864 1173 arte
888 1096 965 1192 ipsc
981 1095 1076 1192 cepit
1093 1095 1353 1172 nobilissimam
1370 1086 1407 1188 (¹)
1435 1095 1569 1175 urbem

396 1215 525 1292 Troice.
560 1214 605 1290 llt
636 1215 684 1291 ad
714 1214 1001 1292 declarationem
1036 1215 1147 1292 buius
1180 1215 1296 1290 bure
1329 1214 1416 1290 satis
1448 1213 1573 1290 brevis

396 1341 542 1430 oportet
573 1334 781 1412 necessario
815 1335 909 1410 scire
938 1335 1087 1432 longam
1118 1334 1315 1430 lictioncm,
1342 1354 1456 1430 quam
1487 1333 1574 1412 lacit

397 1454 569 1552 Virgilius
597 1457 628 1530 ll
657 1454 824 1550 uncinos,
859 1473 926 1550 par
960 1475 1074 1550 quam
1110 1455 1247 1550 patebit
1260 1445 1298 1548 (³)
1332 1461 1460 1550 aperte
1492 1453 1575 1548 quis

396 1573 508 1650 luerit
532 1573 656 1668 Slnon,
673 1579 712 1652 et
731 1573 849 1669 qualis
871 1573 983 1651 luerit
1006 1595 1125 1670 aqum
1151 1595 1227 1670 quo
1254 1574 1401 1650 tradidit
1426 1573 1574 1649 Troiam

398 1694 539 1791 grecis.
566 1694 686 1791 Fingit
710 1713 801 1790 ergo
826 1693 997 1792 Virgilius
1022 1695 1161 1770 Eneam
1182 1713 1339 1770 narrare
1355 1694 1492 1792 reginae
1510 1691 1575 1767 lli·

397 1813 485 1890 doni
509 1813 607 1908 apud
637 1812 895 1910 Carthaginem
925 1813 1108 1890 excidium
1144 1814 1273 1890 Troiae.
1309 1815 1442 1890 Narrat
1474 1811 1573 1887 cuim

397 1931 497 2026 quod
523 1951 630 2029 reges
655 1937 693 2008 et
716 1931 830 2008 duces
853 1951 1062 2029 graecorum
1089 1931 1173 2008 lessi
1205 1939 1244 2010 at
1268 1931 1373 2008 lracti
1397 1931 1575 2008 diuturno

397 2051 494 2127 ballo
517 2051 752 2147 desperantes
767 2051 815 2128 de
832 2051 986 2128 victoria
1005 2051 1172 2128 lecerunt
1191 2051 1363 2128 fabricari
1379 2071 1521 2146 equum
1534 2037 1573 2142 (⁴)

398 2190 578 2268 magnum
602 2170 649 2248 de
672 2169 870 2268 lignamine
898 2171 945 2246 ad
979 2171 1132 2246 modum
1163 2171 1297 2248 montis
1328 2171 1366 2246 in
1392 2172 1573 2246 bonorem

398 2289 478 2366 decc
504 2289 668 2384 Palladis,
689 2297 727 2364 et
750 2287 984 2364 ostendentes
1001 2310 1041 2366 se
1057 2289 1186 2366 iecisse
1206 2291 1277 2366 boc
1293 2290 1339 2366 ad
1356 2287 1573 2385 placandam

398 2407 508 2484 dcam
539 2407 671 2483 iratam
696 2414 926 2502 contraeas,
953 2409 1181 2486 incluserunt
1195 2399 1233 2502 (ὃ)
1260 2409 1298 2486 in
1323 2415 1493 2485 ventrem
1518 2405 1576 2483 vi·

401 2547 463 2602 ros
488 2525 735 2620 electissimos,
753 2532 791 2604 at
810 2527 1026 2605 simulantes
1053 2528 1230 2606 recedere
1245 2528 1293 2604 ab
1309 2527 1498 2604 obsidione
1514 2543 1577 2600 ac-

400 2652 590 2722 cesserunt
614 2645 662 2720 ad
686 2646 843 2722 insulam
870 2649 1034 2724 Tenedos
1060 2667 1108 2724 ex
1132 2648 1298 2744 opposito
1318 2647 1448 2741 Troiae,
1467 2652 1507 2722 ct
1526 2644 1575 2720 ibi

400 2765 591 2842 latuerunt
615 2764 652 2840 in
677 2765 822 2840 insidiis.
847 2767 995 2843 Troiani
1019 2787 1066 2844 cx
1089 2769 1160 2844 boc
1177 2767 1367 2844 credentes
1387 2767 1467 2842 illos
1487 2783 1578 2840 vere

402 2882 606 2978 recessisse,
634 2885 770 2980 apertis
803 2885 928 2982 portis,
959 2893 1154 2982 coeperunt
1177 2887 1281 2962 exire
1311 2885 1508 2979 civitatem,
1539 2889 1578 2958 et

402 3001 611 3078 discurrere
634 3023 701 3099 par
727 3003 829 3080 varia
854 3003 946 3100 loca,
964 3005 1027 3080 ubi
1045 3003 1192 3080 lucrant
1208 3011 1328 3082 castra
1353 3022 1575 3101 grecorum,
1737 3057 1741 3064 -

402 3128 441 3198 ct
464 3121 544 3198 aliis
568 3123 805 3200 suadentibus
832 3130 874 3199 ut
898 3143 1019 3220 equus
1035 3123 1333 3200 introduceretur
1357 3123 1394 3199 in
1415 3123 1577 3217 Troiam,

401 3241 480 3316 aliis
510 3247 553 3316 ut
583 3249 814 3320 cremaretur
845 3243 906 3318 vel
937 3242 1231 3338 precipitaretur
1260 3242 1297 3317 in
1329 3261 1457 3336 mare;
1489 3260 1577 3318 ecco

402 3359 552 3455 quidam
577 3367 741 3455 pastores
774 3361 906 3438 troiani
939 3361 1132 3438 trahebant
1165 3361 1365 3458 quemdam
1392 3361 1574 3458 juvenem

402 3480 573 3556 manibus
597 3487 679 3576 post
704 3487 853 3578 tergum
879 3480 1050 3578 religatis.
1077 3482 1143 3556 Hic
1163 3488 1245 3556 erat
1264 3501 1410 3578 graecus
1426 3480 1578 3557 nomine

402 3599 527 3694 Sinon,
553 3599 618 3694 qui
642 3600 690 3676 de
715 3599 893 3677 industria
917 3607 1047 3696 sponte
1072 3600 1257 3678 obtulerat
1280 3621 1322 3676 sa
1346 3601 1577 3696 capiendum,

402 3724 446 3794 ut
470 3739 539 3796 sua
564 3719 694 3796 fraude
720 3719 882 3798 traderet
912 3720 1060 3796 Troiam
1090 3719 1233 3817 graecis.
1266 3720 1415 3796 Cunctis
1448 3725 1577 3796 autem

402 3838 638 3914 illudentibus
663 3838 775 3914 Sinon
800 3839 911 3934 coepit
941 3839 1132 3934 conqueri,
1165 3845 1203 3914 et
1234 3839 1380 3916 dicere:
1410 3840 1485 3914 beu
1517 3858 1581 3915 me

404 3957 605 4032 mberumt
636 3978 722 4052 quae
756 3963 867 4052 terra,
894 3957 994 4052 quod
1020 3977 1124 4034 mare
1149 3957 1257 4034 debet
1292 3977 1354 4033 mc
1384 3957 1580 4052 recipere?

404 4074 504 4170 quod
530 4075 716 4172 retugium
744 4081 856 4151 relat
881 4075 982 4170 mibi,
1008 4095 1095 4150 cum
1125 4075 1224 4170 apud
1252 4096 1396 4174 graecos
1422 4095 1496 4152 non
1521 4075 1579 4150 in·

404 4193 551 4270 veniam
576 4193 711 4290 locum,
737 4201 775 4270 et
799 4193 866 4290 ipsi
890 4193 1023 4270 troiani
1048 4192 1177 4270 ollensi
1202 4201 1332 4291 petunt
1358 4194 1577 4292 supplicium

403 4319 443 4388 et
468 4317 629 4388 mortem
655 4317 803 4390 meaml
828 4313 975 4390 Troiani
995 4312 1043 4390 ad
1068 4315 1148 4390 baec
1167 4315 1283 4392 verba
1305 4313 1436 4411 placati
1453 4333 1579 4409 coepe·

405 4439 493 4508 runt
516 4432 656 4508 bortari
681 4433 813 4530 ipsum,
839 4439 882 4508 ut
906 4433 1045 4511 dicaret
1074 4435 1158 4528 quis
1187 4441 1295 4530 esset,
1321 4441 1359 4512 et
1390 4434 1479 4530 quid
1508 4434 1579 4510 iret

404 4545 580 4628 iaciendo.
607 4553 710 4628 Tunc
735 4551 858 4647 Sinon,
884 4553 989 4647 quasi
1023 4553 1158 4632 timore
1182 4555 1359 4652 deposito,
1392 4553 1580 4650 respondit

406 4689 494 4744 cum
519 4689 655 4768 magua
677 4677 779 4748 arta:
800 4672 831 4748 Ο
849 4691 916 4746 ren
937 4671 1094 4768 Priame,
1112 4693 1183 4770 ego
1210 4674 1369 4751 releram
1388 4673 1452 4748 tibi
1470 4692 1577 4750 vera:

406 4806 479 4882 ego
503 4808 578 4863 non
602 4789 746 4885 negabo
779 4809 840 4866 me
865 4797 995 4864 natum
1019 4791 1066 4868 de
1090 4800 1202 4888 gente
1225 4814 1360 4890 graeca,
1386 4798 1425 4868 et
1449 4792 1478 4866 sl
1504 4791 1581 4867 lor·

470 4965 498 5027 a
513 4964 540 5016 s.
556 4966 665 5018 suom
854 4968 882 5030 a
898 4925 1580 5034 Μ

471 5043 498 5106 (ll
514 5041 545 5094 B.
561 5057 645 5094 uuum
661 5057 766 5108 equum
853 5045 881 5108 (Ἴ
897 5045 928 5096 Ε.
944 5045 1109 5100 recluserunt
1125 5047 1153 5098 iu
1168 5051 1259 5100 rcutm
1275 5049 1361 5102 buu.
