4550 6844
779 971 919 1029 marus
945 967 1172 1058 nummus.
1486 961 1556 1030 rar

387 1137 545 1212 auoque,
570 1115 674 1211 idest,
698 1115 787 1212 petil
802 1110 851 1210 (¹),
877 1119 957 1211 quel
985 1108 1088 1190 cl'e‘e
1116 1133 1213 1188 reme
1240 1133 1314 1188 nee
1339 1117 1447 1210 surse,
1473 1116 1560 1211 quia

386 1243 488 1334 optat
512 1236 612 1332 qued
638 1236 683 1310 sit
706 1235 905 1332 somnium,
924 1236 1027 1311 velut
1042 1233 1072 1310 si
1092 1254 1168 1310 uon
1186 1240 1300 1329 esset3
1316 1242 1355 1311 el
1371 1242 1496 1312 umen
1512 1237 1560 1314 de

386 1357 440 1434 rei
465 1356 621 1432 veritate
645 1355 696 1432 sie
720 1362 787 1450 est,
813 1363 851 1433 et
875 1373 963 1432 ecee
987 1354 1199 1450 quomode:
1229 1353 1291 1428 eiu
1317 1357 1457 1430 uirium
1480 1375 1560 1432 seu-

384 1480 499 1554 surmi
522 1499 541 1552 e
561 1497 711 1552 serram
726 1497 782 1550 me
798 1479 954 1569 mauvia,
972 1474 1119 1570 scilieet,
1136 1475 1216 1552 siue
1230 1475 1417 1552 locutione
1433 1483 1558 1552 esten-

386 1597 505 1676 deudo
529 1596 791 1675 verecundiam
819 1596 1012 1672 ardentem
1046 1594 1083 1670 in
1112 1595 1216 1690 facie,
1246 1617 1330 1690 quae
1355 1597 1559 1673 excusabat

386 1738 460 1813 me,
485 1740 504 1793 e
527 1720 590 1791 nol
611 1719 661 1792 mi
679 1719 802 1790 oredeu
815 1720 911 1810 sare,
928 1736 1014 1792 curn
1041 1721 1166 1790 tamen
1183 1715 1343 1792 iacerem
1363 1718 1462 1792 ultra
1478 1718 1559 1793 exi-

385 1837 549 1936 gentiam
575 1835 706 1912 delicti.
720 1875 770 1890 -
782 1839 961 1928 Mayoior.
979 1835 1044 1910 Hie
1069 1840 1180 1910 auter
1195 1835 1353 1912 ostendit
1369 1839 1558 1932 quomodo

385 1957 557 2054 Virgilius
580 1955 779 2031 absolverit
803 1975 891 2030 eum
916 1975 939 2030 a
965 1954 1050 2030 fallo
1074 1973 1155 2050 suo,
1182 1955 1308 2032 videus
1332 1975 1461 2033 reram
1479 1979 1559 2054 poe-

385 2075 574 2152 nitentiam
600 2075 692 2169 eius,
718 2074 816 2150 uude
840 2073 948 2168 dieii3
972 2075 1001 2146 il
1023 2080 1176 2147 maesse
1200 2075 1310 2148 disse:
1332 2097 1410 2150 mer
1431 2097 1559 2172 verqu-

384 2217 459 2290 gmu
483 2199 568 2270 luva
592 2197 759 2286 mayaior
778 2195 897 2288 dissue
911 2195 1011 2268 ciel
1024 2202 1083 2268 liro
1100 2213 1173 2267 rrorr
1197 2191 1234 2270 ὰ·
1257 2203 1362 2289 slulo,
1378 2197 1485 2290 quasi
1501 2197 1558 2272 di·

384 2325 466 2396 uait
492 2315 714 2393 verecundia
740 2315 807 2390 ista
834 2321 899 2389 tua
923 2321 1020 2390 esset
1043 2315 1231 2392 sufficiens
1254 2317 1302 2392 ad
1331 2317 1554 2394 abolendum

384 2439 505 2514 maius
528 2435 715 2529 delicium,
732 2453 845 2529 quam
862 2431 959 2510 istud
979 2434 1109 2531 luerit3
1136 2436 1217 2512 ideo
1243 2435 1349 2514 dicit:
1375 2460 1394 2511 e
1413 2431 1505 2532 perci
1531 2443 1558 2514 li

382 2561 555 2650 &syrena
578 2557 713 2647 ‹l’oyrri
735 2557 899 2656 aurisia,
916 2573 1030 2649 quam
1046 2556 1259 2652 eeueeperr's
1279 2576 1326 2633 ex
1343 2556 1423 2631 hoe.
1443 2558 1486 2632 lii
1503 2559 1557 2634 sie

383 2677 477 2772 ride,
496 2674 683 2770 quomodo
697 2666 735 2767 (¹)
760 2675 818 2750 rir
841 2675 984 2770 sapiens
1000 2673 1154 2753 faciliter
1169 2677 1391 2752 emendatur
1406 2677 1454 2752 ad
1470 2698 1556 2775 par·

383 2815 469 2872 ram
480 2785 518 2888 (³)
534 2792 822 2890 increpationem
838 2794 1077 2890 sapientioris.
1094 2795 1139 2873 Et
1155 2796 1287 2872 ultimo
1303 2796 1476 2894 Virgilius
1492 2799 1557 2874 dat

384 2935 496 2991 suum
520 2913 711 2989 eonsilium
737 2913 830 2990 utile
852 2920 892 2989 et
915 2933 1047 2990 sanum
1072 2915 1206 3010 autori,
1223 2914 1365 2992 diceus:
1383 2937 1403 2990 e
1421 2921 1464 3011 fa
1487 2937 1556 2991 ra-

381 3041 467 3130 yion
481 3038 533 3110 cll'
544 3039 581 3110 ie
597 3037 624 3108 li
637 3038 695 3109 sie
709 3055 846 3128 seruere
862 3055 887 3108 a
903 3037 989 3127 lato,
1003 3034 1108 3129 quasi
1124 3035 1241 3110 dieat:
1262 3036 1356 3114 ratio
1378 3037 1557 3114 relroeuel

382 3161 420 3232 le
432 3143 483 3250 (⁸),
495 3156 555 3230 rel
572 3153 668 3230 lrabe
683 3172 830 3250 semper
846 3161 970 3229 tecum
988 3159 1076 3230 aule
1093 3155 1221 3230 oeulos
1241 3145 1552 3252 ruenlis'aliquem

381 3275 583 3370 sapientem
612 3271 749 3366 virum,
776 3293 815 3348 ae
840 3267 903 3366 piu
934 3273 1059 3348 aurien
1087 3275 1148 3348 elle
1173 3277 1321 3367 foruna
1348 3278 1554 3370 l’aeeoqliu,

381 3395 433 3470 ila
458 3393 556 3490 quod
582 3393 699 3469 vilare
724 3413 798 3468 neu
822 3393 947 3489 possis,
972 3413 1037 3468 oue
1060 3397 1142 3468 riae
1164 3398 1259 3486 yonii
1281 3399 1320 3470 irr
1346 3400 1555 3490 melaria

376 3516 490 3607 piato,
516 3512 617 3606 idest,
643 3513 681 3586 in
710 3512 773 3588 lile
801 3517 878 3586 lam
903 3511 1116 3608 inhonesta3
1141 3520 1181 3588 et
1211 3533 1299 3591 eeee
1323 3535 1467 3611 quare:
1493 3515 1556 3594 old

380 3635 478 3707 veles
496 3623 551 3706 mil
565 3633 668 3705 edio
684 3625 825 3706 elassa
842 3635 973 3725 veelle,
991 3631 1095 3727 idest,
1114 3633 1285 3727 quedam
1304 3636 1422 3713 vilitas
1437 3639 1553 3714 animi

380 3749 663 3828 aeeommudare
686 3770 820 3827 aurem
845 3757 921 3828 tam
948 3752 1081 3849 inepte
1106 3755 1272 3830 materie
1288 3747 1338 3848 (⁸).

442 3973 629 4038 ermm-
816 3975 987 4043 llssruou.
1176 3981 1387 4050 (lupum.

444 4050 471 4113 (⁸)
487 4049 512 4101 S.
530 4055 556 4102 te
572 4065 633 4101 eum
650 4049 729 4103 habes
744 4057 804 4122 aule
820 4053 918 4105 oeulos.
1173 4059 1201 4121 (Ι)
1217 4059 1248 4112 Β.
1265 4061 1355 4112 merel,
