<?xml version="1.0" encoding="UTF-8"?>
<!DOCTYPE html PUBLIC "-//W3C//DTD XHTML 1.0 Transitional//EN"
    "http://www.w3.org/TR/xhtml1/DTD/xhtml1-transitional.dtd">
<html xmlns="http://www.w3.org/1999/xhtml" xml:lang="en" lang="en">
 <head>
  <title>
</title>
<meta http-equiv="Content-Type" content="text/html;charset=utf-8" />
  <meta name='ocr-system' content='tesseract 3.04.00' />
  <meta name='ocr-capabilities' content='ocr_page ocr_carea ocr_par ocr_line ocrx_word'/>
</head>
<body>
  <div class='ocr_page' id='page_1' title='image "./comentumsuperda01benvgoog_0090.png"; bbox 0 0 4526 6836; ppageno 0'>
   <div class='ocr_carea' id='block_1_1' title="bbox 790 935 1550 1006">
    <p class='ocr_par' dir='ltr' id='par_1_1' title="bbox 790 935 1550 1006">
     <span class='ocr_line' id='line_1_1' title="bbox 790 935 1550 1006; baseline -0.001 -4"><span class='ocrx_word' id='word_1_1' title='bbox 790 945 1153 1006; x_wconf 72' lang='lat' dir='ltr'><strong>usurus&#39;vluusmus.</strong></span> <span class='ocrx_word' id='word_1_2' title='bbox 1506 935 1550 1002; x_wconf 84' lang='lat'><strong>81</strong></span> 
     </span>
    </p>
   </div>
   <div class='ocr_carea' id='block_1_2' title="bbox 387 1084 1576 4793">
    <p class='ocr_par' dir='ltr' id='par_1_2' title="bbox 387 1084 1576 4793">
     <span class='ocr_line' id='line_1_2' title="bbox 388 1084 1557 1190; baseline -0.002 -22"><span class='ocrx_word' id='word_1_3' title='bbox 388 1097 464 1168; x_wconf 89' lang='lat' dir='ltr'><strong>tooo</strong></span> <span class='ocrx_word' id='word_1_4' title='bbox 489 1089 526 1168; x_wconf 76' lang='lat' dir='ltr'><strong>te</strong></span> <span class='ocrx_word' id='word_1_5' title='bbox 553 1095 613 1166; x_wconf 83' lang='lat' dir='ltr'><strong>ael</strong></span> <span class='ocrx_word' id='word_1_6' title='bbox 635 1111 770 1184; x_wconf 79' lang='lat' dir='ltr'><strong>orezzo,</strong></span> <span class='ocrx_word' id='word_1_7' title='bbox 800 1093 998 1168; x_wconf 86' lang='lat' dir='ltr'><strong>confinium</strong></span> <span class='ocrx_word' id='word_1_8' title='bbox 1028 1094 1316 1190; x_wconf 87' lang='lat' dir='ltr'><strong>episcopatuum,</strong></span> <span class='ocrx_word' id='word_1_9' title='bbox 1342 1084 1378 1166; x_wconf 84' lang='lat' dir='ltr'><strong>td</strong></span> <span class='ocrx_word' id='word_1_10' title='bbox 1411 1093 1498 1166; x_wconf 86' lang='lat' dir='ltr'><strong>douc</strong></span> <span class='ocrx_word' id='word_1_11' title='bbox 1529 1089 1557 1166; x_wconf 81' lang='lat' dir='ltr'><strong>tt</strong></span> 
     </span>
     <span class='ocr_line' id='line_1_3' title="bbox 388 1211 1556 1311; baseline -0.003 -21"><span class='ocrx_word' id='word_1_12' title='bbox 388 1223 517 1290; x_wconf 77' lang='lat' dir='ltr'><strong><em>Pastor</em></strong></span> <span class='ocrx_word' id='word_1_13' title='bbox 554 1217 730 1305; x_wconf 69' lang='lat' dir='ltr'><strong>nonno,</strong></span> <span class='ocrx_word' id='word_1_14' title='bbox 760 1211 850 1289; x_wconf 87' lang='lat' dir='ltr'><strong>idest</strong></span> <span class='ocrx_word' id='word_1_15' title='bbox 883 1215 1073 1311; x_wconf 91' lang='lat' dir='ltr'><strong>episcopus</strong></span> <span class='ocrx_word' id='word_1_16' title='bbox 1103 1214 1332 1308; x_wconf 79' lang='lat' dir='ltr'><strong>tridentinus,</strong></span> <span class='ocrx_word' id='word_1_17' title='bbox 1362 1235 1381 1287; x_wconf 84' lang='lat' dir='ltr'><strong>e</strong></span> <span class='ocrx_word' id='word_1_18' title='bbox 1412 1216 1492 1305; x_wconf 71' lang='lat' dir='ltr'><strong>pter</strong></span> <span class='ocrx_word' id='word_1_19' title='bbox 1518 1215 1556 1286; x_wconf 85' lang='lat' dir='ltr'><strong>di</strong></span> 
     </span>
     <span class='ocr_line' id='line_1_4' title="bbox 388 1333 1557 1430; baseline -0.003 -20"><span class='ocrx_word' id='word_1_20' title='bbox 388 1339 544 1427; x_wconf 85' lang='lat' dir='ltr'><strong>Brescr&#39;a,</strong></span> <span class='ocrx_word' id='word_1_21' title='bbox 569 1333 704 1410; x_wconf 88' lang='lat' dir='ltr'><strong>scilicet</strong></span> <span class='ocrx_word' id='word_1_22' title='bbox 730 1337 863 1428; x_wconf 88' lang='lat' dir='ltr'><strong>pastor,</strong></span> <span class='ocrx_word' id='word_1_23' title='bbox 890 1335 948 1409; x_wconf 83' lang='lat' dir='ltr'><strong>vel</strong></span> <span class='ocrx_word' id='word_1_24' title='bbox 973 1333 1173 1430; x_wconf 88' lang='lat' dir='ltr'><strong>episcopus,</strong></span> <span class='ocrx_word' id='word_1_25' title='bbox 1195 1357 1214 1408; x_wconf 88' lang='lat' dir='ltr'><strong>c</strong></span> <span class='ocrx_word' id='word_1_26' title='bbox 1233 1338 1259 1408; x_wconf 82' lang='lat'><strong>’1</strong></span> <span class='ocrx_word' id='word_1_27' title='bbox 1289 1339 1468 1425; x_wconf 83' lang='lat' dir='ltr'><strong>Vcrortasc,</strong></span> <span class='ocrx_word' id='word_1_28' title='bbox 1485 1333 1557 1408; x_wconf 90' lang='lat' dir='ltr'><strong>sci-</strong></span> 
     </span>
     <span class='ocr_line' id='line_1_5' title="bbox 388 1448 1555 1552; baseline -0.004 -20"><span class='ocrx_word' id='word_1_29' title='bbox 388 1456 471 1532; x_wconf 87' lang='lat' dir='ltr'><strong>licet</strong></span> <span class='ocrx_word' id='word_1_30' title='bbox 500 1462 633 1552; x_wconf 88' lang='lat' dir='ltr'><strong>pastor,</strong></span> <span class='ocrx_word' id='word_1_31' title='bbox 666 1453 725 1528; x_wconf 87' lang='lat' dir='ltr'><strong>vel</strong></span> <span class='ocrx_word' id='word_1_32' title='bbox 759 1454 960 1548; x_wconf 88' lang='lat' dir='ltr'><strong>episcopus,</strong></span> <span class='ocrx_word' id='word_1_33' title='bbox 983 1448 1090 1547; x_wconf 72' lang='lat' dir='ltr'><strong>portu</strong></span> <span class='ocrx_word' id='word_1_34' title='bbox 1113 1476 1257 1547; x_wconf 82' lang='lat' dir='ltr'><strong>sepnor,</strong></span> <span class='ocrx_word' id='word_1_35' title='bbox 1283 1455 1383 1550; x_wconf 81' lang='lat' dir='ltr'><strong>idest,</strong></span> <span class='ocrx_word' id='word_1_36' title='bbox 1410 1455 1555 1550; x_wconf 83' lang='lat' dir='ltr'><strong>signum</strong></span> 
     </span>
     <span class='ocr_line' id='line_1_6' title="bbox 388 1573 1556 1670; baseline -0.003 -19"><span class='ocrx_word' id='word_1_37' title='bbox 388 1576 507 1651; x_wconf 92' lang='lat' dir='ltr'><strong>crucis</strong></span> <span class='ocrx_word' id='word_1_38' title='bbox 531 1575 664 1668; x_wconf 88' lang='lat' dir='ltr'><strong>lacere,</strong></span> <span class='ocrx_word' id='word_1_39' title='bbox 689 1595 726 1646; x_wconf 84' lang='lat' dir='ltr'><strong>se</strong></span> <span class='ocrx_word' id='word_1_40' title='bbox 747 1577 858 1667; x_wconf 77' lang='lat' dir='ltr'><strong>sessor</strong></span> <span class='ocrx_word' id='word_1_41' title='bbox 882 1577 962 1664; x_wconf 79' lang='lat' dir='ltr'><strong>puel</strong></span> <span class='ocrx_word' id='word_1_42' title='bbox 987 1578 1139 1664; x_wconf 82' lang='lat' dir='ltr'><strong>comino,</strong></span> <span class='ocrx_word' id='word_1_43' title='bbox 1165 1574 1266 1670; x_wconf 89' lang='lat' dir='ltr'><strong>idest,</strong></span> <span class='ocrx_word' id='word_1_44' title='bbox 1299 1573 1329 1648; x_wconf 89' lang='lat' dir='ltr'><strong>si</strong></span> <span class='ocrx_word' id='word_1_45' title='bbox 1358 1575 1556 1650; x_wconf 76' lang='lat' dir='ltr'><strong>transirent</strong></span> 
     </span>
     <span class='ocr_line' id='line_1_7' title="bbox 388 1693 1555 1791; baseline -0.002 -21"><span class='ocrx_word' id='word_1_46' title='bbox 388 1717 454 1791; x_wconf 90' lang='lat' dir='ltr'><strong>per</strong></span> <span class='ocrx_word' id='word_1_47' title='bbox 486 1696 585 1770; x_wconf 90' lang='lat' dir='ltr'><strong>illam</strong></span> <span class='ocrx_word' id='word_1_48' title='bbox 621 1701 775 1789; x_wconf 87' lang='lat' dir='ltr'><strong>partem.</strong></span> <span class='ocrx_word' id='word_1_49' title='bbox 811 1694 887 1768; x_wconf 88' lang='lat' dir='ltr'><strong>lloc</strong></span> <span class='ocrx_word' id='word_1_50' title='bbox 919 1713 986 1788; x_wconf 89' lang='lat' dir='ltr'><strong>pro</strong></span> <span class='ocrx_word' id='word_1_51' title='bbox 1019 1701 1120 1770; x_wconf 88' lang='lat' dir='ltr'><strong>tanto</strong></span> <span class='ocrx_word' id='word_1_52' title='bbox 1153 1695 1249 1788; x_wconf 90' lang='lat' dir='ltr'><strong>dicit,</strong></span> <span class='ocrx_word' id='word_1_53' title='bbox 1283 1693 1369 1789; x_wconf 88' lang='lat' dir='ltr'><strong>quia</strong></span> <span class='ocrx_word' id='word_1_54' title='bbox 1401 1695 1555 1789; x_wconf 88' lang='lat' dir='ltr'><strong>dejure</strong></span> 
     </span>
     <span class='ocr_line' id='line_1_8' title="bbox 387 1815 1555 1911; baseline -0.003 -19"><span class='ocrx_word' id='word_1_55' title='bbox 387 1817 563 1892; x_wconf 92' lang='lat' dir='ltr'><strong>canonico</strong></span> <span class='ocrx_word' id='word_1_56' title='bbox 587 1816 776 1911; x_wconf 87' lang='lat' dir='ltr'><strong>episcopus</strong></span> <span class='ocrx_word' id='word_1_57' title='bbox 802 1836 875 1889; x_wconf 92' lang='lat' dir='ltr'><strong>non</strong></span> <span class='ocrx_word' id='word_1_58' title='bbox 901 1820 1019 1909; x_wconf 89' lang='lat' dir='ltr'><strong>potest</strong></span> <span class='ocrx_word' id='word_1_59' title='bbox 1044 1815 1189 1911; x_wconf 82' lang='lat' dir='ltr'><strong>signare</strong></span> <span class='ocrx_word' id='word_1_60' title='bbox 1206 1821 1310 1890; x_wconf 84' lang='lat' dir='ltr'><strong>extra</strong></span> <span class='ocrx_word' id='word_1_61' title='bbox 1331 1815 1555 1910; x_wconf 87' lang='lat' dir='ltr'><strong>jurisdictio-</strong></span> 
     </span>
     <span class='ocr_line' id='line_1_9' title="bbox 388 1929 1556 2042; baseline -0.004 -31"><span class='ocrx_word' id='word_1_62' title='bbox 388 1957 473 2011; x_wconf 93' lang='lat' dir='ltr'><strong>nem</strong></span> <span class='ocrx_word' id='word_1_63' title='bbox 491 1929 528 2030; x_wconf 79' lang='lat'><strong>(⁴)</strong></span> <span class='ocrx_word' id='word_1_64' title='bbox 560 1957 690 2030; x_wconf 82' lang='lat' dir='ltr'><strong>suam3</strong></span> <span class='ocrx_word' id='word_1_65' title='bbox 716 1934 826 2009; x_wconf 90' lang='lat' dir='ltr'><strong>modo</strong></span> <span class='ocrx_word' id='word_1_66' title='bbox 857 1934 944 2029; x_wconf 87' lang='lat' dir='ltr'><strong>quia</strong></span> <span class='ocrx_word' id='word_1_67' title='bbox 978 1934 1037 2009; x_wconf 92' lang='lat' dir='ltr'><strong>hic</strong></span> <span class='ocrx_word' id='word_1_68' title='bbox 1063 1935 1308 2042; x_wconf 74' lang='lat' dir='ltr'><strong>terminantur</strong></span> <span class='ocrx_word' id='word_1_69' title='bbox 1338 1940 1413 2009; x_wconf 90' lang='lat' dir='ltr'><strong>tres</strong></span> <span class='ocrx_word' id='word_1_70' title='bbox 1441 1933 1556 2030; x_wconf 90' lang='lat' dir='ltr'><strong>juris-</strong></span> 
     </span>
     <span class='ocr_line' id='line_1_10' title="bbox 388 2054 1555 2151; baseline -0.004 -19"><span class='ocrx_word' id='word_1_71' title='bbox 388 2057 571 2150; x_wconf 82' lang='lat' dir='ltr'><strong>dictiones,</strong></span> <span class='ocrx_word' id='word_1_72' title='bbox 596 2065 749 2151; x_wconf 90' lang='lat' dir='ltr'><strong>possunt</strong></span> <span class='ocrx_word' id='word_1_73' title='bbox 772 2055 917 2150; x_wconf 83' lang='lat' dir='ltr'><strong>signare</strong></span> <span class='ocrx_word' id='word_1_74' title='bbox 942 2061 1017 2129; x_wconf 84' lang='lat' dir='ltr'><strong>tros</strong></span> <span class='ocrx_word' id='word_1_75' title='bbox 1043 2054 1197 2150; x_wconf 85' lang='lat' dir='ltr'><strong>episcopi</strong></span> <span class='ocrx_word' id='word_1_76' title='bbox 1224 2054 1555 2150; x_wconf 74' lang='lat' dir='ltr'><strong>predicti-Sioda</strong></span> 
     </span>
     <span class='ocr_line' id='line_1_11' title="bbox 388 2165 1576 2270; baseline -0.001 -20"><span class='ocrx_word' id='word_1_77' title='bbox 388 2179 582 2251; x_wconf 80' lang='lat' dir='ltr'><strong>Pesclriero.</strong></span> <span class='ocrx_word' id='word_1_78' title='bbox 612 2176 677 2250; x_wconf 92' lang='lat' dir='ltr'><strong>llic</strong></span> <span class='ocrx_word' id='word_1_79' title='bbox 706 2175 876 2270; x_wconf 78' lang='lat' dir='ltr'><strong>Virgilius</strong></span> <span class='ocrx_word' id='word_1_80' title='bbox 905 2174 1075 2250; x_wconf 85' lang='lat' dir='ltr'><strong>describit</strong></span> <span class='ocrx_word' id='word_1_81' title='bbox 1105 2176 1141 2248; x_wconf 96' lang='lat' dir='ltr'><strong>in</strong></span> <span class='ocrx_word' id='word_1_82' title='bbox 1171 2174 1315 2270; x_wconf 89' lang='lat' dir='ltr'><strong>speciali</strong></span> <span class='ocrx_word' id='word_1_83' title='bbox 1348 2195 1464 2248; x_wconf 94' lang='lat' dir='ltr'><strong>unum</strong></span> <span class='ocrx_word' id='word_1_84' title='bbox 1490 2165 1576 2249; x_wconf 79' lang='lat' dir='ltr'><strong>ca-‘l</strong></span> 
     </span>
     <span class='ocr_line' id='line_1_12' title="bbox 388 2293 1555 2391; baseline -0.002 -21"><span class='ocrx_word' id='word_1_85' title='bbox 388 2298 545 2390; x_wconf 81' lang='lat' dir='ltr'><strong>stallum,</strong></span> <span class='ocrx_word' id='word_1_86' title='bbox 580 2295 738 2391; x_wconf 88' lang='lat' dir='ltr'><strong>positum</strong></span> <span class='ocrx_word' id='word_1_87' title='bbox 770 2295 807 2368; x_wconf 96' lang='lat' dir='ltr'><strong>in</strong></span> <span class='ocrx_word' id='word_1_88' title='bbox 840 2293 912 2369; x_wconf 88' lang='lat' dir='ltr'><strong>fine</strong></span> <span class='ocrx_word' id='word_1_89' title='bbox 949 2294 1052 2367; x_wconf 91' lang='lat' dir='ltr'><strong>istius</strong></span> <span class='ocrx_word' id='word_1_90' title='bbox 1082 2294 1194 2387; x_wconf 90' lang='lat' dir='ltr'><strong>lacus,</strong></span> <span class='ocrx_word' id='word_1_91' title='bbox 1233 2300 1277 2367; x_wconf 93' lang='lat' dir='ltr'><strong>ut</strong></span> <span class='ocrx_word' id='word_1_92' title='bbox 1310 2294 1360 2370; x_wconf 92' lang='lat' dir='ltr'><strong>sic</strong></span> <span class='ocrx_word' id='word_1_93' title='bbox 1390 2293 1555 2368; x_wconf 87' lang='lat' dir='ltr'><strong>ordinate</strong></span> 
     </span>
     <span class='ocr_line' id='line_1_13' title="bbox 388 2413 1553 2508; baseline -0.004 -18"><span class='ocrx_word' id='word_1_94' title='bbox 388 2418 509 2492; x_wconf 80' lang='lat' dir='ltr'><strong>veniat</strong></span> <span class='ocrx_word' id='word_1_95' title='bbox 533 2416 579 2490; x_wconf 92' lang='lat' dir='ltr'><strong>ad</strong></span> <span class='ocrx_word' id='word_1_96' title='bbox 606 2425 730 2491; x_wconf 90' lang='lat' dir='ltr'><strong>ortum</strong></span> <span class='ocrx_word' id='word_1_97' title='bbox 748 2425 786 2490; x_wconf 90' lang='lat' dir='ltr'><strong>et</strong></span> <span class='ocrx_word' id='word_1_98' title='bbox 806 2413 1023 2508; x_wconf 91' lang='lat' dir='ltr'><strong>principium</strong></span> <span class='ocrx_word' id='word_1_99' title='bbox 1041 2413 1157 2487; x_wconf 85' lang='lat' dir='ltr'><strong>Mincii</strong></span> <span class='ocrx_word' id='word_1_100' title='bbox 1178 2413 1337 2488; x_wconf 91' lang='lat' dir='ltr'><strong>lluminis</strong></span> <span class='ocrx_word' id='word_1_101' title='bbox 1354 2413 1553 2487; x_wconf 89' lang='lat' dir='ltr'><strong>mantuani.</strong></span> 
     </span>
     <span class='ocr_line' id='line_1_14' title="bbox 387 2531 1556 2632; baseline -0.002 -21"><span class='ocrx_word' id='word_1_102' title='bbox 387 2539 440 2612; x_wconf 82' lang='lat' dir='ltr'><strong>nd</strong></span> <span class='ocrx_word' id='word_1_103' title='bbox 466 2537 566 2632; x_wconf 89' lang='lat' dir='ltr'><strong>quod</strong></span> <span class='ocrx_word' id='word_1_104' title='bbox 590 2544 645 2612; x_wconf 88' lang='lat' dir='ltr'><strong>est</strong></span> <span class='ocrx_word' id='word_1_105' title='bbox 670 2535 871 2628; x_wconf 90' lang='lat' dir='ltr'><strong>sciendum,</strong></span> <span class='ocrx_word' id='word_1_106' title='bbox 898 2533 998 2628; x_wconf 88' lang='lat' dir='ltr'><strong>quod</strong></span> <span class='ocrx_word' id='word_1_107' title='bbox 1017 2531 1055 2608; x_wconf 94' lang='lat' dir='ltr'><strong>in</strong></span> <span class='ocrx_word' id='word_1_108' title='bbox 1072 2534 1246 2630; x_wconf 88' lang='lat' dir='ltr'><strong>principio</strong></span> <span class='ocrx_word' id='word_1_109' title='bbox 1263 2534 1366 2608; x_wconf 91' lang='lat' dir='ltr'><strong>istius</strong></span> <span class='ocrx_word' id='word_1_110' title='bbox 1382 2536 1483 2609; x_wconf 90' lang='lat' dir='ltr'><strong>lacus</strong></span> <span class='ocrx_word' id='word_1_111' title='bbox 1500 2541 1556 2609; x_wconf 89' lang='lat' dir='ltr'><strong>est</strong></span> 
     </span>
     <span class='ocr_line' id='line_1_15' title="bbox 388 2654 1556 2750; baseline 0 -21"><span class='ocrx_word' id='word_1_112' title='bbox 388 2677 507 2730; x_wconf 92' lang='lat' dir='ltr'><strong>uuum</strong></span> <span class='ocrx_word' id='word_1_113' title='bbox 532 2656 720 2730; x_wconf 85' lang='lat' dir='ltr'><strong>castellum</strong></span> <span class='ocrx_word' id='word_1_114' title='bbox 748 2655 1028 2749; x_wconf 79' lang='lat' dir='ltr'><strong>pulcerrimum,</strong></span> <span class='ocrx_word' id='word_1_115' title='bbox 1057 2654 1156 2749; x_wconf 85' lang='lat' dir='ltr'><strong>quod</strong></span> <span class='ocrx_word' id='word_1_116' title='bbox 1181 2655 1314 2730; x_wconf 89' lang='lat' dir='ltr'><strong>dicitur</strong></span> <span class='ocrx_word' id='word_1_117' title='bbox 1341 2654 1443 2750; x_wconf 83' lang='lat' dir='ltr'><strong>Ripa,</strong></span> <span class='ocrx_word' id='word_1_118' title='bbox 1463 2655 1556 2729; x_wconf 70' lang='lat' dir='ltr'><strong>dius·</strong></span> 
     </span>
     <span class='ocr_line' id='line_1_16' title="bbox 389 2773 1556 2871; baseline -0.001 -21"><span class='ocrx_word' id='word_1_119' title='bbox 389 2776 481 2850; x_wconf 87' lang='lat' dir='ltr'><strong>cesis</strong></span> <span class='ocrx_word' id='word_1_120' title='bbox 506 2775 721 2850; x_wconf 75' lang='lat' dir='ltr'><strong>tridentine:</strong></span> <span class='ocrx_word' id='word_1_121' title='bbox 748 2775 786 2849; x_wconf 91' lang='lat' dir='ltr'><strong>iu</strong></span> <span class='ocrx_word' id='word_1_122' title='bbox 812 2773 994 2849; x_wconf 78' lang='lat' dir='ltr'><strong>bucnero</strong></span> <span class='ocrx_word' id='word_1_123' title='bbox 1019 2781 1075 2849; x_wconf 82' lang='lat' dir='ltr'><strong>est</strong></span> <span class='ocrx_word' id='word_1_124' title='bbox 1099 2776 1288 2849; x_wconf 90' lang='lat' dir='ltr'><strong>castellum</strong></span> <span class='ocrx_word' id='word_1_125' title='bbox 1309 2776 1402 2851; x_wconf 86' lang='lat' dir='ltr'><strong>sorte</strong></span> <span class='ocrx_word' id='word_1_126' title='bbox 1419 2781 1455 2850; x_wconf 89' lang='lat' dir='ltr'><strong>et</strong></span> <span class='ocrx_word' id='word_1_127' title='bbox 1473 2777 1556 2871; x_wconf 91' lang='lat' dir='ltr'><strong>pul-</strong></span> 
     </span>
     <span class='ocr_line' id='line_1_17' title="bbox 388 2893 1556 2989; baseline -0.002 -19"><span class='ocrx_word' id='word_1_128' title='bbox 388 2915 507 2989; x_wconf 91' lang='lat' dir='ltr'><strong>crum,</strong></span> <span class='ocrx_word' id='word_1_129' title='bbox 533 2893 632 2989; x_wconf 89' lang='lat' dir='ltr'><strong>quod</strong></span> <span class='ocrx_word' id='word_1_130' title='bbox 656 2894 787 2970; x_wconf 87' lang='lat' dir='ltr'><strong>dicitur</strong></span> <span class='ocrx_word' id='word_1_131' title='bbox 811 2893 1005 2987; x_wconf 85' lang='lat' dir='ltr'><strong>Piscbcria,</strong></span> <span class='ocrx_word' id='word_1_132' title='bbox 1022 2893 1188 2969; x_wconf 86' lang='lat' dir='ltr'><strong>dioecesis</strong></span> <span class='ocrx_word' id='word_1_133' title='bbox 1213 2895 1439 2987; x_wconf 81' lang='lat' dir='ltr'><strong>veronensis3</strong></span> <span class='ocrx_word' id='word_1_134' title='bbox 1461 2905 1499 2972; x_wconf 91' lang='lat' dir='ltr'><strong>et</strong></span> <span class='ocrx_word' id='word_1_135' title='bbox 1519 2896 1556 2968; x_wconf 94' lang='lat' dir='ltr'><strong>in</strong></span> 
     </span>
     <span class='ocr_line' id='line_1_18' title="bbox 387 3005 1556 3110; baseline -0.002 -21"><span class='ocrx_word' id='word_1_136' title='bbox 387 3015 465 3110; x_wconf 91' lang='lat' dir='ltr'><strong>ipso</strong></span> <span class='ocrx_word' id='word_1_137' title='bbox 478 3005 515 3108; x_wconf 79' lang='lat'><strong>(²)</strong></span> <span class='ocrx_word' id='word_1_138' title='bbox 543 3015 626 3089; x_wconf 89' lang='lat' dir='ltr'><strong>lacu</strong></span> <span class='ocrx_word' id='word_1_139' title='bbox 651 3014 760 3110; x_wconf 83' lang='lat' dir='ltr'><strong>longe</strong></span> <span class='ocrx_word' id='word_1_140' title='bbox 776 3035 798 3088; x_wconf 90' lang='lat' dir='ltr'><strong>a</strong></span> <span class='ocrx_word' id='word_1_141' title='bbox 815 3009 1008 3107; x_wconf 87' lang='lat' dir='ltr'><strong>Piscbcria,</strong></span> <span class='ocrx_word' id='word_1_142' title='bbox 1026 3013 1119 3088; x_wconf 83' lang='lat' dir='ltr'><strong>forte</strong></span> <span class='ocrx_word' id='word_1_143' title='bbox 1135 3033 1201 3108; x_wconf 88' lang='lat' dir='ltr'><strong>per</strong></span> <span class='ocrx_word' id='word_1_144' title='bbox 1219 3033 1284 3088; x_wconf 87' lang='lat' dir='ltr'><strong>sex</strong></span> <span class='ocrx_word' id='word_1_145' title='bbox 1305 3013 1482 3109; x_wconf 91' lang='lat' dir='ltr'><strong>milliaria,</strong></span> <span class='ocrx_word' id='word_1_146' title='bbox 1500 3021 1556 3089; x_wconf 83' lang='lat' dir='ltr'><strong>est</strong></span> 
     </span>
     <span class='ocr_line' id='line_1_19' title="bbox 388 3132 1554 3231; baseline -0.001 -21"><span class='ocrx_word' id='word_1_147' title='bbox 388 3157 460 3210; x_wconf 89' lang='lat' dir='ltr'><strong>una</strong></span> <span class='ocrx_word' id='word_1_148' title='bbox 478 3155 593 3230; x_wconf 84' lang='lat' dir='ltr'><strong>parra</strong></span> <span class='ocrx_word' id='word_1_149' title='bbox 614 3134 742 3228; x_wconf 85' lang='lat' dir='ltr'><strong>insula,</strong></span> <span class='ocrx_word' id='word_1_150' title='bbox 760 3153 844 3227; x_wconf 77' lang='lat' dir='ltr'><strong>quae</strong></span> <span class='ocrx_word' id='word_1_151' title='bbox 861 3132 994 3207; x_wconf 88' lang='lat' dir='ltr'><strong>dicitur</strong></span> <span class='ocrx_word' id='word_1_152' title='bbox 1020 3136 1210 3224; x_wconf 83' lang='lat' dir='ltr'><strong>Sermiorrc,</strong></span> <span class='ocrx_word' id='word_1_153' title='bbox 1228 3133 1291 3207; x_wconf 95' lang='lat' dir='ltr'><strong>ubi</strong></span> <span class='ocrx_word' id='word_1_154' title='bbox 1313 3133 1385 3210; x_wconf 89' lang='lat' dir='ltr'><strong>vidi</strong></span> <span class='ocrx_word' id='word_1_155' title='bbox 1403 3135 1554 3231; x_wconf 83' lang='lat' dir='ltr'><strong>vestigia</strong></span> 
     </span>
     <span class='ocr_line' id='line_1_20' title="bbox 388 3253 1554 3353; baseline -0.003 -22"><span class='ocrx_word' id='word_1_156' title='bbox 388 3277 522 3353; x_wconf 85' lang='lat' dir='ltr'><strong>magna</strong></span> <span class='ocrx_word' id='word_1_157' title='bbox 548 3255 881 3330; x_wconf 82' lang='lat' dir='ltr'><strong>vetustissimorum</strong></span> <span class='ocrx_word' id='word_1_158' title='bbox 910 3253 1148 3328; x_wconf 77' lang='lat' dir='ltr'><strong>edificiorum</strong></span> <span class='ocrx_word' id='word_1_159' title='bbox 1173 3253 1242 3327; x_wconf 90' lang='lat' dir='ltr'><strong>sub</strong></span> <span class='ocrx_word' id='word_1_160' title='bbox 1272 3260 1390 3328; x_wconf 89' lang='lat' dir='ltr'><strong>terra:</strong></span> <span class='ocrx_word' id='word_1_161' title='bbox 1417 3255 1554 3349; x_wconf 88' lang='lat' dir='ltr'><strong>inqua</strong></span> 
     </span>
     <span class='ocr_line' id='line_1_21' title="bbox 388 3365 1555 3469; baseline -0.003 -18"><span class='ocrx_word' id='word_1_162' title='bbox 388 3376 507 3450; x_wconf 88' lang='lat' dir='ltr'><strong>insula</strong></span> <span class='ocrx_word' id='word_1_163' title='bbox 524 3383 718 3450; x_wconf 83' lang='lat' dir='ltr'><strong>morantur</strong></span> <span class='ocrx_word' id='word_1_164' title='bbox 734 3365 901 3467; x_wconf 77' lang='lat' dir='ltr'><strong>soluml³)</strong></span> <span class='ocrx_word' id='word_1_165' title='bbox 921 3374 1131 3469; x_wconf 80' lang='lat' dir='ltr'><strong>piscatores,</strong></span> <span class='ocrx_word' id='word_1_166' title='bbox 1157 3395 1225 3450; x_wconf 86' lang='lat' dir='ltr'><strong>uec</strong></span> <span class='ocrx_word' id='word_1_167' title='bbox 1242 3375 1290 3450; x_wconf 93' lang='lat' dir='ltr'><strong>ibi</strong></span> <span class='ocrx_word' id='word_1_168' title='bbox 1308 3375 1469 3449; x_wconf 90' lang='lat' dir='ltr'><strong>nascitur</strong></span> <span class='ocrx_word' id='word_1_169' title='bbox 1488 3375 1555 3449; x_wconf 90' lang='lat' dir='ltr'><strong>nisi</strong></span> 
     </span>
     <span class='ocr_line' id='line_1_22' title="bbox 387 3494 1555 3591; baseline -0.003 -20"><span class='ocrx_word' id='word_1_170' title='bbox 387 3499 523 3590; x_wconf 87' lang='lat' dir='ltr'><strong>oleum,</strong></span> <span class='ocrx_word' id='word_1_171' title='bbox 541 3495 578 3570; x_wconf 91' lang='lat' dir='ltr'><strong>iu</strong></span> <span class='ocrx_word' id='word_1_172' title='bbox 604 3516 679 3591; x_wconf 89' lang='lat' dir='ltr'><strong>quo</strong></span> <span class='ocrx_word' id='word_1_173' title='bbox 704 3495 842 3590; x_wconf 83' lang='lat' dir='ltr'><strong>frigunt</strong></span> <span class='ocrx_word' id='word_1_174' title='bbox 858 3494 984 3590; x_wconf 90' lang='lat' dir='ltr'><strong>pisces,</strong></span> <span class='ocrx_word' id='word_1_175' title='bbox 1003 3494 1065 3589; x_wconf 92' lang='lat' dir='ltr'><strong>qui</strong></span> <span class='ocrx_word' id='word_1_176' title='bbox 1082 3494 1257 3570; x_wconf 90' lang='lat' dir='ltr'><strong>dicuntur</strong></span> <span class='ocrx_word' id='word_1_177' title='bbox 1273 3495 1472 3591; x_wconf 77' lang='lat' dir='ltr'><strong>carpinum,</strong></span> <span class='ocrx_word' id='word_1_178' title='bbox 1491 3495 1555 3590; x_wconf 90' lang='lat' dir='ltr'><strong>qui</strong></span> 
     </span>
     <span class='ocr_line' id='line_1_23' title="bbox 388 3585 1573 3712; baseline -0.001 -23"><span class='ocrx_word' id='word_1_179' title='bbox 388 3622 473 3690; x_wconf 92' lang='lat' dir='ltr'><strong>sunt</strong></span> <span class='ocrx_word' id='word_1_180' title='bbox 497 3615 611 3712; x_wconf 89' lang='lat' dir='ltr'><strong>pisces</strong></span> <span class='ocrx_word' id='word_1_181' title='bbox 637 3615 722 3689; x_wconf 93' lang='lat' dir='ltr'><strong>boni</strong></span> <span class='ocrx_word' id='word_1_182' title='bbox 747 3613 872 3689; x_wconf 91' lang='lat' dir='ltr'><strong>etdiu</strong></span> <span class='ocrx_word' id='word_1_183' title='bbox 897 3614 1176 3689; x_wconf 87' lang='lat' dir='ltr'><strong>conservabiles.</strong></span> <span class='ocrx_word' id='word_1_184' title='bbox 1195 3615 1299 3689; x_wconf 91' lang='lat' dir='ltr'><strong>Nunc</strong></span> <span class='ocrx_word' id='word_1_185' title='bbox 1324 3615 1370 3690; x_wconf 89' lang='lat' dir='ltr'><strong>ad</strong></span> <span class='ocrx_word' id='word_1_186' title='bbox 1396 3585 1573 3691; x_wconf 68' lang='lat' dir='ltr'><strong>literam?l</strong></span> 
     </span>
     <span class='ocr_line' id='line_1_24' title="bbox 387 3735 1557 3832; baseline -0.001 -22"><span class='ocrx_word' id='word_1_187' title='bbox 387 3735 471 3812; x_wconf 92' lang='lat' dir='ltr'><strong>dicit</strong></span> <span class='ocrx_word' id='word_1_188' title='bbox 495 3737 677 3832; x_wconf 78' lang='lat' dir='ltr'><strong>Virgilius,</strong></span> <span class='ocrx_word' id='word_1_189' title='bbox 699 3737 884 3809; x_wconf 75' lang='lat' dir='ltr'><strong>Poscts‘era</strong></span> <span class='ocrx_word' id='word_1_190' title='bbox 908 3737 995 3808; x_wconf 82' lang='lat' dir='ltr'><strong>betto</strong></span> <span class='ocrx_word' id='word_1_191' title='bbox 1016 3757 1035 3808; x_wconf 84' lang='lat' dir='ltr'><strong>e</strong></span> <span class='ocrx_word' id='word_1_192' title='bbox 1056 3739 1149 3830; x_wconf 74' lang='lat' dir='ltr'><strong>sorte</strong></span> <span class='ocrx_word' id='word_1_193' title='bbox 1165 3755 1302 3827; x_wconf 74' lang='lat' dir='ltr'><strong>amase,</strong></span> <span class='ocrx_word' id='word_1_194' title='bbox 1323 3735 1425 3830; x_wconf 90' lang='lat' dir='ltr'><strong>idest,</strong></span> <span class='ocrx_word' id='word_1_195' title='bbox 1445 3756 1557 3811; x_wconf 90' lang='lat' dir='ltr'><strong>orna-</strong></span> 
     </span>
     <span class='ocr_line' id='line_1_25' title="bbox 389 3854 1556 3951; baseline 0 -22"><span class='ocrx_word' id='word_1_196' title='bbox 389 3862 567 3951; x_wconf 88' lang='lat' dir='ltr'><strong>mentum,</strong></span> <span class='ocrx_word' id='word_1_197' title='bbox 593 3855 676 3930; x_wconf 90' lang='lat' dir='ltr'><strong>licet</strong></span> <span class='ocrx_word' id='word_1_198' title='bbox 700 3855 796 3928; x_wconf 92' lang='lat' dir='ltr'><strong>istud</strong></span> <span class='ocrx_word' id='word_1_199' title='bbox 822 3854 1044 3928; x_wconf 89' lang='lat' dir='ltr'><strong>vocabulum</strong></span> <span class='ocrx_word' id='word_1_200' title='bbox 1062 3856 1231 3930; x_wconf 88' lang='lat' dir='ltr'><strong>videatur</strong></span> <span class='ocrx_word' id='word_1_201' title='bbox 1252 3862 1481 3951; x_wconf 88' lang='lat' dir='ltr'><strong>usurpatum,</strong></span> <span class='ocrx_word' id='word_1_202' title='bbox 1500 3861 1556 3929; x_wconf 88' lang='lat' dir='ltr'><strong>ta-</strong></span> 
     </span>
     <span class='ocr_line' id='line_1_26' title="bbox 388 3963 1554 4070; baseline -0.002 -20"><span class='ocrx_word' id='word_1_203' title='bbox 388 3997 473 4051; x_wconf 92' lang='lat' dir='ltr'><strong>men</strong></span> <span class='ocrx_word' id='word_1_204' title='bbox 499 3975 788 4050; x_wconf 82' lang='lat' dir='ltr'><strong>similitudinarie</strong></span> <span class='ocrx_word' id='word_1_205' title='bbox 804 3963 840 4068; x_wconf 73' lang='lat' dir='ltr'><strong>l⁸)</strong></span> <span class='ocrx_word' id='word_1_206' title='bbox 865 3975 935 4050; x_wconf 93' lang='lat' dir='ltr'><strong>dici</strong></span> <span class='ocrx_word' id='word_1_207' title='bbox 967 3982 1095 4070; x_wconf 86' lang='lat' dir='ltr'><strong>potest,</strong></span> <span class='ocrx_word' id='word_1_208' title='bbox 1122 3976 1220 4070; x_wconf 91' lang='lat' dir='ltr'><strong>quod</strong></span> <span class='ocrx_word' id='word_1_209' title='bbox 1250 3977 1344 4050; x_wconf 90' lang='lat' dir='ltr'><strong>sicut</strong></span> <span class='ocrx_word' id='word_1_210' title='bbox 1367 3975 1554 4051; x_wconf 82' lang='lat' dir='ltr'><strong>amasium</strong></span> 
     </span>
     <span class='ocr_line' id='line_1_27' title="bbox 389 4094 1555 4188; baseline -0.003 -16"><span class='ocrx_word' id='word_1_211' title='bbox 389 4095 483 4172; x_wconf 90' lang='lat' dir='ltr'><strong>cedit</strong></span> <span class='ocrx_word' id='word_1_212' title='bbox 507 4096 553 4170; x_wconf 88' lang='lat' dir='ltr'><strong>ad</strong></span> <span class='ocrx_word' id='word_1_213' title='bbox 579 4101 838 4170; x_wconf 90' lang='lat' dir='ltr'><strong>ornamentum</strong></span> <span class='ocrx_word' id='word_1_214' title='bbox 856 4095 999 4188; x_wconf 90' lang='lat' dir='ltr'><strong>domus,</strong></span> <span class='ocrx_word' id='word_1_215' title='bbox 1018 4095 1067 4168; x_wconf 90' lang='lat' dir='ltr'><strong>ita</strong></span> <span class='ocrx_word' id='word_1_216' title='bbox 1084 4094 1266 4169; x_wconf 86' lang='lat' dir='ltr'><strong>Piscberia</strong></span> <span class='ocrx_word' id='word_1_217' title='bbox 1286 4095 1331 4170; x_wconf 91' lang='lat' dir='ltr'><strong>ad</strong></span> <span class='ocrx_word' id='word_1_218' title='bbox 1357 4116 1555 4170; x_wconf 90' lang='lat' dir='ltr'><strong>ornamen-</strong></span> 
     </span>
     <span class='ocr_line' id='line_1_28' title="bbox 390 4207 1554 4310; baseline -0.004 -18"><span class='ocrx_word' id='word_1_219' title='bbox 390 4213 468 4293; x_wconf 87' lang='lat' dir='ltr'><strong>tum</strong></span> <span class='ocrx_word' id='word_1_220' title='bbox 494 4216 589 4290; x_wconf 91' lang='lat' dir='ltr'><strong>illius</strong></span> <span class='ocrx_word' id='word_1_221' title='bbox 602 4207 639 4309; x_wconf 74' lang='lat'><strong>(⁵)</strong></span> <span class='ocrx_word' id='word_1_222' title='bbox 668 4215 820 4310; x_wconf 80' lang='lat' dir='ltr'><strong>ripariae.</strong></span> <span class='ocrx_word' id='word_1_223' title='bbox 844 4217 907 4288; x_wconf 87' lang='lat' dir='ltr'><strong>Est</strong></span> <span class='ocrx_word' id='word_1_224' title='bbox 931 4213 1029 4289; x_wconf 90' lang='lat' dir='ltr'><strong>enim</strong></span> <span class='ocrx_word' id='word_1_225' title='bbox 1051 4215 1232 4290; x_wconf 89' lang='lat' dir='ltr'><strong>Piscberia</strong></span> <span class='ocrx_word' id='word_1_226' title='bbox 1258 4215 1447 4291; x_wconf 87' lang='lat' dir='ltr'><strong>castellum</strong></span> <span class='ocrx_word' id='word_1_227' title='bbox 1469 4214 1554 4289; x_wconf 87' lang='lat' dir='ltr'><strong>satis</strong></span> 
     </span>
     <span class='ocr_line' id='line_1_29' title="bbox 389 4334 1556 4430; baseline -0.002 -20"><span class='ocrx_word' id='word_1_228' title='bbox 389 4357 540 4430; x_wconf 89' lang='lat' dir='ltr'><strong>novum,</strong></span> <span class='ocrx_word' id='word_1_229' title='bbox 566 4335 749 4409; x_wconf 89' lang='lat' dir='ltr'><strong>munitum</strong></span> <span class='ocrx_word' id='word_1_230' title='bbox 776 4335 901 4409; x_wconf 90' lang='lat' dir='ltr'><strong>multis</strong></span> <span class='ocrx_word' id='word_1_231' title='bbox 927 4334 1091 4410; x_wconf 91' lang='lat' dir='ltr'><strong>turribus</strong></span> <span class='ocrx_word' id='word_1_232' title='bbox 1119 4340 1156 4410; x_wconf 90' lang='lat' dir='ltr'><strong>et</strong></span> <span class='ocrx_word' id='word_1_233' title='bbox 1180 4335 1337 4430; x_wconf 88' lang='lat' dir='ltr'><strong>arcibus,</strong></span> <span class='ocrx_word' id='word_1_234' title='bbox 1363 4335 1465 4429; x_wconf 91' lang='lat' dir='ltr'><strong>quasi</strong></span> <span class='ocrx_word' id='word_1_235' title='bbox 1493 4344 1556 4412; x_wconf 89' lang='lat' dir='ltr'><strong>tu-</strong></span> 
     </span>
     <span class='ocr_line' id='line_1_30' title="bbox 390 4453 1555 4550; baseline -0.003 -18"><span class='ocrx_word' id='word_1_236' title='bbox 390 4457 461 4532; x_wconf 87' lang='lat' dir='ltr'><strong>tela</strong></span> <span class='ocrx_word' id='word_1_237' title='bbox 486 4455 596 4530; x_wconf 84' lang='lat' dir='ltr'><strong>totius</strong></span> <span class='ocrx_word' id='word_1_238' title='bbox 621 4459 814 4547; x_wconf 83' lang='lat' dir='ltr'><strong>contrutae3</strong></span> <span class='ocrx_word' id='word_1_239' title='bbox 840 4453 922 4528; x_wconf 90' lang='lat' dir='ltr'><strong>ideo</strong></span> <span class='ocrx_word' id='word_1_240' title='bbox 939 4454 1033 4529; x_wconf 90' lang='lat' dir='ltr'><strong>bene</strong></span> <span class='ocrx_word' id='word_1_241' title='bbox 1051 4453 1155 4528; x_wconf 90' lang='lat' dir='ltr'><strong>dicit:</strong></span> <span class='ocrx_word' id='word_1_242' title='bbox 1173 4458 1222 4528; x_wconf 88' lang='lat' dir='ltr'><strong>do</strong></span> <span class='ocrx_word' id='word_1_243' title='bbox 1236 4459 1460 4550; x_wconf 68' lang='lat' dir='ltr'><strong>bootepptur</strong></span> <span class='ocrx_word' id='word_1_244' title='bbox 1476 4456 1555 4529; x_wconf 86' lang='lat' dir='ltr'><strong>tre-</strong></span> 
     </span>
     <span class='ocr_line' id='line_1_31' title="bbox 387 4573 1556 4668; baseline 0 -18"><span class='ocrx_word' id='word_1_245' title='bbox 387 4579 498 4651; x_wconf 80' lang='lat' dir='ltr'><strong>sa&#39;uni</strong></span> <span class='ocrx_word' id='word_1_246' title='bbox 524 4598 544 4649; x_wconf 84' lang='lat' dir='ltr'><strong>e</strong></span> <span class='ocrx_word' id='word_1_247' title='bbox 571 4576 832 4668; x_wconf 79' lang='lat' dir='ltr'><strong>berpomomti:</strong></span> <span class='ocrx_word' id='word_1_248' title='bbox 864 4573 956 4649; x_wconf 89' lang='lat' dir='ltr'><strong>idest</strong></span> <span class='ocrx_word' id='word_1_249' title='bbox 984 4575 1030 4650; x_wconf 89' lang='lat' dir='ltr'><strong>ad</strong></span> <span class='ocrx_word' id='word_1_250' title='bbox 1061 4575 1283 4650; x_wconf 85' lang='lat' dir='ltr'><strong>obviandum</strong></span> <span class='ocrx_word' id='word_1_251' title='bbox 1313 4577 1556 4652; x_wconf 86' lang='lat' dir='ltr'><strong>brixiensibus</strong></span> 
     </span>
     <span class='ocr_line' id='line_1_32' title="bbox 387 4679 1557 4793; baseline 0 -22"><span class='ocrx_word' id='word_1_252' title='bbox 387 4703 426 4771; x_wconf 86' lang='lat' dir='ltr'><strong>ct</strong></span> <span class='ocrx_word' id='word_1_253' title='bbox 448 4695 761 4793; x_wconf 82' lang='lat' dir='ltr'><strong>pergamensibus,</strong></span> <span class='ocrx_word' id='word_1_254' title='bbox 786 4697 878 4786; x_wconf 83' lang='lat' dir='ltr'><strong>sede,</strong></span> <span class='ocrx_word' id='word_1_255' title='bbox 905 4693 996 4769; x_wconf 87' lang='lat' dir='ltr'><strong>idest</strong></span> <span class='ocrx_word' id='word_1_256' title='bbox 1020 4694 1152 4770; x_wconf 88' lang='lat' dir='ltr'><strong>situata</strong></span> <span class='ocrx_word' id='word_1_257' title='bbox 1177 4702 1233 4770; x_wconf 89' lang='lat' dir='ltr'><strong>est</strong></span> <span class='ocrx_word' id='word_1_258' title='bbox 1258 4695 1317 4791; x_wconf 92' lang='lat' dir='ltr'><strong>ibi,</strong></span> <span class='ocrx_word' id='word_1_259' title='bbox 1339 4679 1403 4770; x_wconf 82' lang='lat' dir='ltr'><strong>ooo</strong></span> <span class='ocrx_word' id='word_1_260' title='bbox 1418 4699 1456 4771; x_wconf 83' lang='lat' dir='ltr'><strong>to</strong></span> <span class='ocrx_word' id='word_1_261' title='bbox 1476 4701 1557 4771; x_wconf 87' lang='lat' dir='ltr'><strong>rtoo</strong></span> 
     </span>
    </p>
   </div>
   <div class='ocr_carea' id='block_1_3' title="bbox 449 4909 1327 5127">
    <p class='ocr_par' dir='ltr' id='par_1_3' title="bbox 449 4909 1327 5127">
     <span class='ocr_line' id='line_1_33' title="bbox 449 4909 1235 4975; baseline 0.004 -14"><span class='ocrx_word' id='word_1_262' title='bbox 449 4909 478 4974; x_wconf 63' lang='grc' dir='ltr'><strong>Γ)</strong></span> <span class='ocrx_word' id='word_1_263' title='bbox 494 4910 524 4962; x_wconf 81' lang='grc' dir='ltr'><strong>Ε.</strong></span> <span class='ocrx_word' id='word_1_264' title='bbox 540 4915 613 4962; x_wconf 80' lang='lat' dir='ltr'><strong>sxtn</strong></span> <span class='ocrx_word' id='word_1_265' title='bbox 630 4911 761 4962; x_wconf 71' lang='lat' dir='ltr'><strong>diaecesim</strong></span> <span class='ocrx_word' id='word_1_266' title='bbox 777 4925 859 4962; x_wconf 78' lang='lat' dir='ltr'><strong>mm.</strong></span> <span class='ocrx_word' id='word_1_267' title='bbox 1063 4911 1091 4975; x_wconf 80' lang='lat'><strong>(¹)</strong></span> <span class='ocrx_word' id='word_1_268' title='bbox 1107 4915 1162 4973; x_wconf 80' lang='lat' dir='ltr'><strong>tto,</strong></span> <span class='ocrx_word' id='word_1_269' title='bbox 1176 4912 1235 4964; x_wconf 82' lang='lat' dir='ltr'><strong>isto.</strong></span> 
     </span>
     <span class='ocr_line' id='line_1_34' title="bbox 451 4987 1327 5054; baseline 0.002 -15"><span class='ocrx_word' id='word_1_270' title='bbox 451 4987 478 5050; x_wconf 79' lang='lat'><strong>(¹)</strong></span> <span class='ocrx_word' id='word_1_271' title='bbox 495 4992 550 5048; x_wconf 79' lang='lat' dir='ltr'><strong>ltu,</strong></span> <span class='ocrx_word' id='word_1_272' title='bbox 567 4988 616 5040; x_wconf 78' lang='lat' dir='ltr'><strong>soli</strong></span> <span class='ocrx_word' id='word_1_273' title='bbox 632 4990 779 5052; x_wconf 79' lang='lat' dir='ltr'><strong>piscatores.</strong></span> <span class='ocrx_word' id='word_1_274' title='bbox 1063 4989 1090 5054; x_wconf 65' lang='grc' dir='ltr'><strong>ι’)</strong></span> <span class='ocrx_word' id='word_1_275' title='bbox 1108 4989 1138 5040; x_wconf 77' lang='lat' dir='ltr'><strong>u</strong></span> <span class='ocrx_word' id='word_1_276' title='bbox 1155 4989 1327 5042; x_wconf 79' lang='lat' dir='ltr'><strong>similitudine.</strong></span> 
     </span>
     <span class='ocr_line' id='line_1_35' title="bbox 449 5063 986 5127; baseline 0.004 -12"><span class='ocrx_word' id='word_1_277' title='bbox 449 5063 478 5127; x_wconf 80' lang='lat'><strong>(⁸)</strong></span> <span class='ocrx_word' id='word_1_278' title='bbox 495 5063 551 5125; x_wconf 73' lang='lat' dir='ltr'><strong>tls,</strong></span> <span class='ocrx_word' id='word_1_279' title='bbox 567 5065 649 5116; x_wconf 76' lang='lat' dir='ltr'><strong>lolius.</strong></span> <span class='ocrx_word' id='word_1_280' title='bbox 718 5105 721 5112; x_wconf 91' lang='lat'><em>.</em></span> <span class='ocrx_word' id='word_1_281' title='bbox 984 5095 986 5100; x_wconf 68' lang='lat'><strong>,</strong></span> 
     </span>
    </p>
   </div>
   <div class='ocr_carea' id='block_1_4' title="bbox 518 5169 1422 5217">
    <p class='ocr_par' dir='ltr' id='par_1_4' title="bbox 518 5169 1422 5217">
     <span class='ocr_line' id='line_1_36' title="bbox 518 5169 1422 5217; baseline 0.002 -2"><span class='ocrx_word' id='word_1_282' title='bbox 518 5169 548 5215; x_wconf 85' lang='lat' dir='ltr'><strong>n.</strong></span> <span class='ocrx_word' id='word_1_283' title='bbox 1408 5173 1422 5217; x_wconf 71' lang='grc' dir='ltr'>ί</span> 
     </span>
    </p>
   </div>
   <div class='ocr_carea' id='block_1_5' title="bbox 0 0 2268 6836">
    <p class='ocr_par' dir='ltr' id='par_1_5' title="bbox 0 0 2268 6836">
     <span class='ocr_line' id='line_1_37' title="bbox 0 0 2268 6836; baseline 0 0"><span class='ocrx_word' id='word_1_284' title='bbox 0 0 2268 6836; x_wconf 95' lang='lat' dir='ltr'><strong> </strong></span> 
     </span>
    </p>
   </div>
  </div>
 </body>
</html>
