<?xml version="1.0" encoding="UTF-8"?>
<!DOCTYPE html PUBLIC "-//W3C//DTD XHTML 1.0 Transitional//EN"
    "http://www.w3.org/TR/xhtml1/DTD/xhtml1-transitional.dtd">
<html xmlns="http://www.w3.org/1999/xhtml" xml:lang="en" lang="en">
 <head>
  <title>
</title>
<meta http-equiv="Content-Type" content="text/html;charset=utf-8" />
  <meta name='ocr-system' content='tesseract 3.04.00' />
  <meta name='ocr-capabilities' content='ocr_page ocr_carea ocr_par ocr_line ocrx_word'/>
</head>
<body>
  <div class='ocr_page' id='page_1' title='image "./comentumsuperda01benvgoog_0501.png"; bbox 0 0 4566 6844; ppageno 0'>
   <div class='ocr_carea' id='block_1_1' title="bbox 720 947 1497 1014">
    <p class='ocr_par' dir='ltr' id='par_1_1' title="bbox 720 947 1497 1014">
     <span class='ocr_line' id='line_1_1' title="bbox 720 947 1497 1014; baseline -0.005 0"><span class='ocrx_word' id='word_1_1' title='bbox 720 947 791 1014; x_wconf 67' lang='grc'><strong>492</strong></span> <span class='ocrx_word' id='word_1_2' title='bbox 1119 955 1322 1014; x_wconf 68' lang='lat' dir='ltr'><strong>conminuit</strong></span> <span class='ocrx_word' id='word_1_3' title='bbox 1344 956 1497 1012; x_wconf 72' lang='lat' dir='ltr'><strong>munaus</strong></span> 
     </span>
    </p>
   </div>
   <div class='ocr_carea' id='block_1_2' title="bbox 714 1095 1892 3826">
    <p class='ocr_par' dir='ltr' id='par_1_2' title="bbox 714 1095 1892 3826">
     <span class='ocr_line' id='line_1_2' title="bbox 719 1095 1890 1197; baseline -0.002 -19"><span class='ocrx_word' id='word_1_4' title='bbox 719 1121 765 1178; x_wconf 90' lang='lat' dir='ltr'><strong>en</strong></span> <span class='ocrx_word' id='word_1_5' title='bbox 789 1107 894 1196; x_wconf 82' lang='lat' dir='ltr'><strong>parta</strong></span> <span class='ocrx_word' id='word_1_6' title='bbox 910 1099 1119 1193; x_wconf 74' lang='lat' dir='ltr'><strong>Alemaniae,</strong></span> <span class='ocrx_word' id='word_1_7' title='bbox 1137 1120 1221 1194; x_wconf 88' lang='lat' dir='ltr'><strong>qnae</strong></span> <span class='ocrx_word' id='word_1_8' title='bbox 1242 1105 1395 1175; x_wconf 84' lang='lat' dir='ltr'><strong>vocatur</strong></span> <span class='ocrx_word' id='word_1_9' title='bbox 1411 1099 1569 1194; x_wconf 76' lang='lat' dir='ltr'><strong>nusum,</strong></span> <span class='ocrx_word' id='word_1_10' title='bbox 1586 1095 1633 1174; x_wconf 67' lang='lat' dir='ltr'><strong>nd</strong></span> <span class='ocrx_word' id='word_1_11' title='bbox 1654 1103 1780 1192; x_wconf 67' lang='lat' dir='ltr'><strong>Turum,</strong></span> <span class='ocrx_word' id='word_1_12' title='bbox 1800 1121 1890 1197; x_wconf 92' lang='lat' dir='ltr'><strong>sup-</strong></span> 
     </span>
     <span class='ocr_line' id='line_1_3' title="bbox 719 1218 1891 1317; baseline 0.003 -23"><span class='ocrx_word' id='word_1_13' title='bbox 719 1221 789 1317; x_wconf 87' lang='lat' dir='ltr'><strong>ple,</strong></span> <span class='ocrx_word' id='word_1_14' title='bbox 815 1220 898 1295; x_wconf 84' lang='lat' dir='ltr'><strong>lecit</strong></span> <span class='ocrx_word' id='word_1_15' title='bbox 925 1224 1000 1294; x_wconf 90' lang='lat' dir='ltr'><strong>tam</strong></span> <span class='ocrx_word' id='word_1_16' title='bbox 1024 1238 1196 1315; x_wconf 84' lang='lat' dir='ltr'><strong>grossum</strong></span> <span class='ocrx_word' id='word_1_17' title='bbox 1222 1219 1357 1295; x_wconf 86' lang='lat' dir='ltr'><strong>velum.</strong></span> <span class='ocrx_word' id='word_1_18' title='bbox 1384 1220 1446 1294; x_wconf 78' lang='lat' dir='ltr'><strong>list</strong></span> <span class='ocrx_word' id='word_1_19' title='bbox 1471 1219 1570 1296; x_wconf 87' lang='lat' dir='ltr'><strong>enim</strong></span> <span class='ocrx_word' id='word_1_20' title='bbox 1600 1218 1732 1296; x_wconf 82' lang='lat' dir='ltr'><strong>lanais</strong></span> <span class='ocrx_word' id='word_1_21' title='bbox 1756 1221 1891 1298; x_wconf 83' lang='lat' dir='ltr'><strong>fluvius</strong></span> 
     </span>
     <span class='ocr_line' id='line_1_4' title="bbox 718 1338 1891 1436; baseline 0.001 -21"><span class='ocrx_word' id='word_1_22' title='bbox 718 1342 757 1416; x_wconf 95' lang='lat' dir='ltr'><strong>in</strong></span> <span class='ocrx_word' id='word_1_23' title='bbox 774 1345 942 1416; x_wconf 85' lang='lat' dir='ltr'><strong>extremo</strong></span> <span class='ocrx_word' id='word_1_24' title='bbox 962 1338 1242 1433; x_wconf 81' lang='lat' dir='ltr'><strong>septemtrionis,</strong></span> <span class='ocrx_word' id='word_1_25' title='bbox 1260 1339 1424 1416; x_wconf 84' lang='lat' dir='ltr'><strong>dividens</strong></span> <span class='ocrx_word' id='word_1_26' title='bbox 1440 1339 1562 1414; x_wconf 82' lang='lat' dir='ltr'><strong>Asiam</strong></span> <span class='ocrx_word' id='word_1_27' title='bbox 1581 1339 1630 1415; x_wconf 89' lang='lat' dir='ltr'><strong>ab</strong></span> <span class='ocrx_word' id='word_1_28' title='bbox 1648 1339 1809 1436; x_wconf 81' lang='lat' dir='ltr'>Europa,</span> <span class='ocrx_word' id='word_1_29' title='bbox 1827 1340 1891 1436; x_wconf 79' lang='lat' dir='ltr'><strong>qui</strong></span> 
     </span>
     <span class='ocr_line' id='line_1_5' title="bbox 719 1457 1892 1554; baseline 0.001 -21"><span class='ocrx_word' id='word_1_30' title='bbox 719 1459 883 1534; x_wconf 84' lang='lat' dir='ltr'><strong>nascitur</strong></span> <span class='ocrx_word' id='word_1_31' title='bbox 908 1477 954 1533; x_wconf 84' lang='lat' dir='ltr'><strong>en</strong></span> <span class='ocrx_word' id='word_1_32' title='bbox 982 1457 1167 1532; x_wconf 86' lang='lat' dir='ltr'><strong>montibus</strong></span> <span class='ocrx_word' id='word_1_33' title='bbox 1192 1457 1358 1554; x_wconf 72' lang='lat' dir='ltr'><strong>Riphaeis,</strong></span> <span class='ocrx_word' id='word_1_34' title='bbox 1386 1457 1448 1534; x_wconf 89' lang='lat' dir='ltr'><strong>ubi</strong></span> <span class='ocrx_word' id='word_1_35' title='bbox 1479 1465 1536 1534; x_wconf 84' lang='lat' dir='ltr'><strong>est</strong></span> <span class='ocrx_word' id='word_1_36' title='bbox 1564 1457 1673 1536; x_wconf 87' lang='lat' dir='ltr'><strong>hodie</strong></span> <span class='ocrx_word' id='word_1_37' title='bbox 1702 1459 1801 1536; x_wconf 90' lang='lat' dir='ltr'><strong>Tana</strong></span> <span class='ocrx_word' id='word_1_38' title='bbox 1827 1459 1892 1534; x_wconf 86' lang='lat' dir='ltr'><strong>iri-</strong></span> 
     </span>
     <span class='ocr_line' id='line_1_6' title="bbox 718 1575 1892 1674; baseline 0.005 -22"><span class='ocrx_word' id='word_1_39' title='bbox 718 1577 915 1674; x_wconf 86' lang='lat' dir='ltr'><strong>gidissima,</strong></span> <span class='ocrx_word' id='word_1_40' title='bbox 942 1597 1027 1671; x_wconf 83' lang='lat' dir='ltr'><strong>quae</strong></span> <span class='ocrx_word' id='word_1_41' title='bbox 1053 1575 1161 1652; x_wconf 88' lang='lat' dir='ltr'><strong>hodie</strong></span> <span class='ocrx_word' id='word_1_42' title='bbox 1186 1577 1347 1652; x_wconf 87' lang='lat' dir='ltr'><strong>multum</strong></span> <span class='ocrx_word' id='word_1_43' title='bbox 1372 1577 1630 1672; x_wconf 88' lang='lat' dir='ltr'><strong>lrequentatur</strong></span> <span class='ocrx_word' id='word_1_44' title='bbox 1654 1599 1677 1654; x_wconf 93' lang='lat' dir='ltr'><strong>a</strong></span> <span class='ocrx_word' id='word_1_45' title='bbox 1709 1589 1892 1658; x_wconf 86' lang='lat' dir='ltr'><strong>mercato·</strong></span> 
     </span>
     <span class='ocr_line' id='line_1_7' title="bbox 717 1686 1890 1793; baseline 0.002 -21"><span class='ocrx_word' id='word_1_46' title='bbox 717 1698 829 1772; x_wconf 89' lang='lat' dir='ltr'><strong>ribus.</strong></span> <span class='ocrx_word' id='word_1_47' title='bbox 855 1696 941 1771; x_wconf 90' lang='lat' dir='ltr'><strong>ldeo</strong></span> <span class='ocrx_word' id='word_1_48' title='bbox 966 1694 1074 1770; x_wconf 86' lang='lat' dir='ltr'><strong>dicit:</strong></span> <span class='ocrx_word' id='word_1_49' title='bbox 1101 1686 1138 1768; x_wconf 80' lang='lat' dir='ltr'><strong>tt</strong></span> <span class='ocrx_word' id='word_1_50' title='bbox 1162 1702 1251 1769; x_wconf 79' lang='lat' dir='ltr'><strong>sotto</strong></span> <span class='ocrx_word' id='word_1_51' title='bbox 1275 1700 1453 1791; x_wconf 81' lang='lat' dir='ltr'><strong>ttsreddo</strong></span> <span class='ocrx_word' id='word_1_52' title='bbox 1477 1701 1577 1790; x_wconf 61' lang='lat' dir='ltr'><strong>oleta</strong></span> <span class='ocrx_word' id='word_1_53' title='bbox 1603 1697 1705 1793; x_wconf 80' lang='lat' dir='ltr'><strong>idest,</strong></span> <span class='ocrx_word' id='word_1_54' title='bbox 1731 1698 1801 1774; x_wconf 88' lang='lat' dir='ltr'><strong>snb</strong></span> <span class='ocrx_word' id='word_1_55' title='bbox 1826 1697 1890 1774; x_wconf 89' lang='lat' dir='ltr'><strong>iri·</strong></span> 
     </span>
     <span class='ocr_line' id='line_1_8' title="bbox 718 1816 1889 1916; baseline 0.003 -25"><span class='ocrx_word' id='word_1_56' title='bbox 718 1817 802 1913; x_wconf 90' lang='lat' dir='ltr'><strong>gida</strong></span> <span class='ocrx_word' id='word_1_57' title='bbox 827 1816 1112 1910; x_wconf 73' lang='lat' dir='ltr'><strong>constellatione,</strong></span> <span class='ocrx_word' id='word_1_58' title='bbox 1137 1816 1273 1892; x_wconf 86' lang='lat' dir='ltr'><strong>scilicet</strong></span> <span class='ocrx_word' id='word_1_59' title='bbox 1297 1818 1367 1892; x_wconf 92' lang='lat' dir='ltr'><strong>sub</strong></span> <span class='ocrx_word' id='word_1_60' title='bbox 1393 1823 1637 1912; x_wconf 84' lang='lat' dir='ltr'><strong>tramontana,</strong></span> <span class='ocrx_word' id='word_1_61' title='bbox 1663 1818 1727 1893; x_wconf 91' lang='lat' dir='ltr'><strong>ubi</strong></span> <span class='ocrx_word' id='word_1_62' title='bbox 1755 1817 1889 1916; x_wconf 84' lang='lat' dir='ltr'><strong>glaeies</strong></span> 
     </span>
     <span class='ocr_line' id='line_1_9' title="bbox 717 1935 1886 2033; baseline 0.003 -23"><span class='ocrx_word' id='word_1_63' title='bbox 717 1935 832 2010; x_wconf 91' lang='lat' dir='ltr'><strong>nimio</strong></span> <span class='ocrx_word' id='word_1_64' title='bbox 851 1937 938 2032; x_wconf 86' lang='lat' dir='ltr'><strong>gelu</strong></span> <span class='ocrx_word' id='word_1_65' title='bbox 959 1936 1116 2011; x_wconf 83' lang='lat' dir='ltr'><strong>vertitur</strong></span> <span class='ocrx_word' id='word_1_66' title='bbox 1140 1936 1177 2010; x_wconf 93' lang='lat' dir='ltr'><strong>in</strong></span> <span class='ocrx_word' id='word_1_67' title='bbox 1194 1935 1418 2033; x_wconf 80' lang='lat' dir='ltr'><strong>crystallum,</strong></span> <span class='ocrx_word' id='word_1_68' title='bbox 1436 1942 1523 2010; x_wconf 86' lang='lat' dir='ltr'><strong>eom&#39;</strong></span> <span class='ocrx_word' id='word_1_69' title='bbox 1535 1958 1601 2012; x_wconf 81' lang='lat' dir='ltr'><strong>era</strong></span> <span class='ocrx_word' id='word_1_70' title='bbox 1617 1940 1722 2028; x_wconf 74' lang='lat' dir='ltr'><strong>quim,</strong></span> <span class='ocrx_word' id='word_1_71' title='bbox 1739 1937 1886 2032; x_wconf 83' lang='lat' dir='ltr'><strong>scilieet,</strong></span> 
     </span>
     <span class='ocr_line' id='line_1_10' title="bbox 717 2054 1886 2152; baseline 0.001 -23"><span class='ocrx_word' id='word_1_72' title='bbox 717 2055 755 2129; x_wconf 95' lang='lat' dir='ltr'><strong>in</strong></span> <span class='ocrx_word' id='word_1_73' title='bbox 780 2055 849 2130; x_wconf 89' lang='lat' dir='ltr'><strong>isto</strong></span> <span class='ocrx_word' id='word_1_74' title='bbox 874 2055 976 2148; x_wconf 88' lang='lat' dir='ltr'><strong>laeu;</strong></span> <span class='ocrx_word' id='word_1_75' title='bbox 1002 2062 1040 2130; x_wconf 92' lang='lat' dir='ltr'><strong>et</strong></span> <span class='ocrx_word' id='word_1_76' title='bbox 1065 2075 1196 2130; x_wconf 88' lang='lat' dir='ltr'><strong>verum</strong></span> <span class='ocrx_word' id='word_1_77' title='bbox 1222 2054 1318 2150; x_wconf 87' lang='lat' dir='ltr'><strong>dicit,</strong></span> <span class='ocrx_word' id='word_1_78' title='bbox 1345 2056 1432 2151; x_wconf 88' lang='lat' dir='ltr'><strong>quia</strong></span> <span class='ocrx_word' id='word_1_79' title='bbox 1458 2057 1601 2132; x_wconf 90' lang='lat' dir='ltr'><strong>nullum</strong></span> <span class='ocrx_word' id='word_1_80' title='bbox 1627 2056 1743 2152; x_wconf 80' lang='lat' dir='ltr'><strong>frigus</strong></span> <span class='ocrx_word' id='word_1_81' title='bbox 1767 2077 1886 2152; x_wconf 83' lang='lat' dir='ltr'><strong>qum-</strong></span> 
     </span>
     <span class='ocr_line' id='line_1_11' title="bbox 717 2167 1884 2270; baseline 0 -20"><span class='ocrx_word' id='word_1_82' title='bbox 717 2182 962 2270; x_wconf 86' lang='lat' dir='ltr'><strong>tumcumque</strong></span> <span class='ocrx_word' id='word_1_83' title='bbox 978 2175 1265 2250; x_wconf 89' lang='lat' dir='ltr'><strong>intensissimum</strong></span> <span class='ocrx_word' id='word_1_84' title='bbox 1287 2184 1343 2250; x_wconf 87' lang='lat' dir='ltr'><strong>est</strong></span> <span class='ocrx_word' id='word_1_85' title='bbox 1367 2176 1486 2251; x_wconf 91' lang='lat' dir='ltr'><strong>simile</strong></span> <span class='ocrx_word' id='word_1_86' title='bbox 1502 2175 1585 2251; x_wconf 90' lang='lat' dir='ltr'><strong>odio</strong></span> <span class='ocrx_word' id='word_1_87' title='bbox 1605 2174 1815 2270; x_wconf 79' lang='lat' dir='ltr'><strong>proditionis</strong></span> <span class='ocrx_word' id='word_1_88' title='bbox 1829 2167 1884 2269; x_wconf 80' lang='lat' dir='ltr'><strong>(¹l3</strong></span> 
     </span>
     <span class='ocr_line' id='line_1_12' title="bbox 716 2289 1884 2390; baseline 0.002 -22"><span class='ocrx_word' id='word_1_89' title='bbox 716 2294 805 2370; x_wconf 91' lang='lat' dir='ltr'><strong>illud</strong></span> <span class='ocrx_word' id='word_1_90' title='bbox 822 2294 920 2369; x_wconf 88' lang='lat' dir='ltr'><strong>enim</strong></span> <span class='ocrx_word' id='word_1_91' title='bbox 938 2293 1107 2390; x_wconf 85' lang='lat' dir='ltr'><strong>inglaciat</strong></span> <span class='ocrx_word' id='word_1_92' title='bbox 1122 2315 1261 2389; x_wconf 88' lang='lat' dir='ltr'><strong>aquarn</strong></span> <span class='ocrx_word' id='word_1_93' title='bbox 1279 2289 1337 2370; x_wconf 90' lang='lat' dir='ltr'><strong>vel</strong></span> <span class='ocrx_word' id='word_1_94' title='bbox 1354 2294 1426 2370; x_wconf 91' lang='lat' dir='ltr'><strong>alia</strong></span> <span class='ocrx_word' id='word_1_95' title='bbox 1443 2293 1664 2389; x_wconf 83' lang='lat' dir='ltr'><strong>oorporalia3</strong></span> <span class='ocrx_word' id='word_1_96' title='bbox 1681 2293 1778 2368; x_wconf 89' lang='lat' dir='ltr'><strong>istud</strong></span> <span class='ocrx_word' id='word_1_97' title='bbox 1794 2313 1884 2370; x_wconf 83' lang='lat' dir='ltr'><strong>vero</strong></span> 
     </span>
     <span class='ocr_line' id='line_1_13' title="bbox 716 2413 1885 2510; baseline 0 -20"><span class='ocrx_word' id='word_1_98' title='bbox 716 2414 828 2490; x_wconf 81' lang='lat' dir='ltr'><strong>corda</strong></span> <span class='ocrx_word' id='word_1_99' title='bbox 854 2413 1058 2507; x_wconf 84' lang='lat' dir='ltr'><strong>bominum,</strong></span> <span class='ocrx_word' id='word_1_100' title='bbox 1084 2413 1183 2508; x_wconf 91' lang='lat' dir='ltr'><strong>quod</strong></span> <span class='ocrx_word' id='word_1_101' title='bbox 1208 2421 1264 2490; x_wconf 88' lang='lat' dir='ltr'><strong>est</strong></span> <span class='ocrx_word' id='word_1_102' title='bbox 1292 2415 1410 2489; x_wconf 92' lang='lat' dir='ltr'><strong>multo</strong></span> <span class='ocrx_word' id='word_1_103' title='bbox 1438 2415 1552 2510; x_wconf 90' lang='lat' dir='ltr'><strong>peius.</strong></span> <span class='ocrx_word' id='word_1_104' title='bbox 1580 2415 1624 2488; x_wconf 85' lang='lat' dir='ltr'><strong>Et</strong></span> <span class='ocrx_word' id='word_1_105' title='bbox 1648 2414 1778 2510; x_wconf 83' lang='lat' dir='ltr'><strong>probat</strong></span> <span class='ocrx_word' id='word_1_106' title='bbox 1804 2433 1885 2490; x_wconf 88' lang='lat' dir='ltr'><strong>ma·</strong></span> 
     </span>
     <span class='ocr_line' id='line_1_14' title="bbox 717 2532 1885 2632; baseline 0 -25"><span class='ocrx_word' id='word_1_107' title='bbox 717 2533 944 2630; x_wconf 90' lang='lat' dir='ltr'><strong>gnitudinem</strong></span> <span class='ocrx_word' id='word_1_108' title='bbox 970 2539 1008 2606; x_wconf 92' lang='lat' dir='ltr'><strong>et</strong></span> <span class='ocrx_word' id='word_1_109' title='bbox 1032 2532 1281 2608; x_wconf 79' lang='lat' dir='ltr'><strong>fortitudinem</strong></span> <span class='ocrx_word' id='word_1_110' title='bbox 1312 2533 1417 2610; x_wconf 87' lang='lat' dir='ltr'><strong>istius</strong></span> <span class='ocrx_word' id='word_1_111' title='bbox 1444 2534 1573 2632; x_wconf 85' lang='lat' dir='ltr'><strong>glaciei</strong></span> <span class='ocrx_word' id='word_1_112' title='bbox 1604 2553 1671 2631; x_wconf 87' lang='lat' dir='ltr'><strong>per</strong></span> <span class='ocrx_word' id='word_1_113' title='bbox 1700 2533 1885 2627; x_wconf 86' lang='lat' dir='ltr'><strong>ellectum,</strong></span> 
     </span>
     <span class='ocr_line' id='line_1_15' title="bbox 717 2652 1886 2756; baseline 0.002 -28"><span class='ocrx_word' id='word_1_114' title='bbox 717 2652 863 2728; x_wconf 90' lang='lat' dir='ltr'><strong>diuens:</strong></span> <span class='ocrx_word' id='word_1_115' title='bbox 890 2654 949 2726; x_wconf 82' lang='lat' dir='ltr'><strong>cle</strong></span> <span class='ocrx_word' id='word_1_116' title='bbox 980 2672 1018 2724; x_wconf 82' lang='lat' dir='ltr'><strong>se</strong></span> <span class='ocrx_word' id='word_1_117' title='bbox 1051 2653 1279 2744; x_wconf 69' lang='lat' dir='ltr'><strong>Oiontteucl,</strong></span> <span class='ocrx_word' id='word_1_118' title='bbox 1303 2654 1367 2748; x_wconf 90' lang='lat' dir='ltr'><strong>qui</strong></span> <span class='ocrx_word' id='word_1_119' title='bbox 1401 2661 1457 2730; x_wconf 86' lang='lat' dir='ltr'><strong>est</strong></span> <span class='ocrx_word' id='word_1_120' title='bbox 1487 2673 1594 2730; x_wconf 90' lang='lat' dir='ltr'><strong>mons</strong></span> <span class='ocrx_word' id='word_1_121' title='bbox 1623 2653 1822 2756; x_wconf 87' lang='lat' dir='ltr'><strong>altissimus</strong></span> <span class='ocrx_word' id='word_1_122' title='bbox 1848 2653 1886 2730; x_wconf 85' lang='lat' dir='ltr'><strong>iu</strong></span> 
     </span>
     <span class='ocr_line' id='line_1_16' title="bbox 717 2772 1886 2867; baseline 0.002 -19"><span class='ocrx_word' id='word_1_123' title='bbox 717 2772 918 2865; x_wconf 67' lang='lat' dir='ltr'><strong>scotoma,</strong></span> <span class='ocrx_word' id='word_1_124' title='bbox 953 2775 1234 2864; x_wconf 84' lang='lat' dir='ltr'><strong>oPetraptertu,</strong></span> <span class='ocrx_word' id='word_1_125' title='bbox 1268 2794 1353 2867; x_wconf 71' lang='lat' dir='ltr'><strong>qnae</strong></span> <span class='ocrx_word' id='word_1_126' title='bbox 1387 2780 1443 2850; x_wconf 83' lang='lat' dir='ltr'><strong>est</strong></span> <span class='ocrx_word' id='word_1_127' title='bbox 1479 2779 1676 2850; x_wconf 83' lang='lat' dir='ltr'><strong>montanea</strong></span> <span class='ocrx_word' id='word_1_128' title='bbox 1710 2773 1886 2850; x_wconf 89' lang='lat' dir='ltr'><strong>altissima</strong></span> 
     </span>
     <span class='ocr_line' id='line_1_17' title="bbox 716 2891 1884 2987; baseline 0.002 -19"><span class='ocrx_word' id='word_1_129' title='bbox 716 2891 882 2968; x_wconf 90' lang='lat' dir='ltr'><strong>omnium</strong></span> <span class='ocrx_word' id='word_1_130' title='bbox 908 2891 1060 2986; x_wconf 77' lang='lat' dir='ltr'><strong>Tuscia,</strong></span> <span class='ocrx_word' id='word_1_131' title='bbox 1085 2910 1171 2985; x_wconf 70' lang='lat' dir='ltr'><strong>quae</strong></span> <span class='ocrx_word' id='word_1_132' title='bbox 1194 2892 1284 2967; x_wconf 88' lang='lat' dir='ltr'><strong>olim</strong></span> <span class='ocrx_word' id='word_1_133' title='bbox 1308 2899 1439 2968; x_wconf 84' lang='lat' dir='ltr'><strong>vocata</strong></span> <span class='ocrx_word' id='word_1_134' title='bbox 1468 2901 1524 2968; x_wconf 81' lang='lat' dir='ltr'><strong>ert</strong></span> <span class='ocrx_word' id='word_1_135' title='bbox 1557 2894 1667 2970; x_wconf 86' lang='lat' dir='ltr'><strong>Petra</strong></span> <span class='ocrx_word' id='word_1_136' title='bbox 1696 2893 1884 2987; x_wconf 78' lang='lat' dir='ltr'><strong>Appuana,</strong></span> 
     </span>
     <span class='ocr_line' id='line_1_18' title="bbox 716 3009 1883 3108; baseline 0 -22"><span class='ocrx_word' id='word_1_137' title='bbox 716 3011 809 3086; x_wconf 83' lang='lat' dir='ltr'><strong>sieut</strong></span> <span class='ocrx_word' id='word_1_138' title='bbox 834 3030 931 3105; x_wconf 83' lang='lat' dir='ltr'><strong>saepe</strong></span> <span class='ocrx_word' id='word_1_139' title='bbox 955 3015 1054 3106; x_wconf 85' lang='lat' dir='ltr'><strong>patet</strong></span> <span class='ocrx_word' id='word_1_140' title='bbox 1078 3009 1175 3106; x_wconf 89' lang='lat' dir='ltr'><strong>apud</strong></span> <span class='ocrx_word' id='word_1_141' title='bbox 1200 3010 1321 3086; x_wconf 85' lang='lat' dir='ltr'><strong>Titum</strong></span> <span class='ocrx_word' id='word_1_142' title='bbox 1347 3012 1502 3106; x_wconf 88' lang='lat' dir='ltr'><strong>Livium,</strong></span> <span class='ocrx_word' id='word_1_143' title='bbox 1529 3019 1566 3088; x_wconf 90' lang='lat' dir='ltr'><strong>et</strong></span> <span class='ocrx_word' id='word_1_144' title='bbox 1596 3019 1652 3088; x_wconf 87' lang='lat' dir='ltr'><strong>est</strong></span> <span class='ocrx_word' id='word_1_145' title='bbox 1676 3031 1789 3108; x_wconf 89' lang='lat' dir='ltr'><strong>prope</strong></span> <span class='ocrx_word' id='word_1_146' title='bbox 1814 3012 1883 3086; x_wconf 87' lang='lat' dir='ltr'><strong>Pe·</strong></span> 
     </span>
     <span class='ocr_line' id='line_1_19' title="bbox 715 3129 1883 3226; baseline 0.003 -23"><span class='ocrx_word' id='word_1_147' title='bbox 715 3135 814 3206; x_wconf 90' lang='lat' dir='ltr'><strong>tram</strong></span> <span class='ocrx_word' id='word_1_148' title='bbox 838 3134 1002 3204; x_wconf 85' lang='lat' dir='ltr'><strong>sanctam</strong></span> <span class='ocrx_word' id='word_1_149' title='bbox 1028 3149 1102 3204; x_wconf 92' lang='lat' dir='ltr'><strong>non</strong></span> <span class='ocrx_word' id='word_1_150' title='bbox 1127 3129 1237 3226; x_wconf 87' lang='lat' dir='ltr'><strong>longe</strong></span> <span class='ocrx_word' id='word_1_151' title='bbox 1252 3149 1276 3204; x_wconf 88' lang='lat' dir='ltr'><strong>a</strong></span> <span class='ocrx_word' id='word_1_152' title='bbox 1292 3129 1438 3208; x_wconf 86' lang='lat' dir='ltr'><strong>civitate</strong></span> <span class='ocrx_word' id='word_1_153' title='bbox 1462 3131 1593 3210; x_wconf 82' lang='lat' dir='ltr'><strong>lucana</strong></span> <span class='ocrx_word' id='word_1_154' title='bbox 1618 3132 1656 3207; x_wconf 94' lang='lat' dir='ltr'><strong>in</strong></span> <span class='ocrx_word' id='word_1_155' title='bbox 1680 3129 1883 3207; x_wconf 86' lang='lat' dir='ltr'><strong>ounllnibus</strong></span> 
     </span>
     <span class='ocr_line' id='line_1_20' title="bbox 714 3247 1883 3347; baseline 0.002 -23"><span class='ocrx_word' id='word_1_156' title='bbox 714 3250 866 3344; x_wconf 72' lang='lat' dir='ltr'><strong>Tusciae,</strong></span> <span class='ocrx_word' id='word_1_157' title='bbox 891 3252 927 3322; x_wconf 82' lang='lat' dir='ltr'><strong>vt</strong></span> <span class='ocrx_word' id='word_1_158' title='bbox 943 3254 1037 3345; x_wconf 74' lang='lat' dir='ltr'><strong>fosse</strong></span> <span class='ocrx_word' id='word_1_159' title='bbox 1057 3252 1183 3324; x_wconf 79' lang='lat' dir='ltr'><strong>cadulo</strong></span> <span class='ocrx_word' id='word_1_160' title='bbox 1201 3271 1257 3342; x_wconf 83' lang='lat' dir='ltr'><strong>su,</strong></span> <span class='ocrx_word' id='word_1_161' title='bbox 1280 3250 1425 3345; x_wconf 87' lang='lat' dir='ltr'><strong>scilicet,</strong></span> <span class='ocrx_word' id='word_1_162' title='bbox 1448 3269 1560 3346; x_wconf 89' lang='lat' dir='ltr'><strong>super</strong></span> <span class='ocrx_word' id='word_1_163' title='bbox 1585 3251 1692 3326; x_wconf 88' lang='lat' dir='ltr'><strong>istam</strong></span> <span class='ocrx_word' id='word_1_164' title='bbox 1714 3247 1883 3347; x_wconf 81' lang='lat' dir='ltr'><strong>glaciem,</strong></span> 
     </span>
     <span class='ocr_line' id='line_1_21' title="bbox 714 3367 1883 3464; baseline -0.001 -20"><span class='ocrx_word' id='word_1_165' title='bbox 714 3388 788 3444; x_wconf 80' lang='lat' dir='ltr'><strong>oon</strong></span> <span class='ocrx_word' id='word_1_166' title='bbox 811 3372 916 3444; x_wconf 78' lang='lat' dir='ltr'><strong>nota</strong></span> <span class='ocrx_word' id='word_1_167' title='bbox 934 3390 1008 3462; x_wconf 79' lang='lat' dir='ltr'><strong>pur</strong></span> <span class='ocrx_word' id='word_1_168' title='bbox 1025 3373 1115 3463; x_wconf 83' lang='lat' dir='ltr'><strong>sotto</strong></span> <span class='ocrx_word' id='word_1_169' title='bbox 1139 3371 1245 3461; x_wconf 65' lang='lat' dir='ltr'><strong>olel,</strong></span> <span class='ocrx_word' id='word_1_170' title='bbox 1263 3369 1366 3464; x_wconf 82' lang='lat' dir='ltr'><strong>idest,</strong></span> <span class='ocrx_word' id='word_1_171' title='bbox 1382 3370 1578 3445; x_wconf 90' lang='lat' dir='ltr'><strong>minimum</strong></span> <span class='ocrx_word' id='word_1_172' title='bbox 1603 3369 1807 3464; x_wconf 84' lang='lat' dir='ltr'><strong>strepitum,</strong></span> <span class='ocrx_word' id='word_1_173' title='bbox 1824 3367 1883 3444; x_wconf 85' lang='lat' dir='ltr'><strong>rel</strong></span> 
     </span>
     <span class='ocr_line' id='line_1_22' title="bbox 715 3488 1885 3585; baseline -0.003 -21"><span class='ocrx_word' id='word_1_174' title='bbox 715 3488 922 3583; x_wconf 90' lang='lat' dir='ltr'><strong>stridorem,</strong></span> <span class='ocrx_word' id='word_1_175' title='bbox 955 3489 1103 3582; x_wconf 90' lang='lat' dir='ltr'><strong>qualem</strong></span> <span class='ocrx_word' id='word_1_176' title='bbox 1133 3509 1265 3563; x_wconf 90' lang='lat' dir='ltr'><strong>sonum</strong></span> <span class='ocrx_word' id='word_1_177' title='bbox 1300 3489 1385 3564; x_wconf 85' lang='lat' dir='ltr'><strong>lacit</strong></span> <span class='ocrx_word' id='word_1_178' title='bbox 1412 3490 1554 3585; x_wconf 89' lang='lat' dir='ltr'><strong>lapillus</strong></span> <span class='ocrx_word' id='word_1_179' title='bbox 1578 3489 1726 3584; x_wconf 89' lang='lat' dir='ltr'><strong>quando</strong></span> <span class='ocrx_word' id='word_1_180' title='bbox 1746 3488 1885 3582; x_wconf 77' lang='lat' dir='ltr'><strong>Jacitur</strong></span> 
     </span>
     <span class='ocr_line' id='line_1_23' title="bbox 715 3605 1883 3704; baseline -0.003 -22"><span class='ocrx_word' id='word_1_181' title='bbox 715 3628 827 3703; x_wconf 90' lang='lat' dir='ltr'><strong>supra</strong></span> <span class='ocrx_word' id='word_1_182' title='bbox 842 3607 1010 3704; x_wconf 78' lang='lat' dir='ltr'><strong>glaciem,</strong></span> <span class='ocrx_word' id='word_1_183' title='bbox 1027 3607 1091 3702; x_wconf 88' lang='lat' dir='ltr'><strong>qui</strong></span> <span class='ocrx_word' id='word_1_184' title='bbox 1109 3607 1269 3682; x_wconf 88' lang='lat' dir='ltr'><strong>sallendo</strong></span> <span class='ocrx_word' id='word_1_185' title='bbox 1287 3607 1371 3682; x_wconf 85' lang='lat' dir='ltr'><strong>lacit</strong></span> <span class='ocrx_word' id='word_1_186' title='bbox 1387 3609 1496 3682; x_wconf 89' lang='lat' dir='ltr'><strong>talem</strong></span> <span class='ocrx_word' id='word_1_187' title='bbox 1516 3627 1666 3700; x_wconf 83' lang='lat' dir='ltr'><strong>sonum3</strong></span> <span class='ocrx_word' id='word_1_188' title='bbox 1684 3613 1722 3682; x_wconf 90' lang='lat' dir='ltr'><strong>et</strong></span> <span class='ocrx_word' id='word_1_189' title='bbox 1737 3605 1883 3682; x_wconf 80' lang='lat' dir='ltr'><strong>videtur</strong></span> 
     </span>
     <span class='ocr_line' id='line_1_24' title="bbox 715 3719 1882 3826; baseline -0.005 -22"><span class='ocrx_word' id='word_1_190' title='bbox 715 3730 834 3826; x_wconf 90' lang='lat' dir='ltr'><strong>lpsum</strong></span> <span class='ocrx_word' id='word_1_191' title='bbox 851 3719 888 3821; x_wconf 86' lang='lat'><strong>(¹)</strong></span> <span class='ocrx_word' id='word_1_192' title='bbox 914 3733 1072 3802; x_wconf 82' lang='lat' dir='ltr'><strong>tractum</strong></span> <span class='ocrx_word' id='word_1_193' title='bbox 1098 3747 1121 3802; x_wconf 94' lang='lat' dir='ltr'><strong>a</strong></span> <span class='ocrx_word' id='word_1_194' title='bbox 1146 3747 1237 3803; x_wconf 89' lang='lat' dir='ltr'><strong>sono</strong></span> <span class='ocrx_word' id='word_1_195' title='bbox 1256 3728 1351 3802; x_wconf 91' lang='lat' dir='ltr'><strong>sicut</strong></span> <span class='ocrx_word' id='word_1_196' title='bbox 1368 3726 1668 3802; x_wconf 81' lang='lat' dir='ltr'><strong>tintinnabulum:</strong></span> <span class='ocrx_word' id='word_1_197' title='bbox 1687 3731 1725 3800; x_wconf 91' lang='lat' dir='ltr'><strong>et</strong></span> <span class='ocrx_word' id='word_1_198' title='bbox 1748 3744 1882 3800; x_wconf 82' lang='lat' dir='ltr'><strong>verum</strong></span> 
     </span>
    </p>
   </div>
   <div class='ocr_carea' id='block_1_3' title="bbox 576 3843 1885 3943">
    <p class='ocr_par' dir='ltr' id='par_1_3' title="bbox 576 3843 1885 3943">
     <span class='ocr_line' id='line_1_25' title="bbox 576 3843 1885 3943; baseline -0.008 -16"><span class='ocrx_word' id='word_1_199' title='bbox 576 3871 579 3878; x_wconf 89' lang='lat'>·</span> <span class='ocrx_word' id='word_1_200' title='bbox 714 3849 810 3943; x_wconf 82' lang='lat' dir='ltr'><strong>(licit,</strong></span> <span class='ocrx_word' id='word_1_201' title='bbox 834 3847 921 3942; x_wconf 87' lang='lat' dir='ltr'><strong>quia</strong></span> <span class='ocrx_word' id='word_1_202' title='bbox 950 3848 1050 3924; x_wconf 88' lang='lat' dir='ltr'><strong>nulla</strong></span> <span class='ocrx_word' id='word_1_203' title='bbox 1076 3853 1131 3922; x_wconf 86' lang='lat' dir='ltr'><strong>est</strong></span> <span class='ocrx_word' id='word_1_204' title='bbox 1155 3847 1273 3922; x_wconf 85' lang='lat' dir='ltr'><strong>virtus</strong></span> <span class='ocrx_word' id='word_1_205' title='bbox 1302 3854 1378 3921; x_wconf 92' lang='lat' dir='ltr'><strong>tam</strong></span> <span class='ocrx_word' id='word_1_206' title='bbox 1409 3867 1555 3943; x_wconf 87' lang='lat' dir='ltr'><strong>magna,</strong></span> <span class='ocrx_word' id='word_1_207' title='bbox 1572 3865 1657 3941; x_wconf 73' lang='lat' dir='ltr'><strong>quaa</strong></span> <span class='ocrx_word' id='word_1_208' title='bbox 1681 3843 1792 3940; x_wconf 87' lang='lat' dir='ltr'><strong>possit</strong></span> <span class='ocrx_word' id='word_1_209' title='bbox 1816 3843 1885 3920; x_wconf 90' lang='lat' dir='ltr'><strong>all-</strong></span> 
     </span>
    </p>
   </div>
   <div class='ocr_carea' id='block_1_4' title="bbox 714 3955 1906 4422">
    <p class='ocr_par' dir='ltr' id='par_1_4' title="bbox 714 3955 1906 4422">
     <span class='ocr_line' id='line_1_26' title="bbox 715 3955 1906 4064; baseline -0.007 -20"><span class='ocrx_word' id='word_1_210' title='bbox 715 3967 862 4064; x_wconf 90' lang='lat' dir='ltr'><strong>quando</strong></span> <span class='ocrx_word' id='word_1_211' title='bbox 884 3986 1036 4044; x_wconf 86' lang='lat' dir='ltr'><strong>morere</strong></span> <span class='ocrx_word' id='word_1_212' title='bbox 1052 3987 1117 4043; x_wconf 89' lang='lat' dir='ltr'><strong>oor</strong></span> <span class='ocrx_word' id='word_1_213' title='bbox 1138 3966 1289 4044; x_wconf 89' lang='lat' dir='ltr'><strong>crudele</strong></span> <span class='ocrx_word' id='word_1_214' title='bbox 1313 3955 1595 4063; x_wconf 78' lang='lat' dir='ltr'><strong>inglaciatum(³)</strong></span> <span class='ocrx_word' id='word_1_215' title='bbox 1613 3963 1818 4060; x_wconf 88' lang='lat' dir='ltr'><strong>proditoris,</strong></span> <span class='ocrx_word' id='word_1_216' title='bbox 1834 3965 1884 4036; x_wconf 80' lang='lat' dir='ltr'><strong>dn</strong></span> <span class='ocrx_word' id='word_1_217' title='bbox 1903 3971 1906 3978; x_wconf 83' lang='lat'>&#39;</span> 
     </span>
     <span class='ocr_line' id='line_1_27' title="bbox 715 4081 1883 4180; baseline -0.005 -18"><span class='ocrx_word' id='word_1_218' title='bbox 715 4091 842 4180; x_wconf 79' lang='lat' dir='ltr'><strong>torto,</strong></span> <span class='ocrx_word' id='word_1_219' title='bbox 859 4086 961 4180; x_wconf 80' lang='lat' dir='ltr'><strong>idest,</strong></span> <span class='ocrx_word' id='word_1_220' title='bbox 986 4086 1024 4160; x_wconf 94' lang='lat' dir='ltr'><strong>in</strong></span> <span class='ocrx_word' id='word_1_221' title='bbox 1048 4085 1391 4162; x_wconf 78' lang='lat' dir='ltr'><strong>extremitate-ll</strong></span> <span class='ocrx_word' id='word_1_222' title='bbox 1412 4106 1517 4158; x_wconf 81' lang='lat' dir='ltr'><strong>corre.</strong></span> <span class='ocrx_word' id='word_1_223' title='bbox 1537 4085 1602 4158; x_wconf 89' lang='lat' dir='ltr'><strong>llic</strong></span> <span class='ocrx_word' id='word_1_224' title='bbox 1617 4089 1728 4160; x_wconf 90' lang='lat' dir='ltr'><strong>autor</strong></span> <span class='ocrx_word' id='word_1_225' title='bbox 1746 4081 1883 4158; x_wconf 87' lang='lat' dir='ltr'><strong>deseri·</strong></span> 
     </span>
     <span class='ocr_line' id='line_1_28' title="bbox 715 4203 1881 4302; baseline -0.006 -20"><span class='ocrx_word' id='word_1_226' title='bbox 715 4207 767 4282; x_wconf 90' lang='lat' dir='ltr'><strong>bit</strong></span> <span class='ocrx_word' id='word_1_227' title='bbox 791 4208 829 4282; x_wconf 94' lang='lat' dir='ltr'><strong>in</strong></span> <span class='ocrx_word' id='word_1_228' title='bbox 852 4207 997 4302; x_wconf 89' lang='lat' dir='ltr'><strong>speciali</strong></span> <span class='ocrx_word' id='word_1_229' title='bbox 1022 4227 1169 4302; x_wconf 87' lang='lat' dir='ltr'><strong>poenam</strong></span> <span class='ocrx_word' id='word_1_230' title='bbox 1198 4205 1428 4301; x_wconf 88' lang='lat' dir='ltr'><strong>proditorum</strong></span> <span class='ocrx_word' id='word_1_231' title='bbox 1458 4205 1586 4299; x_wconf 82' lang='lat' dir='ltr'><strong>primes</strong></span> <span class='ocrx_word' id='word_1_232' title='bbox 1618 4203 1761 4300; x_wconf 89' lang='lat' dir='ltr'><strong>speciei,</strong></span> <span class='ocrx_word' id='word_1_233' title='bbox 1796 4221 1881 4296; x_wconf 82' lang='lat' dir='ltr'><strong>quae</strong></span> 
     </span>
     <span class='ocr_line' id='line_1_29' title="bbox 714 4314 1882 4422; baseline -0.008 -18"><span class='ocrx_word' id='word_1_234' title='bbox 714 4327 955 4404; x_wconf 77' lang='lat' dir='ltr'><strong>committitur</strong></span> <span class='ocrx_word' id='word_1_235' title='bbox 979 4331 1108 4402; x_wconf 86' lang='lat' dir='ltr'><strong>contra</strong></span> <span class='ocrx_word' id='word_1_236' title='bbox 1131 4325 1414 4422; x_wconf 82' lang='lat' dir='ltr'><strong>sanguinitatem</strong></span> <span class='ocrx_word' id='word_1_237' title='bbox 1430 4314 1467 4418; x_wconf 49' lang='grc' dir='ltr'><strong>(ὅ)</strong></span> <span class='ocrx_word' id='word_1_238' title='bbox 1499 4345 1566 4420; x_wconf 91' lang='lat' dir='ltr'><strong>per</strong></span> <span class='ocrx_word' id='word_1_239' title='bbox 1592 4344 1706 4399; x_wconf 91' lang='lat' dir='ltr'><strong>unam</strong></span> <span class='ocrx_word' id='word_1_240' title='bbox 1732 4341 1882 4417; x_wconf 85' lang='lat' dir='ltr'><strong>eompa-</strong></span> 
     </span>
    </p>
   </div>
   <div class='ocr_carea' id='block_1_5' title="bbox 608 4439 2014 4665">
    <p class='ocr_par' dir='ltr' id='par_1_5' title="bbox 608 4439 2014 4665">
     <span class='ocr_line' id='line_1_30' title="bbox 608 4439 1879 4540; baseline -0.012 -14"><span class='ocrx_word' id='word_1_241' title='bbox 608 4493 612 4500; x_wconf 93' lang='lat'>·</span> <span class='ocrx_word' id='word_1_242' title='bbox 714 4448 895 4524; x_wconf 84' lang='lat' dir='ltr'><strong>rationem</strong></span> <span class='ocrx_word' id='word_1_243' title='bbox 921 4446 1071 4522; x_wconf 90' lang='lat' dir='ltr'><strong>claram.</strong></span> <span class='ocrx_word' id='word_1_244' title='bbox 1089 4446 1132 4520; x_wconf 78' lang='lat' dir='ltr'><strong>lit</strong></span> <span class='ocrx_word' id='word_1_245' title='bbox 1157 4445 1243 4519; x_wconf 90' lang='lat' dir='ltr'><strong>dicit</strong></span> <span class='ocrx_word' id='word_1_246' title='bbox 1266 4445 1441 4540; x_wconf 86' lang='lat' dir='ltr'><strong>breviter,</strong></span> <span class='ocrx_word' id='word_1_247' title='bbox 1460 4443 1559 4540; x_wconf 84' lang='lat' dir='ltr'><strong>quod</strong></span> <span class='ocrx_word' id='word_1_248' title='bbox 1584 4443 1641 4518; x_wconf 90' lang='lat' dir='ltr'><strong>isti</strong></span> <span class='ocrx_word' id='word_1_249' title='bbox 1665 4446 1760 4516; x_wconf 85' lang='lat' dir='ltr'><strong>stant</strong></span> <span class='ocrx_word' id='word_1_250' title='bbox 1785 4439 1879 4514; x_wconf 89' lang='lat' dir='ltr'><strong>intra</strong></span> 
     </span>
     <span class='ocr_line' id='line_1_31' title="bbox 715 4563 2014 4665; baseline -0.01 -22"><span class='ocrx_word' id='word_1_251' title='bbox 715 4568 869 4665; x_wconf 84' lang='lat' dir='ltr'><strong>glaciem</strong></span> <span class='ocrx_word' id='word_1_252' title='bbox 895 4585 981 4640; x_wconf 87' lang='lat' dir='ltr'><strong>cum</strong></span> <span class='ocrx_word' id='word_1_253' title='bbox 1009 4583 1164 4660; x_wconf 85' lang='lat' dir='ltr'><strong>corpore</strong></span> <span class='ocrx_word' id='word_1_254' title='bbox 1184 4571 1273 4660; x_wconf 87' lang='lat' dir='ltr'><strong>toto,</strong></span> <span class='ocrx_word' id='word_1_255' title='bbox 1290 4571 1456 4640; x_wconf 80' lang='lat' dir='ltr'><strong>tenentes</strong></span> <span class='ocrx_word' id='word_1_256' title='bbox 1482 4565 1602 4639; x_wconf 92' lang='lat' dir='ltr'><strong>solum</strong></span> <span class='ocrx_word' id='word_1_257' title='bbox 1627 4566 1737 4657; x_wconf 85' lang='lat' dir='ltr'><strong>caput</strong></span> <span class='ocrx_word' id='word_1_258' title='bbox 1762 4563 1880 4650; x_wconf 81' lang='lat' dir='ltr'><strong>extra,</strong></span> <span class='ocrx_word' id='word_1_259' title='bbox 2011 4563 2014 4570; x_wconf 80' lang='grc'>’</span> 
     </span>
    </p>
   </div>
   <div class='ocr_carea' id='block_1_6' title="bbox 714 4676 1880 4778">
    <p class='ocr_par' dir='ltr' id='par_1_6' title="bbox 714 4676 1880 4778">
     <span class='ocr_line' id='line_1_32' title="bbox 714 4676 1880 4778; baseline -0.011 -16"><span class='ocrx_word' id='word_1_260' title='bbox 714 4693 751 4762; x_wconf 93' lang='lat' dir='ltr'><strong>et</strong></span> <span class='ocrx_word' id='word_1_261' title='bbox 776 4685 982 4761; x_wconf 80' lang='lat' dir='ltr'><strong>frendentes</strong></span> <span class='ocrx_word' id='word_1_262' title='bbox 996 4676 1033 4776; x_wconf 74' lang='lat'><strong>(⁸)</strong></span> <span class='ocrx_word' id='word_1_263' title='bbox 1059 4683 1242 4776; x_wconf 86' lang='lat' dir='ltr'><strong>dentibus,</strong></span> <span class='ocrx_word' id='word_1_264' title='bbox 1268 4703 1315 4758; x_wconf 91' lang='lat' dir='ltr'><strong>eo</strong></span> <span class='ocrx_word' id='word_1_265' title='bbox 1341 4684 1450 4759; x_wconf 90' lang='lat' dir='ltr'><strong>modo</strong></span> <span class='ocrx_word' id='word_1_266' title='bbox 1482 4703 1558 4778; x_wconf 82' lang='lat' dir='ltr'><strong>qno</strong></span> <span class='ocrx_word' id='word_1_267' title='bbox 1590 4699 1681 4760; x_wconf 84' lang='lat' dir='ltr'><strong>rana</strong></span> <span class='ocrx_word' id='word_1_268' title='bbox 1710 4684 1781 4754; x_wconf 84' lang='lat' dir='ltr'><strong>stat</strong></span> <span class='ocrx_word' id='word_1_269' title='bbox 1805 4681 1880 4751; x_wconf 87' lang='lat' dir='ltr'><strong>tota</strong></span> 
     </span>
    </p>
   </div>
   <div class='ocr_carea' id='block_1_7' title="bbox 777 4909 1706 4978">
    <p class='ocr_par' dir='ltr' id='par_1_7' title="bbox 777 4909 1706 4978">
     <span class='ocr_line' id='line_1_33' title="bbox 777 4909 1706 4978; baseline -0.018 -3"><span class='ocrx_word' id='word_1_270' title='bbox 777 4911 804 4976; x_wconf 83' lang='lat' dir='ltr'><strong>l¹l</strong></span> <span class='ocrx_word' id='word_1_271' title='bbox 820 4913 850 4964; x_wconf 79' lang='lat' dir='ltr'><strong>E·</strong></span> <span class='ocrx_word' id='word_1_272' title='bbox 867 4913 1015 4978; x_wconf 79' lang='lat' dir='ltr'><strong>proditoris.</strong></span> <span class='ocrx_word' id='word_1_273' title='bbox 1273 4909 1302 4974; x_wconf 62' lang='grc' dir='ltr'><strong>(Ἴ</strong></span> <span class='ocrx_word' id='word_1_274' title='bbox 1318 4911 1344 4964; x_wconf 80' lang='lat' dir='ltr'><strong>S.</strong></span> <span class='ocrx_word' id='word_1_275' title='bbox 1360 4925 1455 4963; x_wconf 85' lang='lat' dir='ltr'><strong>nomen</strong></span> <span class='ocrx_word' id='word_1_276' title='bbox 1472 4915 1586 4963; x_wconf 77' lang='lat' dir='ltr'><strong>tractum</strong></span> <span class='ocrx_word' id='word_1_277' title='bbox 1601 4923 1617 4960; x_wconf 79' lang='lat' dir='ltr'><strong>a</strong></span> <span class='ocrx_word' id='word_1_278' title='bbox 1633 4923 1706 4962; x_wconf 82' lang='lat' dir='ltr'><strong>rone.</strong></span> 
     </span>
    </p>
   </div>
   <div class='ocr_carea' id='block_1_8' title="bbox 775 4987 1712 5130">
    <p class='ocr_par' dir='ltr' id='par_1_8' title="bbox 775 4987 1712 5130">
     <span class='ocr_line' id='line_1_34' title="bbox 775 4987 1712 5054; baseline -0.003 -14"><span class='ocrx_word' id='word_1_279' title='bbox 775 4989 803 5051; x_wconf 75' lang='lat'><strong>(¹)</strong></span> <span class='ocrx_word' id='word_1_280' title='bbox 819 4991 844 5040; x_wconf 87' lang='lat' dir='ltr'><strong>S.</strong></span> <span class='ocrx_word' id='word_1_281' title='bbox 860 4995 888 5042; x_wconf 81' lang='lat' dir='ltr'><strong>et</strong></span> <span class='ocrx_word' id='word_1_282' title='bbox 902 4989 1077 5054; x_wconf 75' lang='lat' dir='ltr'><strong>lnglaclnlnm.</strong></span> <span class='ocrx_word' id='word_1_283' title='bbox 1274 4989 1301 5051; x_wconf 81' lang='lat'><strong>(¹)</strong></span> <span class='ocrx_word' id='word_1_284' title='bbox 1318 4987 1344 5039; x_wconf 84' lang='lat' dir='ltr'><strong>S.</strong></span> <span class='ocrx_word' id='word_1_285' title='bbox 1360 5001 1376 5039; x_wconf 85' lang='lat' dir='ltr'><strong>a</strong></span> <span class='ocrx_word' id='word_1_286' title='bbox 1392 4987 1423 5038; x_wconf 81' lang='lat' dir='ltr'><strong>li.</strong></span> <span class='ocrx_word' id='word_1_287' title='bbox 1440 4987 1712 5053; x_wconf 78' lang='lat' dir='ltr'><strong>comangnlnsltatem.</strong></span> 
     </span>
     <span class='ocr_line' id='line_1_35' title="bbox 777 5064 1525 5130; baseline -0.003 -13"><span class='ocrx_word' id='word_1_288' title='bbox 777 5067 805 5130; x_wconf 63' lang='grc' dir='ltr'><strong>τ’)</strong></span> <span class='ocrx_word' id='word_1_289' title='bbox 821 5067 846 5118; x_wconf 89' lang='lat' dir='ltr'><strong>S.</strong></span> <span class='ocrx_word' id='word_1_290' title='bbox 862 5065 1003 5118; x_wconf 72' lang='lat' dir='ltr'><strong>immutes</strong></span> <span class='ocrx_word' id='word_1_291' title='bbox 1018 5066 1146 5118; x_wconf 77' lang='lat' dir='ltr'><strong>denssltut.</strong></span> <span class='ocrx_word' id='word_1_292' title='bbox 1157 5093 1185 5102; x_wconf 96' lang='lat'><em>-</em></span> <span class='ocrx_word' id='word_1_293' title='bbox 1196 5065 1227 5114; x_wconf 84' lang='lat' dir='ltr'><strong>B.</strong></span> <span class='ocrx_word' id='word_1_294' title='bbox 1243 5065 1382 5116; x_wconf 73' lang='lat' dir='ltr'><strong>stridentes</strong></span> <span class='ocrx_word' id='word_1_295' title='bbox 1397 5064 1525 5116; x_wconf 67' lang='lat' dir='ltr'><strong>munus</strong></span> 
     </span>
    </p>
   </div>
   <div class='ocr_carea' id='block_1_9' title="bbox 0 0 2288 6839">
    <p class='ocr_par' dir='ltr' id='par_1_9' title="bbox 0 0 2288 6839">
     <span class='ocr_line' id='line_1_36' title="bbox 0 0 2288 6839; baseline 0 0"><span class='ocrx_word' id='word_1_296' title='bbox 0 0 2288 6839; x_wconf 95' lang='lat' dir='ltr'><strong> </strong></span> 
     </span>
    </p>
   </div>
  </div>
 </body>
</html>
