4534 6842
722 907 791 975 16⁴
1113 919 1316 976 cononum
1342 919 1493 974 luseum

715 1069 771 1146 οἱα
796 1087 820 1138 n
845 1068 965 1156 vulger
988 1071 1070 1140 roto
1094 1067 1133 1138 ni
1155 1067 1263 1138 nontin
1286 1071 1472 1156 toscona:
1488 1063 1557 1138 hoc
1581 1061 1667 1139 dicit
1691 1061 1878 1159 signanter

716 1187 802 1282 quia
816 1187 853 1260 in
867 1185 1074 1262 molendino
1090 1187 1254 1262 terrestri
1271 1206 1368 1281 aqna
1385 1185 1518 1260 cadens
1529 1184 1578 1260 ab
1589 1183 1664 1259 alto
1680 1183 1716 1258 in
1735 1183 1884 1259 bassum

716 1328 784 1403 per
808 1307 931 1382 locum
955 1313 1155 1402 angustum
1172 1305 1287 1381 currit
1306 1305 1468 1381 velocius
1488 1325 1601 1400 quam
1623 1325 1721 1399 aqua
1744 1305 1887 1379 molen-

716 1425 789 1501 dini
815 1426 919 1522 positi
945 1426 981 1500 in
1005 1447 1103 1522 aqua
1125 1447 1270 1525 magna,
1291 1426 1385 1502 sicut
1405 1425 1572 1500 videmus
1596 1424 1633 1496 in
1649 1423 1758 1517 Pado,
1777 1430 1814 1498 et
1832 1423 1888 1496 di-

717 1547 785 1622 cit:
811 1549 940 1642 wnnd'
952 1549 1019 1621 ello
1040 1543 1102 1640 piri
1127 1569 1229 1622 uerso
1254 1551 1286 1621 le
1304 1549 1388 1640 pole
1413 1547 1615 1638 opprocn'o,
1633 1543 1736 1640 idest,
1754 1565 1888 1639 appro-

716 1667 888 1762 pinquat3
911 1677 1049 1762 quanto
1073 1667 1171 1742 enim
1197 1688 1257 1743 res
1283 1672 1382 1742 mota
1409 1665 1526 1762 magis
1550 1663 1816 1761 appropinquat
1840 1665 1885 1738 ad

718 1788 930 1882 terminum,
958 1793 1058 1863 tanto
1083 1788 1244 1863 velocius
1274 1793 1465 1863 movetur:
1492 1791 1528 1862 et
1556 1786 1712 1882 applicat
1737 1806 1888 1882 compa-

717 1909 909 2004 rationem,
935 1907 1080 1987 dioens:
1106 1929 1203 1981 conte
1218 1910 1244 1982 'l
1266 1915 1419 1982 moesto
1443 1909 1525 2000 mio,
1544 1906 1680 1981 scilicet
1704 1903 1886 2003 Virgilius,

717 2028 856 2123 supple,
887 2026 1063 2122 cucurrit,
1090 2048 1158 2120 per
1193 2031 1272 2119 quel
1303 2031 1468 2118 stangno,
1493 2025 1585 2100 idest
1614 2026 1885 2102 extremitatem

717 2148 805 2242 ripae
825 2147 1024 2242 pendentis,
1040 2150 1302 2240 portandosene
1325 2169 1380 2222 me
1403 2169 1513 2240 sopra
1538 2149 1566 2222 il
1587 2169 1651 2220 sno
1670 2154 1777 2241 peto,
1799 2147 1884 2240 quia

715 2269 753 2344 in
777 2274 926 2365 pectore
949 2269 1107 2344 hominis
1133 2279 1188 2345 est
1212 2269 1291 2343 lons
1316 2269 1411 2364 ritae,
1430 2274 1468 2342 et
1488 2267 1622 2366 vigoris
1647 2268 1683 2343 in
1709 2267 1831 2362 corde,
1849 2267 1886 2343 in

715 2409 790 2482 quo
803 2389 988 2484 praecipue
1001 2389 1101 2486 viget
1113 2388 1228 2463 virtus
1246 2389 1420 2483 hominis,
1438 2395 1475 2463 et
1492 2387 1599 2463 dicit:
1618 2381 1648 2462 sl
1664 2409 1760 2462 corne
1772 2389 1885 2481 tolio,

715 2508 850 2582 scilicet
874 2529 1004 2583 amore
1028 2514 1191 2604 paterno,
1210 2529 1282 2583 non
1299 2530 1395 2583 conte
1410 2530 1615 2602 componun
1642 2508 1769 2584 Socius
1786 2507 1883 2581 enim

717 2628 755 2700 in
780 2627 842 2701 tali
869 2627 1001 2702 timore
1027 2647 1099 2702 non
1120 2627 1226 2721 jnrat
1244 2627 1384 2704 socium
1403 2627 1439 2701 in
1458 2628 1544 2724 luga
1562 2627 1629 2703 nisi
1646 2625 1778 2720 verbis,
1799 2627 1886 2719 quia

714 2747 799 2854 dicit
811 2741 873 2840 (¹):
900 2747 998 2844 luge,
1017 2747 1114 2845 lngo,
1132 2749 1191 2823 vel
1208 2747 1307 2824 Deus
1332 2755 1368 2823 te
1389 2750 1515 2844 juvet;
1537 2750 1594 2825 vel
1619 2749 1647 2822 si
1670 2749 1778 2842 jnvat
1794 2767 1883 2823 eum

716 2892 789 2947 nou
815 2871 911 2946 levat
937 2871 1055 2966 ipsum
1070 2861 1107 2964 (²)
1135 2891 1246 2966 supra
1278 2890 1319 2946 sc
1351 2891 1419 2946 nec
1443 2891 1530 2946 cum
1557 2877 1656 2946 tauta
1680 2869 1883 2945 allectione.

715 2991 799 3067 ldeo
824 2995 933 3066 antor
959 2989 1074 3066 voluit
1104 2990 1224 3066 adhuc
1258 2991 1452 3066 ostendere
1480 2991 1697 3066 immensam
1723 2989 1887 3065 allectio-

715 3133 800 3188 nem
826 3111 963 3208 Virgilii
988 3110 1026 3184 in
1051 3117 1153 3185 tauto
1177 3110 1360 3206 periculo;
1378 3116 1415 3186 et
1440 3110 1665 3205 comparatio
1691 3109 1756 3184 ista
1783 3129 1886 3183 com-

715 3222 882 3324 munisl³l
901 3230 988 3306 satis
1005 3230 1219 3306 servicnuic
1236 3231 1430 3326 proposito.
1445 3231 1547 3306 Sicut
1560 3231 1657 3306 enim
1674 3251 1784 3325 aqua,
1802 3248 1886 3324 quae

714 3363 770 3429 ert
781 3351 999 3426 naturaliter
1014 3351 1114 3446 levis,
1132 3351 1248 3426 currit
1265 3351 1492 3428 velocissime
1505 3372 1571 3448 per
1583 3351 1728 3426 duciam
1743 3357 1883 3425 arctam

714 3479 752 3546 et
775 3472 888 3545 altam
914 3470 961 3545 ad
986 3470 1209 3546 moliendum
1226 3458 1261 3564 (ὗ)
1289 3472 1517 3547 trumentum
1552 3493 1627 3566 quo
1659 3471 1779 3546 evadit
1810 3471 1884 3547 rita

715 3591 881 3686 hominis,
907 3591 956 3665 ita
981 3591 1104 3666 anima
1129 3587 1266 3687 Virgilii
1287 3600 1454 3688 separata
1471 3593 1687 3668 naturaliter
1704 3591 1885 3668 levissima

714 3702 930 3804 cucurrit(⁵)
956 3711 1152 3807 perlatam
1187 3711 1282 3786 viam
1315 3719 1452 3788 rectam
1486 3719 1524 3788 et
1548 3721 1687 3788 arctam
1714 3712 1760 3788 ad
1786 3714 1885 3790 salu-

714 3841 788 3906 tem
816 3838 854 3906 et
877 3831 990 3906 vitam
1016 3831 1188 3926 hominis3
1206 3832 1255 3908 ita
1273 3832 1372 3926 qnod
1398 3853 1470 3907 non
1497 3832 1581 3908 lecit
1606 3833 1727 3908 minus
1743 3833 1883 3912 bouum

714 3953 876 4027 lructum
902 3973 1015 4046 quam
1040 3972 1137 4046 aqna
1163 3951 1372 4046 molendini,
1393 3958 1429 4028 et
1454 3963 1555 4031 certe
1579 3973 1688 4048 aqua,
1709 3953 1801 4032 idest
1817 3953 1884 4029 do·

714 4073 830 4150 ctrina
855 4072 1005 4170 Virgilii,
1031 4072 1098 4150 luit
1127 4073 1188 4148 illa
1213 4093 1297 4168 quae
1327 4073 1484 4168 portavit
1516 4074 1636 4169 ipsum
1650 4064 1688 4166 (⁶)
1722 4095 1789 4172 per
1814 4075 1882 4152 ista

714 4196 805 4290 loca,
823 4201 861 4270 et
886 4193 996 4269 traxit
1020 4213 1066 4268 ex
1091 4193 1262 4268 omnibus
1287 4192 1573 4288 periculis-A
1595 4215 1700 4288 pmcn.
1727 4195 1793 4270 Hic
1825 4197 1883 4270 ul·

714 4316 804 4390 timo
828 4319 937 4390 autor
962 4312 1077 4408 tangit
1101 4313 1312 4388 evasionem
1330 4333 1460 4388 eorum
1478 4313 1525 4388 ad
1545 4314 1666 4390 locum
1682 4304 1719 4407 (⁷)
1747 4321 1882 4410 tutum,

712 4434 858 4510 dicens:
884 4437 898 4507 t
916 4438 977 4526 pei
999 4437 1053 4508 soi
1075 4455 1100 4507 o
1119 4455 1215 4526 peto
1236 4437 1323 4527 snro
1355 4437 1467 4526 giunta·
1498 4438 1538 4510 nl
1567 4439 1646 4514 letto
1682 4439 1740 4511 del
1770 4440 1882 4532 fondo

712 4550 785 4646 nit,
805 4553 951 4650 scilicet,
976 4553 1013 4627 in
1037 4554 1108 4628 alia
1133 4553 1268 4651 bulgio,
1294 4555 1344 4628 cll’
1357 4559 1400 4648 ei,
1418 4555 1519 4652 idest,
1537 4558 1636 4654 quod
1653 4558 1718 4653 ipsi
1743 4559 1884 4634 daemo·

713 4695 789 4770 nes,
803 4678 934 4770 tronto
953 4677 992 4748 tn
1015 4677 1072 4749 nel
1093 4677 1192 4766 colle,
1209 4675 1345 4751 scilicet
1364 4675 1401 4748 in
1418 4676 1580 4755 culmine
1596 4679 1754 4775 aggeris,
1770 4701 1884 4774 sopra

775 4889 802 4950 (¹)
818 4889 849 4940 B.
865 4888 926 4952 quta
941 4888 1048 4940 dicaret.
1185 4887 1214 4954 (¹)
1229 4889 1261 4940 ll.
1276 4891 1361 4943 illum.
1469 4893 1497 4955 ω
1517 4893 1543 4944 S.
1560 4893 1706 4944 communic
1721 4893 1809 4944 servit.

775 4965 802 5028 0)
819 4965 849 5018 B.
865 4965 1016 5016 molmdnm
1032 4967 1201 5018 immensum.
1472 4972 1499 5034 (¹)
1517 4970 1547 5022 Ε.
1564 4972 1655 5022 currit.

775 5041 803 5108 (⁸)
818 5043 850 5094 lt.
866 5043 951 5107 lorum
966 5043 1064 5096 rdlloet
1080 5044 1198 5106 hum,
1215 5057 1263 5108 ner
1277 5043 1334 5097 latr.
1471 5045 1498 5109 (¹)
1515 5046 1545 5098 u.
1562 5047 1651 5100 locum
1666 5059 1752 5114 annm,
1769 5046 1865 5098 dions.
