4606 6840
708 927 781 998 266
914 931 916 936 ’
1099 941 1302 996 conamen
1326 940 1477 994 menam

708 1091 833 1164 lurum
858 1095 914 1163 ast
937 1089 1091 1180 occulta,
1116 1087 1179 1162 sed
1205 1087 1264 1161 via
1280 1087 1433 1160 istorum
1451 1090 1658 1160 astutorum
1676 1088 1730 1158 est
1747 1082 1872 1156 occul-

710 1210 857 1303 tissima,
888 1215 925 1282 et
955 1215 1010 1282 est
1040 1207 1222 1281 contraria
1247 1207 1307 1300 illi,
1334 1206 1418 1299 quia
1445 1206 1545 1279 lraus
1569 1204 1706 1296 lurum,
1734 1209 1775 1275 ut
1794 1202 1872 1296 J'am

709 1330 840 1404 totiens
858 1328 995 1402 dictum
1013 1332 1079 1420 est,
1099 1327 1261 1421 procedit
1280 1345 1302 1400 a
1322 1347 1456 1421 magna
1473 1324 1609 1398 vilitate
1625 1321 1754 1414 animi;
1773 1320 1873 1394 lrans

709 1469 799 1542 vero
823 1455 1028 1522 astutorum
1054 1447 1216 1542 procedit
1240 1467 1414 1542 amagna
1431 1444 1629 1519 subtilitate
1653 1449 1690 1517 et
1714 1442 1874 1518 acuitate

582 1555 584 1558 ’
709 1569 860 1665 ingenii:
886 1567 967 1642 ideo
999 1568 1098 1641 tures
1129 1574 1215 1640 sunt
1246 1565 1351 1641 valde
1382 1565 1535 1640 infames
1559 1569 1597 1638 et
1626 1559 1872 1657 ignominiosi3

709 1689 766 1762 isti
796 1707 885 1761 vero
918 1687 1028 1760 astuti
1057 1696 1142 1762 sunt
1173 1687 1278 1761 valde
1303 1684 1431 1758 lamosi
1457 1690 1495 1757 et
1519 1682 1665 1778 gloriosi
1692 1688 1871 1775 quantum

709 1809 755 1884 ad
788 1807 978 1900 mundum,
1009 1807 1100 1881 sicut
1130 1808 1249 1881 statim
1285 1806 1419 1901 patebit
1447 1804 1494 1878 de
1520 1803 1643 1898 Ulyxe.
1669 1803 1754 1876 ldeo
1778 1802 1872 1877 bene

686 1933 817 2004 autor
842 1926 955 2022 tingit,
981 1926 1079 2020 quod
1105 1926 1141 2000 in
1170 1925 1320 2000 introitu
1346 1925 1448 1999 istius
1473 1924 1541 1998 viae
1566 1922 1727 2017 oportuit
1752 1921 1870 2016 ipsum

709 2047 832 2121 lacere
856 2046 901 2119 de
927 2045 1018 2140 pede
1042 2051 1079 2120 et
1100 2065 1225 2138 mann,
1243 2045 1330 2139 quie
1346 2043 1505 2138 oportuit
1525 2061 1709 2137 apponere
1724 2035 1759 2132 (¹)
1782 2040 1873 2114 alle-

709 2166 864 2241 ctionem
904 2174 941 2242 et
970 2165 1220 2259 operationem
1245 2164 1342 2239 circa
1371 2164 1481 2238 talem
1513 2161 1707 2236 materiam
1738 2160 1873 2236 descri-

709 2287 876 2362 bendam.

782 2411 881 2480 Attor
906 2409 954 2478 mi
977 2407 1076 2478 dubl.
1103 2407 1172 2479 lsta
1189 2411 1244 2481 est
1261 2404 1420 2480 secunda
1438 2425 1521 2500 pars
1540 2405 1722 2500 generalis
1740 2406 1776 2479 in
1798 2426 1872 2499 qua

708 2535 817 2601 antor
842 2525 1010 2600 describit
1036 2545 1182 2619 poenam
1209 2524 1363 2602 istorum
1389 2530 1595 2598 astutorum
1623 2525 1660 2598 in
1684 2525 1874 2620 generali3

710 2646 773 2720 sed
797 2651 995 2737 antequam
1023 2644 1227 2720 manilestet
1258 2645 1363 2718 istam
1396 2664 1544 2739 poenem
1573 2644 1760 2739 premittit
1795 2665 1875 2744 ma-

710 2786 821 2861 gnam
855 2763 1045 2838 utilitatem
1079 2784 1191 2857 quam
1223 2770 1442 2838 consecutus
1474 2770 1530 2838 est
1561 2764 1682 2838 statim
1715 2785 1761 2838 en
1798 2765 1876 2859 ipsa

710 2885 786 2959 sola
811 2883 949 2958 visione
973 2903 1091 2977 poenae
1116 2883 1235 2977 prima
1260 2882 1361 2956 lacte.
1394 2883 1496 2956 Unde
1523 2882 1571 2956 ad
1600 2883 1873 2978 intelligentiam

710 3005 812 3078 istius
836 3003 950 3079 literae
974 3003 1142 3076 obscure
1167 3001 1278 3076 debes
1304 3009 1431 3076 notare
1456 3002 1554 3095 quod
1580 3003 1684 3076 multi
1710 3002 1872 3096 luerunt,

710 3133 747 3198 et
770 3123 943 3198 continuo
968 3129 1053 3196 sunt
1078 3122 1145 3197 viri
1166 3121 1398 3198 valentissimi
1419 3122 1628 3197 excellentis
1648 3121 1781 3219 ingenii
1798 3123 1871 3217 apti

710 3244 783 3319 nati
807 3263 830 3317 a
856 3249 988 3317 natura
1011 3242 1057 3317 ed
1082 3261 1193 3315 omne
1216 3243 1336 3317 nobile
1355 3262 1458 3336 opus,
1476 3248 1513 3316 et
1533 3249 1655 3316 tamen
1673 3262 1746 3316 non
1763 3261 1872 3318 exer·

708 3370 793 3438 cent
817 3383 922 3436 suam
948 3361 1224 3455 providentiam,
1250 3361 1434 3436 solertiam
1468 3368 1505 3436 et
1537 3362 1771 3457 sagacitatem
1803 3362 1870 3436 nisi

709 3483 805 3556 circa
822 3473 857 3572 (¹)
882 3481 1028 3555 lraudes
1062 3486 1099 3554 et
1132 3481 1296 3555 malitias.
1323 3481 1407 3555 ldeo
1436 3487 1545 3555 autor
1577 3481 1640 3574 qui
1672 3501 1871 3577 cognosce-

709 3600 772 3675 bat
796 3601 834 3674 in
857 3619 897 3674 se
923 3599 1107 3694 ingenium
1141 3601 1317 3693 mirabile,
1347 3601 1424 3674 visa
1453 3601 1621 3676 dolorosa
1647 3623 1754 3702 poena
1786 3603 1874 3676 isto-

710 3741 794 3794 rum
820 3719 1027 3794 ardentium
1053 3720 1153 3794 velut
1184 3719 1220 3793 in
1252 3719 1411 3812 fornace,
1444 3720 1658 3794 recordatus
1683 3722 1781 3814 quod
1807 3722 1876 3796 ali-

710 3839 857 3934 quando
882 3859 971 3912 usus
996 3838 1115 3912 luerat
1142 3839 1238 3912 male
1262 3859 1373 3933 opera
1400 3840 1533 3934 ingenii
1561 3841 1629 3934 sui,
1656 3840 1808 3916 indoluit
1839 3848 1876 3916 et

710 3958 897 4056 proposuit
922 3958 987 4034 sibi
1013 3977 1146 4033 carere
1170 3957 1217 4033 de
1237 3966 1371 4033 caetero
1395 3980 1419 4034 a
1443 3960 1619 4036 similibus
1637 3962 1789 4037 astutiis.
1813 3963 1877 4036 lli·

710 4080 890 4174 nitergo:
917 4081 1009 4152 attor
1034 4082 1082 4150 mi
1104 4081 1214 4170 noue,
1239 4079 1374 4153 scilicet
1399 4100 1485 4154 cnm
1511 4082 1702 4177 ooepissem
1729 4083 1783 4157 ire
1807 4102 1876 4178 per

709 4204 857 4294 pontem
874 4189 909 4289 (³)
937 4204 1122 4290 octavum,
1148 4198 1195 4272 de
1220 4218 1295 4292 quo
1320 4199 1439 4276 statim
1467 4200 1538 4275 vidi
1564 4202 1730 4276 dammas
1752 4203 1876 4297 igneas

709 4319 872 4394 volantes
888 4337 955 4413 per
977 4337 1103 4392 aerem
1121 4318 1216 4391 intra
1246 4337 1338 4410 quas
1363 4319 1685 4394 circumdabantur
1700 4309 1736 4413 (⁴)
1751 4321 1818 4413 isti,
1845 4328 1878 4394 ct

709 4458 791 4528 ora,
805 4438 907 4530 idest,
920 4442 957 4510 et
970 4457 1067 4511 nunc
1079 4436 1126 4510 de
1137 4437 1320 4531 praesenti,
1332 4440 1381 4510 mi
1391 4440 1556 4530 ridopllo,
1574 4439 1667 4513 intra
1682 4439 1873 4533 meipsum

709 4556 854 4631 dicens:
887 4554 958 4628 Abt
993 4561 1117 4628 sancte
1146 4555 1257 4649 llens,
1289 4563 1469 4649 quantum
1502 4557 1640 4632 donum
1672 4560 1806 4654 recepi,
1838 4565 1876 4634 et
1949 4613 1956 4626 .

710 4696 822 4770 quam
849 4675 945 4747 male
970 4673 1123 4748 meritos
1149 4679 1258 4748 sumt
1284 4682 1384 4751 certe
1408 4697 1613 4770 numquam
1633 4678 1789 4774 amplius
1810 4689 1876 4754 ero

773 4887 801 4951 (¹)
819 4893 873 4950 tlt,
891 4902 987 4953 ponere
1003 4889 1165 4940 mundonem
1181 4894 1209 4941 at
1226 4893 1456 4954 comparationem.
1526 4891 1554 4954 (⁸)
1570 4895 1602 4946 E.
1618 4899 1717 4946 ωῃιη,

775 4966 802 5030 (¹1
819 4967 849 5017 E.
866 4971 970 5030 pontem
985 4972 1083 5018 ocum
1099 4967 1201 5032 bulgio.
1219 4967 1251 5018 ds
1266 4980 1317 5031 qun
1334 4969 1429 5019 rtatim.

774 5043 801 5107 (⁸)
819 5047 872 5104 rto,
889 5043 1078 5096 cmcisbsntnr.
1089 5043 1158 5095 -n
1176 5044 1354 5096 tractabuntur
1370 5046 1419 5098 istl.
