4550 6844
812 991 949 1048 malus
973 989 1199 1046 antenatus.
1523 977 1595 1044 499

420 1135 559 1211 visione
584 1157 678 1212 mea.
693 1141 806 1210 -fo.
833 1136 898 1211 llic
922 1143 1033 1212 antor
1052 1135 1225 1212 describit
1244 1135 1281 1210 ia
1304 1135 1450 1232 speciali
1477 1155 1594 1208 unum

419 1255 629 1332 falsatorem
655 1265 825 1352 monetae,
847 1263 886 1332 et
909 1253 1093 1354 specificat
1114 1256 1272 1331 formam
1289 1275 1410 1352 poenae
1430 1255 1510 1330 eius
1528 1273 1596 1351 per

420 1398 534 1452 unam
559 1377 832 1453 similitudinem
858 1377 1026 1473 pulcram
1052 1383 1090 1452 et
1114 1377 1268 1471 claram,
1295 1376 1438 1452 dicens:
1463 1379 1499 1449 to
1524 1377 1597 1449 vidi

419 1518 467 1570 aa
488 1501 579 1592 sotto
608 1519 632 1572 o
659 1502 763 1590 pabo
793 1500 841 1572 df-
856 1500 952 1590 doto,
983 1497 1070 1592 quia
1099 1497 1246 1592 scilicet,
1272 1497 1430 1573 babebat
1463 1495 1593 1572 faciem

420 1637 599 1712 macram,
624 1617 761 1692 collum
786 1617 930 1712 subtile,
954 1623 1124 1693 ventrem
1149 1637 1327 1714 magnum
1354 1624 1390 1691 et
1414 1615 1594 1707 inflatum,

418 1759 489 1831 por
517 1739 634 1811 ct’eltt
648 1758 768 1811 ovasse
784 1739 1012 1830 fonpuinoio
1027 1744 1136 1811 acuto
1162 1745 1301 1830 nmmo,
1318 1736 1410 1814 idest
1421 1729 1471 1830 (¹),
1489 1742 1596 1809 trun-

421 1867 504 1936 cata
528 1864 567 1932 et
598 1862 779 1953 separata,
804 1859 868 1932 dot
898 1860 983 1951 loto,
1014 1856 1116 1952 idest,
1147 1877 1171 1931 a
1205 1855 1347 1952 reliqua
1380 1861 1487 1952 parte
1511 1875 1596 1930 cor-

422 1977 531 2074 poris,
557 1977 693 2052 scillcet
717 1977 829 2052 cossis
842 1969 880 2072 (²)
908 1984 946 2053 et
969 1976 1153 2072 cruribus,
1175 1979 1235 2050 cle
1251 1979 1360 2050 tuom
1384 1971 1422 2050 dc
1443 1980 1598 2071 sareda,

423 2097 527 2194 quasi
553 2098 672 2173 dicat:
698 2118 788 2174 vere
812 2098 1006 2174 videbatur
1036 2097 1184 2193 liutum,
1210 2098 1239 2172 si
1273 2103 1396 2173 maren
1429 2118 1503 2172 non
1532 2097 1599 2171 lra-

423 2219 560 2295 buisset
584 2218 793 2313 aliquidab
817 2218 969 2316 inguine
995 2217 1099 2313 infra,
1121 2218 1158 2292 ln
1183 2239 1257 2313 qna
1283 2225 1388 2314 parte
1403 2219 1516 2294 homo
1541 2216 1599 2291 bi·

422 2339 601 2415 furcatur.
636 2338 681 2412 Et
711 2337 828 2434 tangit
861 2337 1077 2413 nominatim
1109 2338 1270 2433 speciem
1304 2339 1425 2413 morbi
1454 2337 1517 2432 qui
1546 2338 1599 2412 sic

423 2459 543 2555 ipsum
577 2458 873 2552 transformabat,
903 2458 1049 2535 dicens:
1085 2463 1122 2534 to
1154 2481 1268 2552 pravo
1291 2462 1477 2553 inopino,
1511 2458 1599 2554 qnia

425 2577 542 2652 reddit
566 2577 753 2653 bominem
778 2599 946 2675 gravem,
973 2579 1023 2655 ita
1049 2587 1091 2655 ut
1116 2580 1258 2655 moveri
1288 2601 1362 2655 non
1391 2579 1600 2676 poscitote

423 2701 585 2792 dtrporo,
611 2696 715 2791 idest,
739 2698 940 2794 disseparet
955 2691 991 2791 (³)
1025 2706 1064 2775 et
1088 2699 1268 2795 dissociat,
1295 2703 1326 2774 tc
1350 2700 1508 2774 membro
1532 2720 1599 2773 coo

427 2821 580 2910 femor,
597 2817 744 2912 scilicet,
765 2825 952 2915 corrupto,
972 2820 1190 2916 putrefacto,
1211 2823 1272 2894 cltc
1295 2823 1400 2894 imof
1418 2827 1599 2913 conam&

425 2947 463 3016 ct
487 2959 575 3016 ecce
600 2939 798 3034 quomodo,
819 2940 916 3013 cto'f
939 2943 1013 3014 viso
1035 2961 1107 3014 non
1126 2943 1294 3034 n'spondc
1318 2962 1342 3013 o
1367 2944 1404 3015 to
1427 2943 1600 3032 omnio,

424 3061 528 3156 idest,
563 3059 662 3155 qnod
696 3059 806 3135 facies
837 3081 911 3135 non
945 3061 1244 3156 proportionetur
1278 3067 1315 3136 et
1346 3061 1601 3136 conformatur

426 3180 558 3276 ventri,
575 3179 663 3275 quia
679 3187 810 3254 venter
828 3198 985 3276 magnus
1002 3188 1040 3256 et
1057 3181 1167 3257 facies
1184 3187 1395 3275 extenuata,
1410 3185 1536 3276 [accon
1553 3181 1604 3253 tnt'

427 3310 522 3376 team
539 3304 570 3375 fc
590 3300 716 3373 lodbro
732 3308 864 3394 oporte,
884 3300 1032 3395 scilicet,
1058 3309 1207 3397 propter
1231 3302 1339 3377 sitim.
1362 3302 1407 3375 Et
1431 3301 1489 3376 bic
1515 3305 1602 3374 nota

427 3421 526 3518 quod
563 3426 674 3495 antor
704 3420 766 3494 dat
796 3419 957 3496 debitam
987 3442 1136 3518 poenam
1162 3422 1394 3496 falsatoribus
1432 3429 1602 3514 moneto,

427 3542 514 3638 quia
528 3529 566 3634 (⁸)
601 3540 702 3636 ponit
733 3559 798 3615 eos
832 3541 1058 3637 hydropicos.
1094 3540 1322 3638 Hydropicns
1356 3541 1454 3617 enim
1492 3539 1603 3614 babet

426 3667 595 3737 ventrem
626 3679 805 3756 magnum
837 3680 885 3735 ex
911 3661 1071 3737 humore
1095 3667 1292 3757 corrupto;
1323 3668 1361 3737 et
1390 3661 1540 3736 realiter
1565 3665 1603 3736 et

427 3781 616 3856 moraliter
641 3779 791 3855 falsator
816 3788 976 3855 monetae
1000 3787 1056 3856 est
1082 3781 1311 3878 hydropicus,
1338 3781 1426 3877 qnia
1451 3787 1521 3856 stat
1546 3781 1604 3854 in·

426 3901 551 3975 clusus
577 3899 614 3972 in
639 3900 721 3974 loco
746 3899 893 3974 occulto
917 3901 1174 3994 subterraneo,
1193 3921 1261 3975 nec
1283 3911 1473 3995 moretum
1492 3906 1530 3976 et
1551 3900 1604 3974 sic

428 4017 580 4092 faciliter
606 4017 788 4091 contrabit
812 4017 1009 4093 humorem
1036 4025 1266 4115 corruptum,
1285 4030 1323 4096 et
1345 4020 1440 4094 sicut
1464 4025 1604 4114 quanto

430 4137 548 4236 magis
572 4137 673 4232 bibit,
699 4143 801 4212 lanto
827 4136 944 4234 magis
975 4137 1059 4234 sitit,
1085 4137 1136 4213 ita
1161 4139 1342 4235 appetitus
1367 4139 1522 4215 istorum
1549 4146 1606 4215 est

429 4257 723 4356 inextinguibilis.
752 4257 795 4334 lit
823 4257 1006 4354 specificat
1034 4259 1193 4334 formam
1226 4261 1301 4336 oris
1331 4260 1425 4335 illius
1455 4259 1607 4338 sitientis

430 4401 497 4476 per
520 4377 835 4474 comparationem
861 4377 1013 4454 alterius
1038 4377 1184 4476 infirmi,
1208 4379 1351 4456 dicens:
1373 4401 1470 4455 rome
1490 4383 1608 4454 fetico

428 4503 484 4594 so,
509 4499 612 4594 idest,
638 4503 738 4576 tenet
763 4497 859 4573 labia
882 4507 1022 4595 aperta,
1048 4501 1109 4574 alte
1138 4503 1267 4575 moerte
1294 4503 1390 4594 faor,
1416 4500 1518 4596 idest,
1545 4519 1608 4575 re·
1743 4489 1749 4506 '

432 4621 542 4695 flectit
567 4641 684 4694 unam
711 4618 864 4714 labium,
890 4641 993 4694 verso
1009 4623 1035 4694 ’t
1058 4629 1186 4715 meam,
1203 4621 1307 4718 idest,
1327 4621 1503 4698 deorsum
1520 4639 1608 4695 ver-

431 4760 494 4814 sns
518 4741 684 4836 barbam,
711 4743 855 4834 fultra,
880 4740 1027 4838 scilicet,
1057 4741 1207 4838 labium,
1236 4745 1276 4816 in
1307 4763 1363 4834 so,
1392 4741 1496 4836 idest,
1522 4761 1607 4814 snr-

430 4881 514 4934 snm
539 4881 669 4936 versus
694 4883 845 4938 nasum:
872 4869 910 4938 et
934 4883 1022 4938 ecce
1047 4883 1211 4958 causam,
1226 4885 1296 4956 per
1315 4866 1353 4937 to
1373 4871 1451 4936 reto.
1477 4863 1523 4936 Et
1546 4861 1605 4936 bic

493 5048 521 5110 ll
537 5048 568 5100 Ε·
583 5047 656 5108 illul,
672 5055 799 5114 ”wata-
945 5049 972 5110 (¹)
989 5050 1020 5101 ll.
1037 5063 1052 5100 ι
1067 5051 1146 5102 costis
1160 5055 1188 5100 et
1203 5063 1218 5100 ι
1234 5049 1365 5100 omnibns.

494 5123 521 5188 (⁸)
538 5125 569 5177 E.
583 5129 694 5190 separet.
944 5125 971 5189 (⁴)
987 5125 1019 5176 ll.
1034 5125 1094 5190 qnia
1110 5125 1185 5190 ponit
1200 5135 1245 5176 cor
1260 5125 1401 5190 bydropld.
1413 5124 1587 5191 llydroplcut.
