4580 6844
717 970 856 1030 muros
881 974 1073 1030 rronsuros
1097 973 1269 1032 omarus.
1506 963 1579 1032 333

408 1117 585 1194 fluitatem
610 1119 810 1195 vulnerum
839 1141 924 1214 quae
949 1141 1048 1196 nunc
1080 1119 1179 1197 vidit
1203 1120 1308 1215 quasi
1332 1120 1446 1196 dicat:
1477 1127 1580 1197 certe

406 1239 545 1332 nuilus,
571 1238 654 1314 ideo
680 1258 823 1334 erpone
838 1239 890 1316 sic
915 1240 1077 1315 literam:
1099 1242 1166 1332 cti,
1183 1239 1286 1336 idest,
1304 1242 1387 1336 quis
1406 1241 1578 1320 historio-

405 1360 580 1454 graphus,
602 1361 710 1450 pon'o
734 1361 808 1432 moi
829 1360 969 1453 dicere;
993 1359 1116 1436 dicere
1147 1367 1202 1436 est
1226 1361 1417 1457 proprium
1451 1367 1578 1437 orato-

406 1498 491 1554 rum
506 1473 556 1571 (¹),
580 1479 639 1552 dcl
659 1499 793 1570 suapte
816 1501 836 1552 e
859 1482 903 1553 de
926 1482 958 1553 lc
979 1481 1108 1572 pieplo
1132 1500 1157 1553 o
1176 1483 1296 1574 picato,
1312 1483 1469 1554 ci’c'oru
1490 1483 1575 1572 vidi,

405 1597 553 1692 scilicet,
577 1598 688 1674 modo
713 1618 799 1673 oum
824 1599 932 1674 oculo
966 1599 1116 1676 mentali
1148 1599 1185 1675 in
1216 1620 1314 1676 nono
1345 1599 1481 1698 bulgia,
1507 1621 1577 1693 per

406 1736 546 1790 aanor
569 1716 629 1792 vel
647 1719 782 1810 partor
801 1713 863 1810 piri
879 1720 981 1808 oottc,
998 1718 1104 1813 quasi
1129 1719 1243 1795 dicat:
1261 1719 1377 1815 posito
1398 1720 1496 1814 quod
1518 1739 1578 1795 re-

407 1841 550 1933 peteret
561 1836 710 1932 piuries,
723 1835 860 1911 nedum
874 1837 1000 1932 semei
1018 1838 1188 1914 eamdem
1203 1839 1409 1934 materiam,
1421 1859 1495 1934 pao
1511 1859 1579 1912 coo

405 1960 532 2051 parole
554 1960 684 2047 adole,
709 1956 811 2052 idest,
836 1957 964 2032 solutis
988 1977 1011 2032 a
1037 1959 1119 2055 lege
1144 1959 1268 2050 metri,
1293 1960 1414 2034 solum
1432 1959 1470 2033 in
1487 1959 1580 2056 stylo

351 2153 357 2160 ,
409 2075 587 2172 prosaico,
606 2075 742 2150 nedum
759 2075 890 2170 aliquis
901 2081 1010 2172 poeta
1026 2075 1063 2150 in
1077 2077 1241 2152 metrico.
1257 2077 1361 2153 Unde
1374 2083 1460 2153 nota
1481 2077 1581 2172 quod

408 2195 549 2274 facilius
574 2203 629 2271 est
659 2195 820 2272 scribere
848 2197 1014 2292 prosaice
1046 2217 1161 2291 qnam
1193 2197 1359 2292 metrice,
1391 2197 1469 2272 siro
1498 2196 1581 2291 quis

409 2315 544 2392 scribat
567 2314 767 2410 literaliter,
792 2315 870 2390 sive
894 2315 1119 2413 vulgaritcr3
1144 2337 1235 2391 nam
1263 2337 1373 2411 prosa
1401 2315 1580 2392 assimila·

409 2441 472 2510 tur
496 2441 620 2510 stratae
645 2455 711 2531 per
736 2455 849 2530 quam
874 2436 948 2510 iate
973 2441 1010 2510 et
1034 2433 1179 2530 publica
1204 2435 1377 2510 incedunt
1401 2435 1579 2528 homines,

408 2553 580 2629 animalia
594 2545 644 2649 (ἢ,
671 2556 833 2650 plaustra
865 2561 904 2630 et
927 2555 1069 2650 omnia;
1095 2562 1257 2630 metrum
1287 2576 1378 2631 vero
1402 2555 1581 2630 assimila·

409 2665 523 2766 tor(³)
549 2674 689 2749 semitae
714 2695 780 2770 per
805 2695 918 2768 quarn
944 2673 1020 2750 itur
1049 2679 1206 2772 augusto
1235 2680 1273 2749 et
1303 2694 1391 2749 cum
1422 2673 1581 2748 difficul-

411 2799 495 2870 tate.
522 2795 623 2870 Unde
654 2795 821 2870 videmus
851 2794 949 2890 quod
979 2795 1078 2870 mille
1108 2795 1272 2870 scribunt
1296 2795 1333 2870 in
1358 2815 1480 2891 prosa,
1505 2816 1579 2870 non

413 2934 508 2988 unus
533 2913 570 2987 in
595 2933 727 3008 versu3
753 2917 832 2989 vult
857 2935 949 3012 ergo
972 2921 1082 2992 autor
1107 2914 1144 2988 in
1169 2913 1304 2990 ellectu
1328 2915 1463 3008 dicore,
1481 2915 1580 3009 quod

411 3032 534 3107 nullus
560 3042 681 3128 posset
706 3034 828 3110 lacere
852 3034 889 3109 in
915 3055 1023 3130 prosa
1048 3033 1135 3108 iliud
1161 3033 1260 3127 quod
1279 3033 1358 3129 ipse
1372 3021 1409 3126 (⁸)
1427 3038 1582 3110 attentat

410 3150 534 3229 lacero
559 3153 596 3227 in
621 3159 752 3229 metro.
778 3155 822 3228 Et
847 3153 1042 3249 respondet
1057 3152 1126 3227 sibi
1143 3152 1208 3247 ipsi
1226 3152 1360 3249 dicens,
1378 3152 1476 3248 quod
1494 3173 1583 3228 vero

412 3272 535 3345 nullus
559 3279 681 3367 posset
700 3273 770 3347 hoc
793 3271 914 3348 lacere
930 3271 1049 3367 plene,
1065 3272 1207 3346 dicens:
1227 3275 1315 3364 onai
1328 3275 1462 3364 linono,
1479 3293 1584 3366 quae·

413 3409 576 3484 cumque
607 3399 701 3466 essct
730 3392 869 3488 lingua,
898 3397 937 3466 et
966 3401 1312 3486 quantumcumque
1342 3391 1488 3488 diserta,
1514 3414 1584 3486 per

412 3517 507 3584 certo
532 3512 652 3584 vermo
669 3531 782 3602 meno,
799 3511 890 3586 idest
909 3511 1081 3587 deiiceret
1099 3511 1136 3586 in
1158 3511 1220 3586 lali
1241 3512 1451 3588 narratione
1470 3511 1581 3588 etiam

411 3630 441 3704 si
467 3634 562 3705 esset
579 3629 718 3705 ferrea:
740 3636 777 3705 et
799 3630 914 3706 reddit
932 3631 1126 3722 rationem,
1137 3654 1206 3725 per
1223 3635 1258 3706 to
1274 3640 1396 3706 nosco
1411 3653 1583 3726 summe,

411 3749 476 3842 qui
491 3740 528 3840 (⁵)
546 3769 621 3824 non
646 3749 832 3825 sufficeret
856 3750 903 3825 ad
928 3751 1180 3847 explicandam
1199 3751 1582 3846 innumerabilitatem,

411 3889 518 3961 epar
543 3871 580 3942 lo
605 3877 724 3964 mute,
751 3870 838 3963 quia
862 3871 963 3945 nulla
990 3871 1169 3946 memoria
1195 3871 1272 3947 sive
1297 3871 1485 3965 naturalis,
1507 3871 1584 3947 sive

412 3987 609 4062 artilicialis
634 3995 730 4064 esset
755 3989 961 4084 susceptiva
986 3989 1044 4063 vei
1071 3989 1250 4064 retentiva
1275 3996 1329 4064 tot
1352 3996 1391 4066 ct
1416 3997 1491 4064 tam
1517 4011 1585 4065 va·

414 4107 555 4182 riarum
580 4107 798 4184 lormarum.
825 4109 910 4184 ideo
934 4113 1043 4183 autor
1068 4107 1165 4183 dicet
1190 4115 1332 4186 tantum
1358 4109 1405 4185 de
1431 4109 1584 4203 quibus-

412 4227 499 4304 dam
524 4229 726 4326 speciebus,
751 4233 780 4305 ό
792 4233 911 4304 mono
935 4249 1026 4324 poco
1050 4249 1149 4322 suro,
1181 4228 1283 4324 idest,
1310 4229 1490 4304 modicam
1522 4249 1585 4305 ca-

413 4347 662 4445 pacitatemo
686 4352 916 4444 commender
933 4357 1043 4441 tuoto,
1064 4349 1167 4445 idest,
1185 4355 1323 4424 tantam
1343 4347 1584 4443 quantitatem

414 4473 451 4544 et
476 4475 619 4543 tantum
646 4488 858 4543 numerum.
875 4469 921 4542 Et
939 4469 998 4544 hic
1016 4475 1102 4544 nota
1119 4469 1218 4562 quod
1235 4476 1345 4543 autor
1363 4467 1496 4543 merito
1515 4467 1587 4542 hoc

416 4587 529 4685 lingit,
555 4589 642 4683 quia
667 4608 790 4683 neque
813 4587 960 4685 ingenio
984 4593 1102 4683 potest
1126 4588 1399 4684 comprehendi,
1417 4607 1485 4664 nec
1506 4607 1585 4664 ser-

415 4726 526 4781 mona
551 4706 724 4802 explicari
750 4706 945 4782 multitudo
961 4708 1154 4804 plagarum
1175 4707 1355 4784 laetarum
1382 4706 1584 4782 inmundo

478 4931 506 4993 t't
521 4931 552 4982 Β·
567 4933 687 4985 03110311·
1131 4933 1159 4994 (“)
1175 4934 1206 4986 Β.
1222 4940 1251 4986 et
1265 4933 1386 4984 animoli·
1401 4934 1498 4986 omniu.

477 5005 506 5144 ἒξ
521 5009 577 5142 2²:
592 5007 749 5146 mor
764 5011 846 5062 monti
863 5021 1013 5074 perquem.
1131 5006 1159 5068 (⁸)
1175 5008 1207 5058 It.
1222 5009 1292 5073 quod
1308 5009 1363 5072 ipss
1379 5009 1407 5058 tn
1422 5013 1517 5058 metro.
