4526 6836
692 938 830 996 murus
854 941 1045 998 mmm
1068 941 1209 998 PRIMUS·
1488 928 1535 999 95

363 1083 458 1160 aiios
488 1104 555 1181 per
584 1085 845 1182 geomantiam,
876 1087 971 1163 aiios
1002 1107 1069 1184 per
1100 1086 1397 1186 nigromantiam,
1422 1087 1534 1164 etita

364 1198 555 1298 animosi)
582 1205 772 1282 hominum
797 1206 1043 1303 inpleverunt
1068 1207 1211 1305 magnis
1235 1209 1443 1303 erroribus3
1470 1206 1533 1284 sed

364 1326 487 1402 omnia
521 1331 607 1402 sunt
643 1325 843 1402 omittenda
875 1333 1066 1422 nmquam
1096 1327 1293 1423 superflua,
1322 1327 1462 1402 inutilia
1478 1319 1528 1421 (¹),

362 1444 444 1520 ideo
468 1445 572 1521 dicit:
597 1446 658 1520 rte
681 1447 719 1520 tu
742 1449 815 1522 mio
838 1437 1060 1542 morituti,
1085 1447 1177 1526 idest
1202 1467 1309 1523 meus
1328 1448 1421 1524 liber
1446 1448 1530 1523 vut-

362 1565 472 1663 garis,
504 1571 632 1642 cuntur
668 1586 742 1642 non
778 1587 880 1659 ouo,
911 1567 1003 1644 idest
1033 1567 1175 1665 poetice
1198 1567 1416 1662 descnbcre,
1443 1567 1530 1662 quia

361 1685 448 1764 snos
460 1687 577 1762 multa
596 1686 758 1763 breviter
773 1685 963 1764 dmanuvt
978 1688 1026 1765 de
1038 1687 1193 1764 materia
1204 1687 1526 1782 abundantissima,

363 1813 401 1881 et
425 1806 507 1882 ideo
531 1825 604 1882 non
629 1814 737 1882 curat
761 1807 848 1902 quia
872 1808 1088 1884 trahebatur
1112 1807 1159 1884 ad
1182 1807 1293 1884 aliam
1320 1807 1529 1902 materiam,

362 1947 382 2000 r
406 1932 583 2002 tooeoomo
605 1929 640 2000 et
661 1930 788 2019 muno,
812 1927 900 2022 quia
920 1927 1000 2024 iam
1025 1915 1366 2023 perveneramus·(‘)
1385 1926 1433 2002 ad
1450 1947 1532 2004 me-

362 2044 464 2122 dium
480 2044 610 2142 pontis,
627 2049 770 2138 mdo
793 2049 855 2122 nui
876 2049 1066 2140 mammo,
1092 2047 1184 2123 idest
1208 2046 1438 2124 firmavimus
1464 2067 1530 2122 nos
1635 2116 1640 2126 .

362 2166 421 2260 ibi,
440 2165 541 2261 quia,
565 2173 610 2241 nt
633 2167 760 2244 ridere
782 2173 898 2262 potes,
924 2167 1030 2262 quasi
1054 2187 1199 2263 semper
1223 2167 1270 2243 de
1295 2167 1417 2244 medio
1440 2188 1534 2264 pon-

361 2285 406 2360 tis
431 2285 575 2380 respicit
605 2305 753 2381 poenam
779 2287 898 2362 omnis
921 2287 1068 2383 bulgiae,
1093 2287 1180 2381 quia
1204 2288 1308 2364 locus
1333 2294 1390 2364 ost
1416 2288 1532 2385 magis

360 2404 512 2482 idoneus
540 2405 588 2482 ad
618 2405 877 2502 spectandum:
903 2406 1003 2482 unde
1032 2405 1141 2482 dicit:
1165 2427 1235 2499 per
1260 2410 1366 2482 orda
1398 2411 1421 2481 ῐ
1433 2412 1530 2482 uttru

356 2529 497 2620 [ma
526 2529 565 2600 di
594 2527 800 2618 Mukboipe
829 2526 920 2602 idest
951 2527 1117 2621 quintam
1148 2529 1280 2604 vallem
1307 2534 1531 2623 cavatam,r

359 2650 409 2738 pti
439 2651 524 2722 otta·
554 2650 669 2740 pant
699 2649 806 2742 oum
831 2647 923 2724 idest
952 2647 1042 2724 alias
1073 2668 1203 2743 poeuas
1237 2668 1362 2743 novas,
1395 2648 1527 2742 varias,

358 2767 445 2863 quia
460 2769 627 2863 planctus
651 2787 783 2844 eorum
809 2767 849 2843 flt
874 2768 1011 2844 trustra
1034 2788 1121 2844 cum
1148 2768 1236 2844 nihil
1263 2769 1376 2864 prosit
1401 2769 1464 2864 eis,
1490 2775 1528 2846 et

358 2886 457 2963 dicit:
482 2889 626 2962 cnidio
642 2888 890 2962 mancum
905 2907 1022 2962 soon.
1040 2888 1117 2963 Hoc
1138 2893 1308 2964 notanter
1324 2887 1420 2981 dicit,
1438 2887 1524 2983 quia

357 3028 444 3083 cum
468 3025 597 3084 omnes
621 3006 703 3082 aiiae
727 3006 862 3104 brugias
887 3007 1096 3104 superiores
1119 3007 1191 3084 sint
1210 3007 1379 3082 ohscurae
1395 3006 1442 3082 de
1458 3025 1525 3082 na-

358 3137 441 3204 tura
453 3127 535 3223 ioci,
553 3127 620 3204 ista
640 3133 721 3204 erat
739 3147 887 3203 summe
906 3127 1065 3202 obscura
1082 3127 1223 3202 ratione
1246 3127 1315 3222 sui,
1334 3126 1475 3202 ratione
1486 3119 1526 3220 (ὓ)

358 3269 488 3345 poenae,
506 3267 590 3342 quae
607 3253 662 3324 est
686 3247 724 3322 in
749 3247 829 3342 pice
852 3247 1065 3345 nigerrima,
1083 3254 1120 3324 et
1137 3248 1280 3323 ratione
1301 3248 1524 3341 officialium,

358 3368 421 3464 qui
451 3374 537 3442 sunt
568 3367 700 3442 diaboli
733 3367 933 3463 nigerrimi,
959 3373 1001 3442 ut
1026 3367 1148 3442 statim
1173 3363 1327 3444 dicetur.
1341 3407 1391 3422 -
1407 3371 1525 3458 Quota.

356 3487 421 3563 iiic
443 3497 554 3565 autor
578 3486 749 3562 doecnbit
771 3506 921 3582 poenam
945 3487 1217 3563 baratariorum
1236 3507 1303 3584 per
1324 3508 1437 3564 unam
1461 3507 1529 3564 no-

356 3608 566 3685 bilissimam
597 3608 920 3704 comparationem.
945 3606 1000 3683 Ad
1024 3609 1131 3684 cuius
1157 3609 1297 3684 ctaram
1322 3608 1528 3704 intelligen-

356 3729 443 3807 tiam
476 3736 532 3805 est
555 3728 614 3804 hic
638 3729 776 3804 solicite
799 3728 1080 3825 advertendum,
1106 3729 1207 3824 quod
1231 3735 1341 3804 autor
1366 3729 1428 3828 dat
1451 3729 1528 3806 istis

356 3849 736 3926 convenientissimam
761 3869 920 3945 poenam.
947 3850 1070 3948 Fingit
1089 3850 1188 3925 enim
1211 3850 1298 3926 istos
1314 3851 1472 3926 cruciari
1489 3851 1525 3925 in

354 3971 452 4046 valta
476 3971 583 4068 plena
607 3969 695 4065 picis
719 3970 879 4046 ardentis
904 3977 942 4046 et
965 3969 1162 4065 bullientis,
1178 3977 1217 4046 et
1237 3972 1306 4045 hoc
1324 3971 1526 4068 figuraliter

355 4089 479 4165 multis
504 4089 716 4166 rationibus
739 4089 864 4165 Primo
888 4089 1051 4185 quidem,
1078 4089 1165 4184 quia
1190 4089 1253 4184 pix
1277 4096 1334 4164 est
1357 4089 1462 4186 nigra
1486 4098 1526 4164 et

354 4210 524 4304 obscura,
541 4211 592 4286 ita
608 4210 794 4286 barataria
818 4219 874 4288 est
899 4210 1044 4286 infamis
1068 4217 1106 4285 et
1130 4209 1321 4306 denigrata
1334 4199 1371 4302 (⁶)
1399 4210 1524 4305 valde3

353 4331 526 4427 secundo,
538 4329 626 4426 quia
643 4330 704 4426 pix
721 4337 777 4407 est
792 4337 916 4425 tenax,
930 4330 1070 4408 viscosa
1083 4339 1121 4408 et
1138 4329 1331 4428 glutinosa,
1346 4329 1396 4406 ita
1415 4330 1526 4405 bara-

355 4451 458 4546 taria,
479 4471 565 4546 quar
581 4460 637 4528 est
653 4449 803 4526 tundata
819 4471 932 4547 super
947 4451 1114 4546 avaritia,
1140 4456 1178 4526 et
1202 4450 1266 4545 qui
1291 4456 1347 4526 est
1370 4449 1525 4526 iniectus

353 4591 410 4666 ea,
442 4592 646 4667 numquam
679 4571 747 4647 scit
772 4571 946 4648 recedere
971 4571 1019 4646 ab
1043 4591 1109 4666 ea3
1136 4571 1245 4646 tertio
1270 4570 1357 4664 quia
1381 4570 1443 4665 pir
1469 4570 1526 4645 in-

413 4761 441 4824 t')
458 4764 512 4821 tto,
530 4761 630 4812 animos
645 4761 827 4824 implorarunt.
1070 4757 1098 4823 (¹)
1115 4759 1145 4810 m
1163 4757 1273 4810 mooun

413 4835 616 4901 mm
635 4843 891 4896 mamm,
912 4836 976 4889 torst
998 4833 1524 4901 mausittrrrrntgehetdooantator

353 4912 1235 4979 quumetmoetptumtatnmmtuomturmvu

415 4987 442 5052 θ)
459 4989 491 5041 ts.
506 5003 667 5042 mrumst.
1071 4988 1100 5054 (¹)
1115 4989 1146 5041 Ε.
1161 4993 1189 5040 ot
1204 4989 1313 5042 πιὼν.

414 5065 726 5132 iissffltnitfflt·
