4534 6842
699 951 767 1020 130
1094 961 1297 1020 comtum
1321 965 1471 1020 neruum

696 1106 835 1182 native:
860 1109 907 1180 ct
927 1109 1019 1200 fiere
1043 1111 1274 1200 compagnias
1290 1119 1328 1186 et
1344 1109 1518 1183 continuo
1542 1105 1735 1202 respondet
1755 1125 1859 1200 qure-

696 1227 801 1301 stioni
827 1226 954 1320 tacite,
980 1227 1067 1321 quia
1091 1235 1212 1323 posset
1236 1229 1366 1323 aliquis
1390 1228 1531 1304 dicere:
1550 1235 1587 1304 et
1604 1247 1721 1321 quare
1745 1227 1860 1301 frabe-

694 1345 760 1420 has
773 1337 809 1439 (⁴)
838 1346 1047 1422 societatem
1065 1353 1103 1422 et
1119 1347 1400 1422 familiaritatem
1419 1347 1572 1421 talium?
1589 1347 1650 1422 cui
1666 1345 1861 1440 respondet

695 1470 804 1540 autor
827 1466 875 1540 ad
898 1465 955 1540 sui
980 1467 1270 1544 excusationem:
1297 1489 1356 1541 mo
1380 1471 1472 1542 aetla
1496 1469 1610 1542 omero
1634 1469 1689 1541 σοι·
1712 1469 1818 1558 carrd,
1842 1488 1861 1538 e

694 1587 733 1658 in
761 1592 908 1659 taoorro
937 1589 992 1660 cor·
1020 1589 1199 1678 premnt,
1228 1588 1379 1682 supple:
1405 1587 1513 1662 debet
1544 1588 1655 1661 homo
1685 1607 1777 1681 esse,
1803 1586 1862 1661 vef

696 1703 865 1778 convenit
890 1725 982 1780 esse.
1007 1707 1052 1779 Et
1076 1705 1134 1780 trie
1160 1713 1245 1780 nota
1269 1707 1368 1802 quod
1392 1713 1502 1782 autor
1529 1727 1596 1804 per
1620 1708 1689 1782 hoe
1714 1707 1860 1803 figurat,

697 1822 795 1917 quod
834 1825 891 1898 vir
923 1825 1042 1900 bonus
1076 1833 1114 1901 et
1151 1827 1294 1922 sapiens
1322 1826 1517 1921 aliquando
1549 1833 1667 1923 potest
1699 1828 1796 1902 licite
1826 1833 1864 1902 et

696 1943 848 2019 honeste
881 1945 959 2020 sine
991 1951 1078 2020 nota
1113 1945 1271 2021 infamiae
1301 1946 1510 2022 conversari
1543 1965 1631 2020 cum
1656 1945 1862 2040 infamibus,

697 2082 782 2137 curn
796 2054 834 2156 (²)
860 2063 988 2140 debitis
1017 2065 1308 2160 circumstantiis,
1334 2085 1480 2160 semper
1511 2063 1700 2161 intelligas,
1730 2083 1863 2139 secun-

700 2180 789 2256 dum
814 2183 1036 2280 exigentiam
1063 2185 1236 2280 temporis
1261 2191 1298 2260 et
1322 2185 1410 2278 loci;
1427 2183 1532 2278 sicut,
1548 2183 1667 2280 gratia
1691 2184 1862 2279 exempli,

697 2323 793 2376 unus
817 2305 990 2380 honestus
1016 2304 1207 2401 religiosus
1231 2306 1290 2380 ret
1319 2325 1416 2378 unus
1447 2304 1561 2379 civilis
1591 2308 1773 2380 mercator
1798 2303 1863 2376 ibit

695 2422 890 2516 aliquando
914 2425 951 2498 in
977 2425 1061 2500 navi
1077 2425 1172 2501 inter
1188 2425 1337 2500 lenones
1355 2431 1392 2500 et
1412 2423 1635 2516 meretrices,
1653 2422 1740 2518 quia
1756 2422 1861 2496 aliter

696 2542 818 2618 facere
841 2563 916 2617 non
939 2544 1087 2639 poterit;
1113 2550 1150 2618 et
1174 2550 1263 2620 tunc
1287 2544 1368 2618 talis
1397 2550 1452 2618 est
1481 2543 1538 2618 vir
1562 2542 1749 2617 virtuosus
1777 2560 1864 2615 cum

697 2663 838 2758 vitioso,
855 2664 965 2758 quale
990 2670 1045 2737 est
1069 2662 1196 2737 vinum
1214 2682 1299 2737 cum
1319 2663 1408 2738 faece
1424 2669 1462 2738 et
1486 2661 1610 2736 oleum
1631 2680 1717 2735 cunr
1736 2679 1864 2734 amur-

699 2803 754 2878 ca,
789 2801 872 2876 quae
907 2804 980 2858 non
1011 2788 1301 2878 corrumpuntur
1329 2783 1378 2857 ab
1410 2781 1473 2876 eis,
1506 2781 1581 2855 imo
1612 2779 1864 2875 proficiuntur,

699 2901 787 2996 quia
812 2902 929 2976 virtus
948 2902 1026 2978 sine
1045 2900 1255 2977 adversario
1272 2907 1423 2976 marcet.
1441 2900 1518 2976 Hoc
1536 2906 1662 2974 autem
1679 2903 1865 2992 protento

700 3020 784 3113 dini,
798 3021 885 3115 quia
910 3021 1033 3097 audivi
1058 3021 1194 3098 multos
1217 3021 1416 3116 adlegantes
1440 3019 1536 3094 istud
1561 3019 1698 3093 dictum
1723 3018 1864 3093 autoris

698 3139 745 3213 ad
769 3161 876 3215 suam
902 3141 1176 3216 excusationem
1201 3159 1288 3214 cum
1314 3139 1492 3214 haberent
1517 3137 1727 3212 societatem
1747 3136 1865 3210 disco·

698 3259 840 3352 forum3
866 3279 938 3334 non
965 3257 1075 3334 debes
1092 3278 1183 3355 ergo
1201 3259 1353 3334 credere
1368 3257 1468 3352 quod
1483 3263 1592 3333 autor
1609 3255 1704 3332 dicat
1729 3255 1866 3350 simpli·

697 3378 787 3452 citer
812 3378 911 3473 quod
936 3379 1064 3454 deceat
1078 3369 1114 3470 (³)
1141 3379 1350 3454 conversari
1376 3396 1462 3451 curn
1489 3376 1625 3473 gulosis
1650 3376 1686 3448 iu
1713 3375 1864 3452 mbcrna

697 3499 763 3572 nisi
790 3499 827 3572 in
850 3519 938 3574 casu
966 3497 1198 3593 necessitatis,
1224 3498 1319 3573 sicut
1343 3497 1539 3593 aliquando
1556 3495 1731 3591 contingit
1748 3495 1785 3568 in
1810 3494 1868 3566 iti-

696 3637 798 3712 nere,
823 3616 922 3712 quod
948 3637 1021 3691 non
1046 3623 1164 3712 potest
1188 3617 1294 3691 vitari
1320 3617 1530 3694 societatem
1558 3617 1700 3711 talium,
1719 3615 1793 3690 imo
1810 3614 1867 3687 in·

696 3737 796 3834 diget
819 3757 864 3812 ea
890 3737 1051 3812 manime
1075 3737 1223 3830 quando
1249 3738 1392 3834 ignorat
1418 3737 1528 3831 viam,
1548 3737 1608 3811 vel
1632 3734 1780 3830 quando
1804 3733 1862 3808 via

698 3875 773 3931 non
797 3863 854 3931 est
870 3862 961 3951 tuta,
978 3856 1071 3930 sicut
1087 3877 1186 3931 nunc
1203 3857 1240 3931 in
1256 3856 1441 3953 proposito
1457 3863 1547 3932 erat
1566 3858 1611 3931 m
1627 3856 1742 3952 tangit
1757 3862 1867 3931 autor

697 3996 804 4052 suam
829 3975 1066 4052 intentionem
1092 3976 1237 4052 dicens:
1264 3981 1301 4051 ta
1326 3981 1398 4052 mia
1420 3981 1545 4069 imese,
1561 3975 1663 4069 idest,
1686 3981 1762 4050 tota
1783 3993 1865 4050 mea

699 4097 862 4191 intentio,
887 4097 970 4172 licet
995 4097 1075 4172 talis
1101 4097 1253 4174 societas
1278 4103 1375 4174 esset
1398 4096 1486 4176 mihi
1506 4095 1640 4192 gravis,
1666 4116 1730 4168 era
1745 4115 1818 4186 pur
1842 4114 1867 4166 a

631 4281 634 4290 .
699 4220 736 4291 lo
755 4220 899 4310 popolo,
924 4217 1026 4311 idest,
1050 4218 1171 4292 sotum
1200 4217 1247 4292 ad
1265 4216 1458 4292 materiam
1478 4213 1672 4290 osraenos
1696 4232 1780 4307 quae
1797 4233 1866 4308 pu-

699 4338 799 4411 nitur
818 4338 855 4412 in
880 4338 970 4433 pice,
988 4337 1038 4411 ita
1058 4337 1168 4440 quod,
1190 4337 1447 4414 nonobstante
1460 4341 1533 4410 tam
1552 4333 1747 4429 peregrino
1764 4332 1868 4430 signo

698 4456 801 4530 ducis
835 4463 873 4532 et
903 4457 1000 4551 turpi
1033 4463 1118 4531 actu
1144 4456 1341 4550 sociorum,
1374 4455 1519 4532 volebat
1551 4453 1712 4550 perfecte
1742 4452 1868 4528 ridere

699 4575 795 4649 illam
823 4575 1029 4669 materiam,
1059 4573 1157 4650 unde
1187 4575 1295 4650 dicit:
1322 4574 1543 4667 persedere
1573 4576 1657 4664 ogni
1686 4579 1868 4664 matrerm

697 4693 800 4788 idest,
830 4714 979 4772 omnem
1014 4695 1285 4790 continentiam,
1315 4695 1419 4789 idest,
1453 4693 1627 4788 quidquid
1660 4693 1867 4769 continetur

699 4813 736 4888 in
760 4833 899 4910 genere
923 4815 1017 4892 iutra
1033 4804 1069 4907 (⁴)
1097 4815 1272 4912 butgiam,
1298 4838 1317 4888 e
1341 4819 1384 4890 de
1408 4819 1445 4889 to
1468 4822 1567 4905 pente
1582 4816 1633 4888 ct'
1646 4821 1747 4888 orto
1763 4817 1867 4888 o’oa

760 4996 789 5060 (¹)
805 4997 836 5048 B.
852 4998 930 5050 ube·
945 5003 975 5050 tu
990 5001 1148 5052 maruan.
1283 4998 1310 5062 ι’)
1327 5004 1383 5062 rte.
1399 5005 1502 5052 etcum
1518 4999 1618 5052 debitis.

761 5071 789 5136 ι’)
806 5076 860 5134 rto,
876 5073 976 5125 demat.
1284 5075 1311 5136 (¹)
1327 5074 1352 5127 S.
1369 5089 1385 5126 a
1401 5081 1455 5138 trs,
1471 5075 1541 5128 aftra
1557 5073 1680 5140 belgim.
