4550 6844
733 949 804 1017 tte
1128 959 1333 1016 common
1356 961 1511 1016 mosum

731 1108 867 1184 latione
890 1107 986 1202 licta,
1003 1114 1041 1183 et
1060 1109 1139 1183 vult
1163 1107 1310 1184 dicere:
1336 1107 1432 1183 bene
1446 1099 1482 1199 (¹)
1509 1107 1591 1184 dicu
1616 1107 1680 1204 qui
1706 1113 1904 1207 reportasti

733 1228 923 1303 victoriam
950 1236 988 1303 et
1012 1229 1168 1324 gloriam
1193 1229 1240 1304 de
1265 1229 1350 1304 teris
1369 1227 1429 1304 vel
1445 1228 1492 1304 de
1509 1229 1730 1326 bominibus,
1748 1230 1837 1326 quia
1861 1240 1903 1332 tu

732 1349 861 1424 fuisses
890 1349 1003 1424 etiam
1035 1347 1152 1424 victor
1186 1347 1355 1444 deorum,
1388 1356 1431 1424 ut
1467 1349 1575 1424 multi
1606 1349 1772 1445 credunt,
1803 1353 1834 1426 si
1862 1360 1904 1428 lu

736 1471 866 1544 linisset
891 1469 928 1543 in
953 1490 1077 1566 pugna
1102 1470 1289 1567 gigantem
1317 1470 1416 1545 unde
1439 1469 1544 1545 dicit:
1570 1493 1589 1545 e
1613 1491 1725 1546 ancer
1747 1493 1820 1566 por
1844 1477 1905 1548 cte

733 1594 765 1663 si
782 1591 903 1681 medo,
921 1588 1084 1682 loquitur
1101 1589 1314 1684 dubitative,
1331 1596 1375 1663 ut
1391 1595 1571 1685 temperet
1597 1591 1785 1666 modicum
1808 1593 1904 1668 adu·

732 1711 919 1805 lotionem,
957 1712 1008 1782 clt'
1021 1709 1191 1784 aurebbcr
1230 1713 1324 1784 virdo
1356 1714 1371 1783 i
1402 1711 1480 1803 liptt'
1511 1712 1555 1784 da
1593 1714 1630 1784 lc
1658 1719 1770 1804 tero,
1799 1712 1903 1808 idest,

730 1830 897 1926 gigantes
926 1829 1065 1904 terreni
1097 1827 1250 1904 luxissent
1280 1829 1436 1904 victores
1467 1835 1595 1904 contra
1627 1829 1726 1925 deos,
1751 1851 1789 1906 se
1815 1836 1904 1927 sossi

728 1957 819 2023 stuto
844 1971 868 2020 o
893 1951 1003 2022 talto
1026 1969 1170 2039 puero.
1198 1949 1269 2024 Per
1295 1951 1364 2024 boc
1389 1955 1488 2045 patet
1511 1949 1611 2044 quod
1637 1950 1800 2026 butheus
1825 1971 1899 2028 non

729 2069 798 2143 luit
822 2075 989 2163 tempore
1009 2067 1166 2142 aliorum
1184 2068 1375 2164 gigantum
1395 2068 1673 2144 fulminatorum
1698 2091 1722 2146 a
1746 2071 1836 2147 love
1860 2071 1898 2151 in

730 2188 881 2285 regione
894 2189 1072 2284 Phlegrae,
1085 2187 1432 2262 ideodicit:de²tuoi
1443 2191 1897 2288 srooediflocatgigantes,

727 2308 794 2402 qui
810 2308 957 2382 fuerant
976 2307 1040 2380 diu
1061 2313 1158 2400 ante,
1175 2306 1308 2381 iratres
1324 2305 1465 2402 Antbei
1483 2308 1570 2401 quia
1593 2328 1640 2384 ex
1666 2309 1793 2384 eadem
1816 2329 1897 2386 ma-

728 2436 796 2521 tre,
822 2427 958 2501 scilicet
983 2433 1082 2500 terra
1108 2425 1221 2521 geniti
1246 2432 1342 2500 sunt.
1368 2427 1413 2500 Et
1437 2426 1495 2502 hic
1523 2434 1610 2502 notu
1635 2428 1734 2522 quod
1757 2428 1817 2502 bic
1841 2436 1897 2504 est

728 2547 860 2621 modus
877 2545 1031 2620 faciendi
1048 2545 1252 2640 superbum
1270 2545 1503 2640 benevolum,
1520 2547 1656 2622 scilicet
1677 2547 1897 2642 purificando

727 2668 849 2761 ipsum
874 2665 963 2757 Deo,
989 2665 1083 2738 sicut
1107 2663 1313 2739 Alexander
1333 2665 1562 2760 gloriabatur
1581 2667 1706 2742 vocari
1724 2667 1819 2744 lilius
1835 2667 1897 2742 lo·

726 2787 793 2877 vis,
819 2781 865 2859 de
890 2803 966 2879 quo
991 2792 1110 2860 mater
1136 2785 1262 2879 pulcre
1292 2785 1471 2880 increpuit
1499 2805 1587 2862 eum
1617 2788 1818 2866 admonens
1850 2808 1897 2863 ue

727 2907 865 2981 laceret
890 2905 1071 2978 lunonem
1111 2904 1177 2978 sibi
1209 2906 1413 2980 molestam.
1447 2905 1492 2979 Et
1519 2907 1572 2980 sic
1607 2907 1690 2982 vido
1715 2907 1815 3003 quod
1840 2908 1896 2982 vir

725 3025 868 3120 sapiens
893 3029 1011 3118 potest
1035 3022 1132 3098 licite
1156 3022 1297 3098 adulari
1327 3023 1511 3099 interdum
1537 3024 1707 3121 superbo=
1738 3025 1775 3099 iu
1804 3045 1891 3101 casu

725 3144 957 3220 necessitatis.
989 3143 1034 3216 Et
1068 3144 1151 3218 lacit
1184 3163 1290 3217 suam
1322 3144 1534 3238 petitionem
1566 3144 1720 3240 Anthou,
1743 3143 1890 3220 diceus:

723 3267 859 3338 cutim
882 3259 955 3356 piri,
980 3263 1083 3357 idest,
1108 3269 1214 3357 porta
1243 3283 1310 3337 nos
1338 3262 1385 3337 ad
1414 3265 1570 3359 glaciem
1599 3265 1711 3360 putei,
1736 3267 1825 3339 doce
1856 3267 1892 3339 lo

720 3386 896 3479 [reddero
920 3403 1025 3456 serra
1053 3386 1180 3472 corito,
1206 3381 1307 3476 idest,
1334 3382 1398 3456 ubi
1423 3382 1539 3479 lrigus
1563 3385 1732 3482 congelat
1756 3386 1890 3478 lacum,

722 3504 787 3597 qui
812 3503 946 3576 dicitur
970 3501 1139 3596 Cocytus,
1156 3500 1202 3574 de
1224 3521 1299 3592 quo
1318 3500 1534 3575 tractabitur
1550 3501 1684 3576 amodo
1709 3521 1829 3596 usque
1854 3504 1891 3577 iu

723 3623 845 3697 finem.
859 3661 908 3674 -
921 3625 954 3692 E
976 3639 1058 3691 non.
1076 3619 1141 3692 llic
1161 3617 1331 3712 Virgilius
1348 3617 1433 3691 lacit
1450 3618 1764 3694 confirmationem
1783 3641 1890 3695 suam

723 3747 760 3817 et
784 3740 880 3833 dicit,
907 3735 1006 3833 quod
1031 3757 1105 3811 uon
1131 3736 1293 3810 remittat
1317 3755 1405 3810 eum
1436 3736 1483 3811 od
1513 3737 1674 3831 aliquem
1703 3738 1818 3812 alium
1844 3738 1890 3814 do

722 3873 881 3935 numero
905 3859 1108 3955 gigantum.
1128 3857 1171 3933 Et
1188 3856 1234 3930 ud
1251 3855 1361 3929 buius
1378 3853 1492 3931 literae
1511 3855 1785 3953 intelligentiam
1804 3859 1891 3932 volo

722 3991 759 4057 te
784 3981 879 4056 scire
905 3979 1004 4074 quod
1027 3979 1211 4052 Homerus
1236 3977 1284 4050 lll
1308 3975 1477 4072 Odysseae
1505 3975 1607 4074 lingit
1632 3977 1732 4072 quod
1756 3978 1890 4074 Ulyxes

722 4101 809 4176 vidit
834 4101 871 4175 in
904 4099 1046 4174 iulerno
1075 4097 1209 4173 Titium
1240 4096 1354 4171 lilium
1387 4103 1497 4174 terre
1522 4097 1718 4192 jacentem,
1744 4102 1782 4172 et
1814 4097 1889 4172 duo

720 4222 887 4297 vultures
913 4219 1080 4294 sedentes
1104 4237 1151 4291 ex
1178 4223 1336 4310 utraque
1361 4226 1466 4311 parte
1486 4215 1663 4291 rodebant
1674 4216 1783 4311 jecur
1807 4216 1888 4291 eius

720 4339 892 4434 funditus,
919 4345 956 4414 et
980 4339 1057 4434 ipse
1081 4356 1154 4410 uon
1180 4335 1384 4430 expellebat
1408 4355 1473 4410 eos
1494 4354 1580 4408 cum
1601 4334 1783 4427 manibus,
1800 4334 1887 4428 quia

719 4461 908 4536 attentavit
923 4452 960 4551 (²)
987 4457 1234 4533 venerabilem
1261 4473 1419 4530 uxorem
1440 4455 1549 4549 lovis,
1567 4455 1754 4530 latonam.
1772 4453 1886 4528 Titius

719 4579 908 4655 moraliter
932 4585 988 4652 est
1013 4577 1068 4649 vir
1093 4574 1316 4668 luxuriosus,
1338 4573 1401 4668 qui
1418 4574 1550 4649 ardens
1566 4573 1712 4648 libidine
1729 4593 1802 4648 nou
1817 4574 1886 4648 ab·

719 4699 827 4773 stinet
852 4717 892 4771 se
916 4695 1112 4788 abaliquo
1136 4693 1278 4788 pudore
1303 4692 1520 4769 reverentie
1548 4694 1720 4766 humauae
1744 4693 1805 4767 rel
1829 4692 1887 4768 di·

718 4817 825 4912 vince,
851 4815 945 4890 sicut
968 4815 1065 4890 Nero
1089 4813 1248 4888 luxurie
1273 4811 1453 4888 sevientis
1483 4811 1546 4906 qui
1575 4811 1754 4906 stupravit
1782 4831 1886 4888 soro·

780 5073 806 5134 (Ἴ
824 5075 878 5132 llo,
894 5071 959 5122 bene
975 5071 1049 5123 rideo
1064 5070 1143 5135 quod.
1372 5066 1400 5132 (¹)
1415 5067 1441 5119 S.
1458 5067 1573 5120 tentarit.
