4550 6844
771 981 911 1038 caurus
935 977 1163 1036 rnronsntus.
1480 965 1552 1035 t33

313 1181 318 1195 .
378 1116 630 1219 Politioorurn,
654 1123 741 1200 olim
766 1131 967 1220 antequam
993 1128 1091 1199 esset
1122 1141 1213 1196 usus
1238 1119 1417 1216 pecunias,
1444 1120 1556 1198 fiebat

378 1244 620 1322 eommutatio
636 1244 805 1338 *rerum‚
820 1245 915 1320 siem
931 1243 1160 1318 trumentum
1172 1233 1211 1334 (¹)
1228 1240 1265 1314 in
1283 1240 1425 1337 vinum,
1442 1248 1480 1316 et
1499 1241 1555 1317 vi·

378 1386 470 1440 num
494 1363 533 1438 in
557 1364 695 1458 oleum,
720 1368 758 1438 ot
783 1363 832 1438 ita
856 1363 904 1438 ‹le
927 1362 1019 1438 aliis.
1045 1362 1090 1436 lit
1115 1361 1174 1434 hic
1199 1359 1342 1456 modus,
1360 1360 1455 1435 sicut
1478 1361 1555 1457 ipse

377 1485 473 1580 dicit,
490 1482 612 1559 adhuc
629 1492 801 1559 servatur
813 1481 911 1578 apud
928 1481 1072 1576 aliquos
1088 1478 1279 1555 barbaros.
1293 1479 1364 1555 Sed
1381 1480 1469 1575 quia
1486 1481 1555 1558 ista

377 1594 703 1696 commutatio*(¹)
727 1623 800 1678 nou
817 1608 899 1678 erat
915 1599 1110 1676 commoda
1126 1601 1292 1675 humano
1307 1601 1450 1697 generi,
1468 1601 1555 1696 quia

378 1724 491 1798 homo
520 1741 595 1796 non
623 1727 742 1816 potest
766 1741 895 1798 secum
927 1725 1078 1816 portare
1107 1720 1313 1795 necessaria
1338 1719 1385 1796 de
1410 1721 1556 1818 longiu-

379 1861 467 1936 quo,
483 1840 647 1936 oportuit
671 1839 837 1916 iuvenire
852 1831 889 1933 (³)
911 1838 1061 1933 aliquod
1080 1840 1252 1934 pulcrum
1275 1839 1456 1935 portatile,
1478 1859 1555 1935 quo

379 1959 608 2035 haberentur
632 1959 757 2034 omnia
782 1959 997 2052 oommoda3
1024 1958 1097 2033 tale
1120 1965 1248 2034 autern
1274 1969 1330 2038 est
1355 1960 1553 2055 numisma,

380 2079 481 2174 quod
505 2087 563 2154 est
586 2099 762 2154 mensura
786 2079 955 2153 omnium
982 2097 1129 2152 rerum:
1156 2077 1239 2154 ideo
1264 2078 1403 2156 iactum
1430 2086 1487 2154 est
1510 2079 1558 2156 de

380 2219 475 2275 auro
495 2201 554 2276 val
579 2206 746 2296 argento,
767 2219 852 2294 quae
877 2205 963 2272 suut
988 2197 1150 2293 perlecta
1177 2198 1337 2294 metalla,
1356 2205 1397 2272 ut
1417 2199 1557 2274 dictum

381 2325 437 2394 est
474 2319 510 2392 iu
547 2317 767 2414 precedenti
804 2319 976 2413 capitulo,
1012 2323 1055 2392 ut
1092 2324 1188 2393 esset
1212 2337 1343 2392 aarum
1376 2325 1416 2394 el
1453 2320 1557 2415 parvi

381 2438 563 2535 ponderis,
590 2443 631 2511 ut
658 2444 780 2532 posset
805 2437 956 2534 portari,
981 2444 1019 2514 ot
1044 2439 1081 2511 in
1105 2438 1226 2513 iorma
1257 2439 1446 2534 sphaerica,
1472 2459 1558 2534 quae

381 2565 438 2634 ost
461 2557 634 2652 perlecta.
669 2555 740 2631 Sed
774 2557 861 2653 quia
894 2557 1039 2633 difficile
1068 2564 1149 2632 erat
1179 2558 1217 2632 in
1246 2559 1347 2632 omui
1372 2557 1559 2653 eruptione

382 2677 589 2773 ponderare
616 2677 826 2772 pecuniam,
851 2677 1036 2773 sculptum
1065 2678 1134 2752 luit
1162 2676 1310 2773 aliquod
1339 2677 1485 2774 signum
1520 2677 1558 2750 iu

381 2817 549 2890 nummo,
575 2814 642 2891 per
667 2797 766 2890 quod
791 2796 960 2891 sciretur,
986 2798 1113 2893 quanti
1139 2796 1309 2893 ponderis
1335 2803 1372 2872 et
1387 2784 1424 2890 (⁸)
1451 2797 1557 2892 pretii

383 2923 498 3011 osset3
517 2915 612 2991 sicut
628 2916 787 3011 Baptista
809 2915 846 2992 io
870 2915 972 2990 ltalia
991 2915 1170 3010 sculpitur
1189 2915 1226 2989 in
1247 2916 1386 2991 lloreno
1406 2915 1559 2990 Floren-

384 3038 456 3133 tia,
483 3043 521 3112 et
544 3043 693 3111 sauctus
717 3037 862 3111 llarous
895 3035 932 3108 in
959 3034 1096 3110 ducatu
1122 3035 1282 3110 venetiis
1295 3027 1345 3129 (⁵),
1372 3035 1484 3110 etita
1512 3035 1592 3154 des

384 3157 473 3233 aliis.
500 3157 571 3231 lste
595 3175 687 3252 ergo
712 3154 854 3230 falsavit
877 3156 1059 3231 florenum
1086 3154 1123 3228 iu
1143 3154 1330 3249 Romeua3
1348 3153 1430 3229 ideo
1452 3154 1559 3229 dicit:

378 3277 499 3370 percl’
512 3279 548 3348 io
571 3277 600 3348 il
620 3295 731 3367 corpo
754 3295 837 3348 stou
861 3295 947 3348 urso
971 3276 1108 3366 Ιαεοίαἰ,
1122 3273 1258 3348 seilicet
1282 3273 1320 3348 iu
1345 3273 1497 3369 mundo,
1523 3275 1560 3349 iu

385 3402 450 3471 tua
483 3393 629 3470 ciuitate
658 3393 862 3469 Florentiae
881 3433 931 3448 -
946 3398 1009 3467 llo
1037 3396 1125 3466 sio.
1161 3393 1227 3466 llic
1255 3392 1371 3467 Adam
1402 3399 1561 3489 ostenso,

385 3513 485 3608 quod
497 3503 535 3606 (⁸)
567 3513 670 3587 locus
708 3513 772 3588 ubi
805 3512 970 3608 peucavit
1005 3519 1119 3608 auget
1151 3531 1301 3608 poenam
1334 3513 1427 3608 eius,
1463 3534 1562 3590 nuno

383 3631 551 3728 ostendit,
569 3631 657 3727 quid
674 3631 837 3706 manime
853 3632 1036 3708 relevaret
1056 3631 1137 3707 eius
1156 3631 1272 3727 sitim;
1289 3639 1328 3707 et
1345 3633 1443 3727 dicit,
1461 3631 1562 3729 quod

382 3773 492 3849 poeua
516 3751 751 3827 dominorum
774 3751 888 3848 ipsius
909 3751 979 3826 loci
1004 3752 1082 3827 visa
1098 3741 1135 3844 (⁷)
1161 3751 1240 3847 sibi,
1266 3753 1429 3828 maxime
1454 3753 1563 3829 seda-

384 3879 442 3946 ret
467 3871 563 3944 sitim
589 3891 711 3965 suam,
734 3871 833 3945 uude
857 3870 963 3944 dicit:
983 3891 1043 3943 mu
1067 3891 1139 3943 uon
1155 3873 1259 3943 darei
1277 3873 1314 3943 to
1333 3875 1436 3961 vota,
1457 3871 1561 3966 idest,

385 3989 563 4066 visionem
589 3989 767 4084 ipsorum,
788 4009 856 4082 per
880 3994 988 4061 Fonte
1012 3991 1165 4080 nundi,
1182 4009 1251 4083 pro
1275 3989 1387 4084 tonte,
1409 3991 1471 4063 ubi
1496 3991 1563 4092 de·

388 4108 509 4184 sidero
546 4107 706 4182 multum
740 4106 877 4182 bibere.
913 4107 975 4180 lint
1010 4105 1110 4182 euim
1148 4106 1227 4181 lons
1264 4107 1509 4203 pulcerrimus
1525 4101 1563 4203 (⁸)

387 4227 426 4302 in
449 4226 700 4303 amoenissima
725 4226 872 4302 civitate
900 4226 1084 4301 Senarum
1110 4225 1147 4300 in
1172 4227 1292 4322 platea
1318 4228 1562 4326 pulcerrima3

387 4347 494 4443 quasi
517 4347 637 4425 dicat:
663 4347 692 4422 si
723 4367 794 4444 ego
827 4346 992 4423 viderem
1026 4346 1084 4422 trio
1112 4353 1264 4422 autores
1295 4348 1424 4423 mortis
1455 4369 1563 4444 men,

388 4468 506 4566 magis
531 4469 726 4546 sedaretur
750 4467 826 4542 sitis
850 4487 935 4542 mea
961 4487 1007 4542 ex
1033 4467 1097 4542 tali
1122 4467 1271 4563 visione,
1298 4489 1412 4563 quarn
1437 4470 1467 4544 si
1492 4490 1565 4568 ego

450 4696 479 4759 (¹)
494 4697 521 4748 S.
536 4711 553 4748 a
568 4698 600 4748 ll.
617 4697 744 4750 frumeuti
759 4698 785 4750 in
802 4699 900 4758 mum,
916 4697 1012 4751 etvini
1028 4699 1055 4749 ln
1071 4698 1169 4750 oleum.

450 4771 479 4834 (¹)
494 4775 532 4825 Lu
548 4773 639 4839 parole
655 4775 696 4826 ira
712 4777 720 4826 l
737 4777 788 4828 (lna
804 4775 938 4828 moriseni
953 4789 1001 4827 son
1015 4775 1128 4840 mpputo
1144 4775 1213 4840 dagli
1228 4774 1290 4826 altri
1305 4773 1401 4826 cnoel

451 4847 479 4910 (Ἴ
495 4847 526 4898 E.
541 4849 660 4900 inveniri.
821 4849 851 4913 ρ)
865 4850 896 4901 ll.
914 4855 941 4902 at
956 4850 1047 4914 quanti
1057 4851 1144 4914 pretii.
1299 4849 1328 4912 (¹)
1344 4850 1375 4901 ll.
1391 4850 1500 4902 Veneto.

450 4923 478 4986 ι’)
494 4924 525 4974 E.
542 4925 613 4989 quun
629 4925 674 4976 ubi
691 4928 805 4990 mut
820 4932 932 4992 nugetur
947 4940 1023 4990 prona
1033 4928 1098 4988 elur,
1109 4941 1180 4978 nuno
1190 4927 1303 4978 mtendlt
1310 4926 1383 4991 quod
1393 4928 1506 4978 mxime
1518 4939 1564 4978 ra-

388 5002 458 5055 leret
473 5001 554 5054 ultlrn.
571 5001 607 5052 Bt
621 5001 693 5054 llicit.

451 5077 478 5140 (il
495 5077 526 5128 lt
543 5090 559 5129 a
576 5080 630 5140 tls,
647 5080 700 5130 risa
716 5079 760 5130 iil.
823 5079 851 5144 (¹)
866 5079 898 5131 li.
914 5079 1103 5132 amulanium
1117 5080 1144 5130 ln
1160 5078 1320 5142 pulcerrima
1336 5078 1448 5129 clrlute.

521 5184 551 5229 lt
1401 5186 1430 5228 28
