4606 6840
700 943 771 1011 300
1098 953 1301 1008 colluu'rull
1325 949 1479 1006 inunum

699 1107 851 1196 petuam
883 1099 1021 1173 lamam
1054 1097 1141 1172 viris
1171 1097 1383 1192 illustribus,
1417 1102 1539 1172 tamen
1555 1091 1591 1189 (¹)
1623 1095 1721 1172 boue
1750 1097 1872 1172 merui

700 1220 897 1314 aliqualem
923 1220 1073 1312 lamam,
1100 1218 1158 1292 vel
1184 1237 1278 1292 meae
1304 1237 1363 1292 res
1388 1223 1502 1314 geste
1525 1216 1622 1292 bene
1646 1221 1794 1312 possent
1815 1215 1874 1290 di·-

700 1360 775 1436 gne
792 1339 964 1430 describi3
990 1343 1028 1413 et
1052 1337 1104 1412 sic
1121 1343 1241 1433 captat
1257 1335 1551 1414 benevolentiam
1572 1357 1595 1412 a
1615 1356 1773 1432 persona
1794 1354 1874 1430 sua,

701 1480 788 1534 cum
815 1456 969 1532 ostendit
994 1475 1034 1532 sc
1057 1456 1210 1554 dignum
1236 1455 1476 1551 descriptione
1501 1456 1659 1550 poetica;
1678 1455 1776 1530 unde
1801 1474 1874 1529 non

701 1578 828 1654 dubito
858 1578 956 1673 quod
982 1577 1079 1652 lama
1105 1577 1230 1674 Ulyxis
1255 1584 1311 1652 est
1337 1576 1467 1670 maior,
1492 1575 1580 1670 quia
1605 1575 1730 1672 magni
1755 1579 1874 1670 posue

702 1699 925 1795 scripserunt
949 1697 995 1773 de
1020 1718 1078 1791 eo,
1102 1697 1197 1771 sicut
1220 1699 1404 1772 Homerus
1428 1715 1551 1792 graece
1575 1702 1613 1770 et
1632 1694 1803 1793 Virgilius
1819 1693 1874 1770 la·

701 1820 786 1896 tine.
825 1817 910 1892 ldeo
948 1823 1074 1891 narrat
1111 1815 1249 1891 Tullius
1283 1816 1320 1889 in
1353 1816 1520 1890 oratione
1553 1836 1666 1911 quam
1697 1814 1781 1892 lecit
1805 1836 1873 1910 pro

700 1938 830 2013 brebia
863 1944 982 2033 pocta,
1015 1936 1115 2032 quod
1140 1937 1230 2012 dum
1256 1936 1343 2010 olim
1369 1935 1578 2011 Alexander
1603 1957 1760 2032 magnus
1787 1956 1874 2032 per-

699 2057 858 2134 venisset
882 2056 928 2132 ad
954 2059 1167 2152 sepulcrum
1192 2055 1349 2150 Achillis,
1370 2055 1562 2131 clamauit:
1581 2077 1604 2130 o
1621 2056 1762 2132 lelicem
1781 2055 1872 2132 adu-

700 2180 909 2270 lescentem,
943 2176 1006 2271 qui
1039 2177 1150 2254 talem
1176 2196 1383 2272 praeoouem
1411 2182 1561 2252 tuarum
1587 2175 1740 2250 laudum
1766 2176 1872 2252 inve·

700 2297 793 2391 nisti,
828 2297 963 2371 seilicet
995 2297 1218 2391 Humerum3
1244 2297 1349 2392 quasi
1374 2296 1532 2372 voluerit
1556 2297 1702 2372 dicere:
1731 2297 1871 2372 utinam

699 2418 793 2492 alter
817 2417 1000 2490 llumerus
1025 2415 1166 2492 uiueret
1192 2423 1358 2512 tempure
1376 2437 1461 2491 meo
1481 2416 1545 2511 qui
1564 2415 1788 2491 describeret
1804 2437 1871 2513 ge-

700 2541 756 2608 sta
782 2555 878 2627 mea,
904 2541 941 2608 et
964 2533 1069 2609 daret
1087 2534 1174 2607 mibi
1191 2555 1337 2629 semper
1355 2534 1504 2630 lamam,
1522 2535 1616 2610 sicut
1632 2535 1716 2610 lecit
1732 2535 1869 2610 bebilli.

701 2655 745 2727 Et
770 2654 819 2728 ita
844 2653 891 2728 ad
921 2653 1148 2748 propositum
1173 2674 1273 2728 nuuc
1297 2656 1376 2728 vult
1400 2655 1523 2730 dicere
1547 2655 1615 2730 isle
1640 2675 1783 2750 comes3
1808 2656 1873 2731 sed

701 2779 804 2847 certe
828 2771 923 2847 bene
941 2773 1076 2866 reperit
1092 2773 1228 2846 bonam
1244 2764 1281 2866 (¹)
1300 2773 1440 2867 tubam,
1458 2779 1495 2848 et
1512 2773 1715 2870 digniorem
1734 2793 1786 2870 sc,
1803 2775 1874 2850 sci-

700 2893 785 2969 lioel
810 2913 968 2988 pennam
987 2892 1121 2968 Daulis.
1139 2893 1184 2966 Et
1201 2892 1259 2967 bic
1275 2892 1437 2986 aduerte,
1454 2893 1580 2986 lector,
1601 2895 1700 2988 quud
1718 2896 1822 2989 quasi
1834 2886 1872 2988 (³)

699 3019 809 3087 autur
834 3011 1041 3088 necessario
1066 3012 1149 3088 lecit
1174 3012 1282 3086 islam
1308 3011 1504 3106 fictionem,
1530 3011 1617 3106 quia
1642 3019 1719 3086 tota
1739 3012 1798 3088 die
1816 3014 1873 3087 in·

700 3133 807 3209 venio
832 3132 997 3208 homines
1023 3131 1201 3207 dicentes:
1218 3132 1266 3205 ad
1283 3131 1371 3226 quid
1392 3133 1527 3210 Dentes
1544 3132 1628 3211 lecit
1645 3132 1869 3208 mentionem

698 3241 795 3345 det‘)
823 3252 885 3328 tali
910 3253 991 3327 viro
1016 3254 1074 3327 rel
1099 3251 1195 3327 lacto
1220 3252 1430 3328 modernui
1451 3253 1527 3348 ipse
1546 3251 1731 3327 debuisset
1751 3252 1872 3348 potius

698 3372 831 3446 dixisse
854 3371 901 3446 de
927 3371 994 3445 illis
1018 3371 1220 3468 magnificis
1245 3371 1427 3466 antiquis3
1448 3373 1508 3447 vel
1528 3372 1696 3448 nesciunt
1714 3371 1800 3466 quid
1817 3371 1873 3446 di·

699 3497 783 3566 cant
815 3490 853 3563 in
887 3490 1023 3584 mullis,
1055 3490 1143 3584 quia
1176 3497 1326 3565 autores
1360 3511 1457 3586 saepe
1486 3511 1682 3587 personam
1707 3491 1766 3566 vel
1791 3512 1872 3566 rem

699 3609 910 3684 vilissimam
937 3609 974 3682 in
998 3609 1074 3682 suis
1099 3609 1200 3704 stylis
1225 3609 1459 3704 magnificant
1483 3615 1520 3684 et
1545 3610 1735 3684 extollunt
1763 3610 1872 3685 Certe

698 3749 772 3804 uon
798 3728 936 3822 dubito,
962 3728 1061 3824 quud
1087 3748 1154 3803 rex
1171 3728 1332 3822 Latinus,
1350 3729 1496 3802 Turnus
1521 3730 1579 3804 vel
1595 3720 1632 3822 (⁵)
1657 3729 1872 3826 Megcnlius,

698 3847 745 3923 de
770 3847 904 3942 quibus
923 3846 1097 3944 Virgilius
1122 3847 1207 3922 iacit
1233 3853 1286 3922 tot
1310 3849 1505 3944 praeconia,
1522 3859 1565 3926 ut
1581 3848 1628 3924 de
1644 3850 1785 3925 caeteris
1802 3850 1873 3926 mi·

697 3967 849 4042 uoribus
874 3974 1029 4062 taceam,
1049 3988 1124 4043 non
1144 3968 1343 4043 valuerunt
1369 3973 1513 4043 tantumn
1539 3969 1577 4042 in
1603 3970 1715 4045 rebus
1732 3971 1872 4066 mundi,

697 4094 877 4182 quantum
912 4088 980 4163 iste
1014 4108 1139 4164 comes
1164 4088 1294 4183 Guido,
1319 4090 1516 4183 malatesta,
1541 4091 1809 4187 blagbinardus,
1836 4097 1873 4166 el

696 4209 757 4283 alii
791 4207 896 4282 multi
930 4209 967 4282 in
1001 4209 1251 4303 Romandiola‚
1278 4208 1324 4284 de
1356 4209 1489 4304 quibus
1520 4211 1642 4284 statim
1667 4211 1809 4286 dicetur
1835 4211 1872 4283 in

696 4328 765 4403 isto
789 4329 959 4424 capitulo.
986 4330 1031 4402 El
1054 4329 1198 4424 probat,
1224 4329 1323 4422 quod
1350 4329 1543 4425 Virgilium
1572 4350 1646 4403 non
1671 4329 1780 4405 debet
1805 4336 1873 4404 tae-

694 4446 783 4522 dere
810 4467 1004 4522 remanere
1029 4447 1075 4522 ad
1091 4437 1127 4538 (⁶)
1148 4447 1374 4541 loquendum
1393 4467 1533 4541 secum,
1551 4447 1745 4523 ostendens
1763 4469 1871 4523 suam

694 4566 886 4641 ardentem
908 4566 1151 4659 allectionem,
1168 4587 1282 4660 quarn
1313 4567 1423 4644 babet
1454 4567 1500 4642 ad
1530 4567 1757 4661 loquendum
1783 4588 1870 4643 cum

757 4828 784 4888 β]
801 4829 832 4881 Ε.
849 4834 937 4880 tamen
953 4831 1090 4880 moremini
1107 4830 1246 4896 aliqualem
1263 4831 1368 4892 lauram,
1385 4835 1412 4882 et
1428 4843 1502 4882 mco.

759 4903 786 4968 (Ἰ
802 4906 828 4958 S.
846 4907 939 4958 bonum
955 4906 1059 4968 lernam,
1077 4907 1174 4970 tubum,
1191 4912 1218 4959 ut
1234 4906 1370 4958 meliorem
1386 4920 1423 4960 se.

759 4981 786 5046 (¹)
803 4983 834 5034 li.
847 4985 920 5048 qnasi
931 4985 1029 5037 veritus
1040 4983 1111 5037 iecit.
1173 4985 1201 5048 (ἢ
1216 4985 1247 5036 lt.
1258 4984 1291 5035 da
1303 4989 1355 5035 um
1365 4985 1409 5038 rili
1420 4985 1478 5036 uiro
1488 4990 1515 5037 et
1526 4984 1558 5037 de
1569 4984 1622 5037 lllls
1633 4985 1733 5051 magnis
1743 4984 1871 5050 antiqubt

759 5059 787 5123 ι’)
803 5061 833 5113 E.
849 5067 884 5114 et.
1174 5061 1201 5125 ζ’)
1218 5062 1249 5114 E.
1265 5063 1297 5113 ad
1312 5063 1402 5114 locum
1419 5063 1498 5114 istum
1514 5076 1613 5116 secum.
