4580 6844
742 957 813 1024 358
1141 967 1346 1032 conunrnrr
1370 970 1521 1024 nuruum

741 1135 825 1188 sum
851 1115 897 1189 de
923 1133 1080 1188 numero
1096 1111 1355 1196 damnatorum
1377 1114 1415 1190 in
1430 1113 1584 1207 intorno,
1602 1133 1735 1188 ennom
1752 1117 1915 1188 mortorio

736 1255 805 1327 per
830 1238 852 1307 l'
864 1237 1004 1328 inferno
1028 1253 1099 1326 qun
1122 1228 1183 1325 qd
1205 1237 1244 1307 dr·
1266 1237 1348 1332 qim
1375 1238 1414 1308 in
1442 1238 1536 1327 qino,
1567 1234 1670 1327 idest,
1698 1233 1746 1309 de
1775 1233 1916 1312 circulo

742 1354 780 1428 iu
804 1354 999 1446 circulum,
1019 1373 1086 1448 per
1106 1374 1200 1448 quos
1221 1354 1382 1440 tenditur
1398 1373 1545 1448 semper
1561 1352 1748 1428 deorsum.
1770 1351 1815 1427 Et
1830 1373 1919 1430 ecoe

743 1493 893 1548 causam
916 1473 1047 1547 utilem
1063 1482 1101 1549 et
1117 1473 1320 1568 honestam,
1335 1493 1403 1567 per
1418 1475 1490 1548 dar
1506 1475 1556 1548 tui
1576 1476 1780 1566 espotanzn
1796 1477 1918 1566 pona,

741 1595 789 1670 de
814 1595 880 1668 ista
909 1613 1017 1688 poena
1047 1591 1142 1668 siout
1170 1598 1208 1668 et
1243 1593 1290 1674 de
1319 1593 1409 1668 aliis.
1442 1593 1487 1668 Et
1519 1593 1579 1668 hie
1608 1599 1694 1668 nota
1727 1593 1828 1687 quod
1861 1593 1919 1668 vir

743 1713 904 1810 prudens
932 1713 1035 1788 discit
1065 1711 1241 1807 exemplis
1259 1706 1296 1805 (⁴)
1324 1713 1481 1788 aliorum
1508 1713 1712 1788 relroenare
1737 1713 1916 1809 liugnam,

743 1841 780 1910 et
796 1853 930 1908 cavere
942 1833 1009 1907 sibi
1024 1852 1049 1907 a
1065 1831 1360 1926 disseminatione
1374 1833 1644 1926 scandalorum,
1662 1834 1810 1926 quaudo
1827 1853 1917 1908 con-

740 1955 877 2030 siderat
901 1973 1034 2049 pravos
1057 1952 1211 2032 ellectuo
1236 1952 1300 2047 qui
1324 1953 1408 2028 inde
1432 1959 1653 2047 sequuntur,
1668 1954 1775 2050 juxta
1800 1954 1915 2030 illud:

743 2076 844 2148 Felior
869 2092 969 2164 qoem
992 2073 1145 2146 reddunt
1167 2075 1284 2151 allona
1298 2076 1459 2166 pennula
1474 2080 1643 2167 σπίνω
1661 2081 1698 2148 et
1722 2073 1916 2148 confirmat

740 2193 879 2267 dictum
894 2182 946 2284 (ἢ,
969 2190 1116 2266 dicens:
1150 2214 1170 2264 e
1202 2199 1319 2284 questo
1343 2189 1364 2267 e*
1391 2213 1454 2266 ver
1482 2185 1554 2266 rosi
1584 2195 1672 2268 oom'
1685 2196 1721 2268 io
1745 2197 1772 2266 d
1792 2196 1914 2286 parto,

741 2313 847 2408 quasi
873 2311 988 2386 dicat:
1015 2330 1089 2385 uon
1114 2310 1213 2410 lingo
1238 2311 1301 2386 tibi
1328 2311 1364 2386 in
1396 2313 1466 2387 bae
1496 2319 1612 2408 parte.
1643 2312 1781 2388 Deinde
1805 2319 1915 2388 autor

742 2432 844 2527 pouit
878 2431 1050 2506 ellectum
1084 2431 1327 2534 responsionis
1361 2431 1510 2529 Virgilii,
1536 2432 1682 2508 dioens:
1705 2427 1768 2526 piri
1792 2437 1856 2528 (nr
1879 2436 1918 2508 di

743 2550 983 2644 cosmiden,
1009 2551 1125 2653 multi,
1151 2554 1213 2624 ebe
1235 2553 1486 2626 nnmmmron
1509 2555 1570 2626 nel
1587 2558 1699 2647 fosso,
1724 2571 1791 2648 per
1816 2552 1915 2647 quod

743 2673 847 2768 prius
870 2672 982 2764 ibant,
1007 2691 1031 2745 α
1055 2674 1304 2767 manendumne·
1321 2693 1390 2763 per
1414 2675 1635 2764 mmordqlia,
1660 2673 1765 2767 quasi
1791 2680 1917 2768 stupe·

745 2791 841 2883 lacti,
867 2789 953 2884 quia
979 2789 1150 2870 ridebant
1174 2789 1222 2864 ibi
1247 2790 1433 2866 bominem
1464 2791 1589 2865 rivum
1621 2811 1695 2866 nou
1724 2791 1762 2865 iu
1791 2791 1917 2886 aliquo

744 2911 979 2985 vulneratum
999 2929 1045 2984 ao
1066 2899 1104 3002 (¹)
1129 2929 1281 3004 caesnnq
1298 2913 1441 3002 qnando
1460 2913 1614 3002 doddo,
1637 2911 1774 2986 scilieet
1792 2932 1816 2985 a
1833 2911 1916 2986 Vir·

592 3068 595 3077 ·
741 3032 845 3129 gilio;
875 3037 913 3105 et
942 3030 1050 3104 dicit:
1080 3030 1245 3104 oblinndo
1273 3033 1304 3104 il
1329 3033 1493 3122 martiro,
1519 3031 1627 3125 quasi
1655 3031 1761 3124 dicat,
1791 3029 1915 3105 dimit·
1965 3053 1970 3060 ·

744 3159 861 3228 tentes
886 3151 983 3224 riam
1008 3170 1116 3224 snam
1142 3169 1209 3245 per
1234 3171 1347 3244 quam
1373 3150 1474 3226 ibant
1497 3150 1544 3225 ad
1565 3170 1713 3246 poenam
1735 3149 1915 3244 recipien-

742 3273 828 3347 dam
853 3294 876 3346 a
900 3270 1078 3349 demone.
1105 3269 1150 3343 Et
1174 3289 1240 3363 per
1266 3271 1336 3344 boe
1359 3276 1469 3345 autor
1486 3277 1588 3345 notat
1605 3270 1795 3346 moraliter
1814 3269 1914 3364 quod

742 3391 938 3486 aliquando
970 3390 1210 3466 seminatores
1240 3389 1360 3463 litium
1398 3395 1436 3465 et
1465 3389 1731 3466 discordiarum
1766 3389 1914 3484 quando

743 3511 867 3586 rident
890 3497 927 3606 (⁴)
957 3519 995 3584 et
1023 3507 1178 3583 audiunt
1202 3508 1323 3582 virum
1353 3509 1566 3603 sapientam,
1598 3509 1843 3594 emendantur
1865 3509 1915 3584 ad

743 3629 1020 3728 persuasionem
1044 3627 1137 3720 eius,
1166 3633 1203 3702 ot
1229 3647 1296 3721 per
1320 3646 1550 3722 consequeus
1575 3628 1841 3710 obliviscuntur
1860 3628 1915 3704 ire

743 3751 791 3826 ad
818 3748 1049 3845 martyrium,
1075 3747 1163 3841 qnia
1193 3747 1256 3821 ubi
1291 3748 1409 3843 culpa,
1440 3748 1489 3822 ibi
1515 3769 1643 3843 poeua3
1675 3749 1774 3842 quod
1804 3749 1916 3826 credo

743 3869 916 3945 accidisse
939 3868 1122 3960 aliquibus
1146 3867 1352 3964 legentibus
1367 3860 1403 3962 (³)
1431 3867 1527 3943 istud
1551 3869 1672 3946 nobrio
1697 3870 1914 3965 capitulum.

743 4029 794 4044 -
810 3994 863 4066 Or
887 3993 944 4063 di’.
971 3988 1036 4063 llic
1061 3995 1170 4063 autor
1195 3988 1360 4064 nominat
1375 3989 1490 4065 alium
1508 3989 1675 4083 spiritum
1695 3988 1915 4066 modernum

744 4111 908 4188 eiusdem
934 4109 1090 4204 speciei3
1117 4116 1154 4184 et
1178 4107 1373 4184 artificiose
1397 4108 1512 4206 fingit,
1530 4109 1629 4208 quod
1655 4111 1913 4204 Maoometbns,

745 4230 929 4306 maximus
959 4229 1125 4323 prinoeps
1153 4227 1342 4320 scismatis,
1372 4227 1525 4308 audiens
1559 4229 1658 4323 qnod
1691 4236 1802 4305 autor
1833 4237 1915 4308 arat

744 4349 863 4443 vivus,
876 4356 912 4423 et
930 4368 1150 4423 reversurus
1166 4347 1213 4422 ad
1231 4347 1424 4441 mundum,
1437 4347 1591 4443 hrpouit
1607 4349 1685 4444 sibi,
1703 4349 1801 4443 quod
1818 4367 1915 4444 pre·

743 4469 840 4544 dicat
867 4467 930 4542 uni
954 4467 1074 4542 amioo
1098 4486 1177 4561 suo,
1203 4467 1287 4541 licet
1309 4466 1445 4563 ignoto,
1471 4466 1570 4562 quod
1595 4467 1782 4563 pmvideat
1797 4468 1866 4543 sibi
1890 4491 1913 4546 a

745 4588 909 4682 periculo
933 4586 980 4661 de
1004 4587 1173 4681 proximo
1198 4586 1411 4666 imminenti.
1438 4588 1492 4663 ld
1517 4589 1759 4686 cognitionem
1784 4573 1936 4664 antern'x

745 4707 848 4782 istius
870 4708 1084 4782 blacometbi
1103 4708 1233 4782 novelli
1250 4715 1307 4788 est
1323 4708 1525 4804 sciendum,
1550 4710 1649 4804 quod
1668 4709 1819 4786 sedente
1846 4709 1914 4784 tm

809 4925 838 4984 (¹)
854 4927 908 4982 lle.
917 4925 1034 4988 expensis
1045 4924 1167 4977 aliorum.
1230 4925 1257 4988 (¹)
1274 4925 1410 4976 Edictum
1421 4940 1507 4978 sunm.
1570 4924 1599 4988 l')
1615 4925 1646 4976 li.
1657 4938 1672 4977 a
1683 4929 1738 4985 llo,
1749 4937 1799 4976 neo
1810 4937 1916 4976 mum.

807 5000 836 5060 lit
850 5001 876 5052 8.
893 5003 978 5053 rident
994 5002 1108 5068 aliquem
1124 5003 1212 5052 rtrum
1226 5003 1367 5068 uolentem
1382 5008 1410 5055 et
1425 5004 1541 5065 audiunt,
1558 5003 1738 5056 cummim.

808 5077 836 5142 (¹)
851 5079 877 5131 S.
894 5079 1041 5131 bominibus
1055 5079 1209 5144 mentibus.
