4526 6836
722 961 768 1027 us
1114 967 1318 1023 conunruu
1343 969 1494 1022 mrunru

723 1117 860 1192 mniata
886 1136 952 1211 per
976 1115 1194 1206 Homerum,
1219 1135 1238 1187 e
1266 1117 1337 1188 dar
1353 1117 1502 1189 manta
1518 1116 1558 1186 al
1577 1115 1761 1187 υοηίεείηιο
1777 1120 1894 1202 moto,

722 1237 813 1312 idest
838 1235 904 1308 XX
929 1233 1101 1330 capitulo,
1127 1233 1215 1327 quia
1238 1233 1362 1308 omnia
1388 1233 1545 1328 capitula
1562 1233 1792 1328 appellantur
1808 1251 1896 1306 oan-

723 1363 793 1450 tus,
806 1366 850 1433 ut
861 1354 998 1430 dictum
1013 1360 1068 1429 est
1084 1353 1126 1427 in·
1138 1353 1257 1448 primo
1278 1353 1436 1449 mpitulo
1452 1346 1501 1448 (¹),
1519 1355 1570 1426 eb'
1582 1349 1620 1426 eb
1636 1354 1895 1440 dd'sommarsi,

724 1478 815 1553 idest
840 1497 924 1570 quae
949 1469 1068 1550 cantio
1092 1480 1147 1550 est
1167 1475 1213 1550 de
1236 1473 1417 1548 damnatis
1441 1473 1480 1546 in
1505 1472 1657 1568 interno,
1684 1473 1747 1566 qui
1767 1493 1896 1548 omnes

722 1603 808 1670 sunt
829 1593 1008 1669 submersi
1026 1593 1281 1668 damnabiliter
1306 1583 1399 1667 inira
1420 1600 1573 1688 terram,
1591 1593 1636 1667 ad
1653 1592 1896 1668 dillerentiam

723 1715 933 1810 punitorum
960 1714 996 1788 in
1022 1713 1246 1810 purgatorio,
1272 1713 1335 1807 qui
1361 1719 1446 1787 sunt
1472 1733 1583 1808 supra
1608 1715 1766 1805 terram3
1784 1712 1895 1806 aliqui

722 1843 846 1910 tamen
867 1841 989 1909 lentus
1010 1833 1166 1908 babent:
1193 1836 1244 1906 cb'
1257 1837 1292 1907 io
1311 1836 1542 1925 disommersi,
1559 1832 1651 1907 idest
1667 1835 1895 1925 drsuffondui,

675 1941 679 1948 ’
722 1956 814 2032 idest
839 1953 932 2028 trani
958 1975 1021 2029 eos
1047 1953 1083 2027 in
1109 1954 1243 2047 lucem,
1267 1953 1329 2027 ubi
1348 1952 1466 2048 primo
1492 1953 1578 2028 nihil
1596 1963 1677 2028 erat
1692 1951 1830 2028 dictum
1848 1952 1895 2026 de

720 2075 790 2169 eis;
817 2075 880 2149 sed
906 2073 1024 2168 prima
1048 2073 1153 2150 litera
1180 2080 1235 2147 est
1260 2071 1403 2147 clarior.
1429 2072 1496 2146 niti
1523 2071 1635 2146 etiam
1651 2070 1757 2146 aliter
1782 2091 1896 2166 expo-

721 2201 813 2269 nunt
837 2195 942 2270 istam
969 2193 1125 2287 literam,
1151 2193 1214 2268 sed
1239 2193 1308 2266 ista
1326 2190 1470 2269 videtur
1493 2191 1580 2266 mibi
1601 2191 1779 2290 sententia
1805 2210 1891 2266 uera

718 2322 756 2390 et
780 2313 926 2410 propria
950 2312 997 2387 de
1022 2319 1146 2388 mente
1165 2311 1324 2406 autoris3
1351 2317 1388 2387 et
1413 2312 1442 2386 si
1469 2309 1593 2386 oblinis
1618 2310 1805 2405 quomodo
1825 2309 1892 2384 da-

721 2433 834 2508 mnati
851 2425 889 2526 (²)
914 2432 951 2506 in
977 2431 1117 2506 interno
1142 2437 1228 2506 sunt
1243 2422 1279 2523 (³)
1307 2451 1436 2506 omnes
1460 2429 1655 2523 submersi,
1678 2449 1766 2504 cum
1783 2429 1894 2536 aliqui

720 2554 792 2642 sint
808 2553 972 2628 volantes
989 2572 1055 2646 per
1071 2571 1210 2646 aerem,
1228 2551 1321 2626 sieut
1337 2551 1516 2626 luxuriosi
1533 2561 1614 2644 ate,
1631 2549 1712 2624 dico
1733 2549 1895 2625 breviter

722 2672 820 2767 quod
845 2689 974 2744 omnes
1006 2670 1166 2762 damnati
1199 2670 1235 2743 in
1269 2670 1411 2745 interno
1441 2670 1573 2745 merito
1605 2669 1778 2744 dicuntur
1807 2669 1895 2744 sub-

721 2789 844 2884 mersi,
863 2789 951 2883 quia
975 2807 1104 2862 omnes
1129 2789 1198 2862 sub
1218 2795 1319 2864 terra
1335 2778 1370 2881 (⁸)
1390 2789 1507 2885 positi,
1528 2789 1611 2864 lieet
1633 2787 1894 2881 diversimode

721 2911 813 2986 siout
839 2930 936 2983 unus
961 2929 1090 2984 carcer
1107 2915 1277 2984 terrenus
1293 2911 1558 2986 subterraneus
1576 2909 1736 2984 eontinet
1756 2906 1894 2988 multos

718 3031 910 3106 damnatos
934 3029 971 3104 in
996 3029 1148 3104 diversis
1177 3029 1437 3124 mansionibus,
1469 3030 1556 3123 quia
1585 3029 1698 3124 aliqui
1727 3035 1822 3104 stant
1854 3030 1891 3103 in

718 3158 828 3245 terra,
852 3147 964 3244 aliqui
986 3149 1022 3222 in
1040 3149 1160 3244 primo
1184 3149 1328 3244 solario,
1345 3149 1458 3244 aliqui
1475 3149 1701 3243 insecundo,
1720 3147 1822 3224 etita
1841 3147 1896 3226 de,

718 3270 851 3344 multis.
871 3274 979 3341 -10
1011 3289 1085 3342 ενα.
1118 3268 1183 3343 llic
1213 3274 1324 3343 autor
1353 3269 1525 3344 describit
1553 3288 1701 3364 poenam
1733 3267 1887 3342 istorum

715 3390 974 3463 damnatorum
990 3378 1028 3478 (⁵)
1054 3387 1091 3460 in
1116 3387 1315 3463 communi.
1340 3387 1394 3462 lid
1419 3388 1524 3462 ouius
1542 3387 1815 3485 intelligentiam
1834 3395 1889 3463 est

717 3507 949 3582 subtilissime
959 3496 996 3598 (ὃ)
1006 3507 1282 3601 speculandum,
1293 3507 1391 3601 quod
1400 3513 1509 3582 autor
1518 3507 1580 3582 dat
1592 3507 1668 3582 istis
1681 3527 1890 3604 congruen-

717 3627 893 3702 tissimam
918 3633 956 3702 et
980 3627 1226 3721 aequissimam
1253 3647 1411 3722 poenam.
1438 3627 1557 3724 Fingit
1582 3627 1678 3702 enim
1700 3629 1799 3722 quod
1825 3649 1890 3703 va·

716 3748 809 3822 dunt
826 3748 924 3822 lente
939 3767 1006 3841 per
1025 3745 1180 3821 lundum
1198 3745 1313 3841 valiis,
1326 3754 1363 3820 et
1380 3748 1515 3822 babent
1531 3746 1641 3822 iacies
1661 3753 1888 3848 retroversas

717 3866 950 3961 respicientes
964 3865 1030 3940 sibi
1046 3886 1070 3941 a
1087 3872 1193 3962 tergo
1209 3874 1247 3940 et
1263 3865 1517 3961 lacrymantes.
1528 3865 1582 3940 Ad
1600 3865 1828 3961 propositum
1839 3857 1889 3960 (⁷),

716 3986 773 4062 isti
798 3987 1019 4062 divinatores
1045 3985 1218 4061 incedunt
1242 3986 1341 4060 lente
1364 3985 1402 4060 in
1427 3985 1597 4061 omnibus
1623 3986 1783 4082 agendis,
1801 3987 1888 4082 quia

561 4172 566 4182 .
715 4107 919 4203 prooedunt
949 4127 1037 4181 eum
1069 4103 1329 4182 deliberatione
1358 4125 1464 4200 vanu,
1491 4105 1664 4180 iacientes
1693 4105 1817 4180 omnia
1840 4107 1888 4181 nd

715 4239 857 4306 motum
883 4228 965 4303 coeli
992 4227 1050 4301 vel
1077 4225 1240 4300 volatum
1265 4225 1354 4318 avis,
1381 4231 1419 4300 et
1442 4225 1493 4302 ita
1517 4225 1564 4300 de
1584 4225 1663 4300 aliis
1682 4225 1885 4301 secundum

712 4349 875 4424 diversas
899 4346 1037 4443 speeies
1065 4335 1389 4438 divinatorum(⁸);
1416 4366 1502 4420 nam
1530 4345 1617 4421 nibil
1642 4345 1790 4440 iaciunt,
1816 4363 1884 4420 neo

712 4469 929 4563 permittunt
946 4465 1024 4542 lieri
1043 4465 1108 4538 nisi
1125 4464 1195 4538 snb
1214 4474 1317 4540 certo
1334 4472 1482 4560 puncto,
1499 4472 1537 4540 et
1553 4465 1605 4540 sic
1621 4471 1719 4542 stant
1737 4485 1885 4560 semper

774 4694 802 4756 (¹)
818 4699 873 4754 ns,
889 4693 1012 4758 mutulo,
1032 4693 1064 4743 ds
1087 4693 1113 4742 ln
1130 4693 1219 4757 primo
1233 4693 1348 4752 moulon,
1364 4693 1431 4745 idest
1445 4693 1552 4754 lnisrni.
1569 4693 1615 4758 qui
1630 4698 1670 4744 est
1685 4693 1770 4757 prims
1785 4692 1886 4744 etutics

713 4771 790 4822 buius
806 4771 873 4830 iibri,
890 4775 920 4820 ut
935 4769 1014 4820 etism
1030 4768 1129 4818 dietum
1144 4773 1184 4818 est
1200 4768 1225 4818 in
1242 4768 1328 4832 primo
1344 4769 1466 4833 espilulo,
1484 4771 1565 4820 sb'ts.

776 4846 803 4909 Ρ)
820 4846 851 4897 B.
867 4846 979 4896 damnati
995 4856 1086 4896 omnes
1101 4845 1127 4895 in
1144 4843 1247 4896 interm
1262 4851 1324 4897 suot
1339 4846 1474 4900 submersi.

774 4922 801 4985 (¹)
818 4923 844 4973 S.
859 4923 918 4974 sint.
1322 4920 1350 4984 (⁸)
1365 4921 1396 4973 E.
1414 4922 1463 4974 sub
1478 4927 1576 4974 terram
1592 4925 1667 4988 positi
1683 4925 1753 4982 suut,
1769 4918 1837 4972 iicet

777 4998 804 5060 (¹)
819 4999 845 5049 S.
861 4999 1044 5049 dirinstorum.
1321 4997 1348 5060 (⁸)
1366 5001 1419 5059 itt,
1436 4998 1574 5050 subtiliter.
1657 5011 1660 5020 ·

775 5075 802 5139 Γ)
818 5075 850 5126 Ε.
866 5075 908 5127 Ad
926 5074 1087 5140 propositum
1102 5087 1166 5140 erqo
1182 5074 1231 5126 isti.
1322 5074 1348 5138 (¹)
1363 5074 1394 5126 tt
1410 5075 1580 5128 divinationis.
