4606 6840
722 949 794 1016 216
1120 959 1323 1018 temnunt
1347 923 1499 1016 rnunnur

720 1109 809 1184 ferae
834 1129 908 1186 non
933 1113 1141 1205 gustassent
1164 1108 1243 1183 sine
1267 1127 1386 1204 poena.
1408 1108 1452 1182 nt
1469 1107 1521 1182 sic
1535 1101 1573 1200 (¹)
1593 1116 1679 1184 nom
1697 1107 1795 1202 quod
1820 1126 1890 1181 au-

721 1239 779 1306 tor
813 1229 957 1307 ridetur
988 1230 1083 1304 velle
1115 1229 1202 1304 istas
1238 1229 1576 1304 transformationes
1609 1228 1746 1303 Lucani
1780 1226 1891 1302 fnisse

721 1349 873 1444 fictitias,
898 1348 986 1443 qnia
1011 1355 1096 1425 sunt
1121 1353 1197 1423 tam
1224 1349 1568 1444 mirabiles31amen
1588 1348 1695 1422 multi
1712 1353 1750 1423 et
1767 1347 1889 1444 magni

722 1478 872 1546 autores
896 1469 1059 1546 scribunt
1084 1468 1170 1544 istas
1195 1476 1347 1545 naturas
1372 1477 1583 1565 serpentum
1608 1476 1799 1564 umquam
1825 1488 1890 1544 ve-

723 1612 803 1665 ras:
830 1597 867 1664 et
890 1589 1016 1664 dicunt
1040 1589 1153 1684 aliqui
1178 1591 1277 1685 quod
1301 1581 1471 1685 pestere)
1491 1596 1548 1665 est
1568 1590 1615 1666 de
1638 1608 1777 1686 genere
1793 1588 1890 1684 aspi-

723 1709 825 1803 dum,
851 1709 913 1804 qui
940 1729 1085 1804 semper
1110 1717 1266 1806 vagatur
1291 1729 1358 1786 ore
1377 1714 1505 1805 aperto
1523 1715 1560 1784 et
1578 1709 1756 1803 fumante,
1773 1729 1797 1783 a
1814 1729 1889 1802 qno

723 1850 919 1927 percussus
943 1849 1078 1926 magna
1095 1829 1321 1925 corpulentia
1345 1829 1553 1904 intumescit
1571 1849 1676 1904 more
1692 1827 1889 1926 hydropici,

723 1951 831 2028 etad
857 1956 1041 2026 tumorem
1069 1949 1236 2044 sequitur
1261 1950 1427 2046 putredo.
1453 1951 1559 2025 Nunc
1588 1949 1634 2025 ad
1663 1951 1808 2026 literam
1835 1948 1890 2023 di·

723 2071 927 2146 citantor:
961 2075 1102 2146 nunu
1132 2073 1244 2146 medo
1275 2075 1382 2164 omni,
1412 2071 1517 2166 quasi
1548 2071 1663 2148 dicat:
1698 2074 1890 2166 hucusque

722 2191 838 2286 potuit
865 2191 964 2285 loqui
989 2197 1026 2266 et
1051 2190 1200 2287 gloriari
1229 2191 1276 2266 de
1304 2191 1379 2266 suis
1415 2191 1795 2267 transformationibus
1820 2192 1890 2265 mi-

723 2310 908 2405 rabilibus,
934 2309 998 2386 sed
1022 2310 1191 2406 deinceps
1208 2331 1281 2386 non
1301 2311 1444 2407 poterit,
1470 2312 1557 2406 quia
1577 2313 1677 2389 uenit
1699 2312 1761 2408 qui
1779 2333 1890 2388 eree·

721 2430 772 2505 dit
797 2451 903 2525 oum3
929 2423 965 2504 fd
989 2433 1077 2505 douc
1101 2437 1210 2522 hoco,
1228 2431 1362 2506 scilieet
1387 2451 1485 2507 nono
1509 2451 1587 2506 suae
1607 2433 1813 2528 Pharsalia,
1832 2436 1890 2508 del

722 2553 850 2624 mucro
875 2551 1024 2642 Sabello,
1049 2551 1151 2645 idest,
1176 2551 1425 2628 misericordia
1438 2541 1476 2643 (³)
1505 2551 1616 2649 digno
1644 2558 1793 2648 propter
1817 2553 1889 2627 mi-

722 2669 915 2747 serabilem
946 2675 1117 2765 mortem,
1142 2670 1227 2764 quia
1253 2670 1370 2746 factus
1394 2676 1449 2746 est
1477 2670 1644 2746 modicus
1671 2672 1771 2766 cinis,
1804 2693 1824 2746 c
1853 2675 1891 2748 di

724 2793 900 2882 Nascidio,
930 2790 1035 2865 cuius
1068 2810 1168 2866 mors
1201 2791 1269 2864 fuit
1299 2790 1507 2866 horribilior
1535 2811 1647 2886 quam
1679 2791 1823 2887 Sabelli,
1853 2798 1890 2868 el

722 2910 830 2988 dicit:
856 2918 890 2984 et
912 2913 1053 2984 neruda
1077 2913 1127 2984 nd
1148 2913 1250 2986 adhc
1273 2905 1326 2986 ca'd
1350 2914 1402 2984 ch'
1415 2931 1459 2984 or
1483 2914 1515 2984 si
1536 2931 1671 3004 ccocco,
1691 2912 1794 3008 idest,
1822 2931 1890 2987 no·

723 3052 813 3106 rum
830 3050 947 3127 genus
964 3030 1303 3126 transformationis,
1316 3031 1414 3126 quod
1427 3051 1525 3106 nunc
1538 3031 1717 3108 emittitur
1732 3033 1780 3107 ab
1796 3053 1888 3107 arcu

722 3153 797 3232 oris
823 3152 906 3247 mei,
932 3151 1019 3247 qrria
1044 3153 1081 3226 in
1106 3153 1176 3227 hoc
1191 3151 1324 3248 poterit
1340 3171 1421 3226 esse
1440 3151 1587 3226 auditor
1602 3172 1719 3228 meus.
1733 3191 1784 3208 -··
1800 3157 1889 3226 Tuc-

722 3276 788 3348 cia.
816 3273 882 3347 llic
906 3273 1041 3350 flantes
1066 3273 1218 3368 imponit
1233 3261 1270 3365 (⁸)
1297 3271 1481 3348 silentium
1505 3271 1578 3347 alio
1602 3279 1721 3368 poetoe
1745 3272 1888 3368 maiori,

722 3391 858 3468 scilicet
881 3391 1019 3486 Ouidio,
1045 3398 1083 3466 et
1108 3390 1222 3488 tangit
1253 3391 1346 3466 duas
1373 3392 1711 3468 transformationes
1740 3392 1821 3468 eius
1852 3392 1889 3467 in

722 3532 791 3588 sno
816 3511 956 3586 maiori.
977 3510 1031 3584 hd
1049 3511 1178 3606 primas
1201 3510 1473 3608 intelligentiam
1495 3519 1551 3588 est
1567 3512 1756 3590 sciendum
1778 3513 1890 3608 quod,

722 3631 816 3707 sicut
840 3629 963 3705 scribit
988 3629 1064 3725 ipse
1088 3629 1236 3706 Ovidius
1260 3631 1321 3704 llll
1345 3629 1402 3705 sui
1431 3631 1591 3727 maioris,
1618 3632 1777 3707 &rimus
1801 3651 1890 3707 oon-

723 3750 817 3825 ditor
842 3749 1051 3824 Thebarum
1083 3751 1120 3824 in
1150 3749 1290 3826 Gracia
1318 3756 1400 3846 post
1430 3752 1564 3827 multas
1596 3751 1820 3829 infelicitates
1853 3757 1891 3826 et

724 3871 948 3948 calamitates
983 3891 1080 3966 suas,
1114 3872 1160 3946 de
1189 3870 1324 3965 quihus
1351 3871 1495 3947 dicetur
1525 3873 1633 3968 plene
1665 3873 1760 3949 infra
1792 3871 1892 3966 capi·

724 3994 802 4068 tulo
836 3992 948 4085 llllll,
984 3991 1130 4070 tandem
1167 3991 1302 4066 tractus
1332 3992 1440 4066 tantis
1475 3992 1580 4068 malis
1613 3991 1725 4069 exivit
1758 3992 1890 4066 urhem

724 4111 958 4205 suam,velut
981 4111 1010 4185 si
1035 4111 1182 4186 fortuna
1207 4113 1374 4187 locorum
1393 4132 1466 4186 non
1487 4131 1554 4186 sua
1574 4117 1761 4209 premeret
1785 4131 1890 4206 enm3

724 4239 762 4308 et
785 4231 848 4306 diu
873 4231 1032 4308 errando
1056 4231 1203 4308 undem
1228 4230 1395 4327 pervenit
1412 4230 1449 4305 in
1464 4223 1499 4324 (⁵)
1518 4231 1682 4325 illirium,
1704 4249 1788 4325 qnae
1804 4251 1891 4326 pro-

724 4351 841 4426 vincia
861 4371 961 4425 nuno
976 4350 1108 4426 dicitur
1125 4349 1327 4444 Sclavmia
1349 4369 1435 4424 cum
1454 4349 1793 4426 Hermione'uxore
1809 4370 1889 4445 sua,

724 4471 786 4566 qui
806 4471 886 4565 jam
911 4470 1053 4566 gravati
1077 4467 1240 4544 adversis
1262 4475 1301 4544 et
1316 4469 1430 4564 senio,
1449 4469 1538 4544 dum
1557 4475 1809 4546 rememorant
1833 4469 1891 4543 in-

722 4589 923 4664 fortunium
941 4607 1019 4662 suae
1034 4587 1166 4662 domus
1191 4595 1229 4662 et
1252 4609 1339 4663 suos
1364 4589 1566 4684 praeteritos
1584 4589 1739 4685 labores,
1756 4595 1794 4665 et
1810 4589 1888 4665 ori-

721 4709 844 4807 ginem
871 4707 1080 4783 Thebarum
1106 4707 1301 4803 infelicem,
1317 4707 1367 4785 ita
1387 4709 1583 4805 loquendo,
1602 4710 1761 4786 Cadmus
1778 4708 1889 4807 caepit

784 4934 813 4998 (¹)
829 4939 874 4987 116
890 4949 905 4986 a
921 4935 952 4987 B.
967 4941 994 4987 et
1010 4937 1053 4987 hic
1068 4941 1137 4989 non.
1448 4935 1477 5001 (¹)
1494 4939 1524 4991 Ε.
1541 4945 1638 5003 putor.

784 5013 811 5077 Γ)
829 5017 883 5071 116.
899 5013 1058 5067 miserationi
1072 5015 1187 5080 dignm.
1449 5017 1476 5079 (¹)
1493 5022 1547 5079 116,
1564 5019 1644 5082 ponit.

784 5091 812 5153 (¹)
829 5094 882 5153 116,
898 5091 925 5142 in
939 5090 1068 5146 lllirlcnm
1083 5094 1110 5145 ln
1126 5094 1257 5158 provlrrcia
1273 5105 1331 5158 qun
1348 5107 1418 5146 nnnc
1433 5095 1538 5146 dlcltnr.
