4550 6844
778 971 916 1029 murus
941 969 1169 1026 rnrommus.
1482 959 1553 1028 lla

383 1123 595 1216 molestum,
621 1121 865 1196 cartennae
889 1121 1046 1211 oerepc
1074 1120 1112 1192 lu
1138 1119 1272 1208 meua,
1298 1138 1383 1212 quae
1407 1125 1558 1214 propter

386 1241 588 1319 carentiam
617 1238 785 1315 humoris
816 1238 975 1314 efficitur
1002 1255 1133 1332 aspera
1166 1241 1204 1312 et
1235 1235 1412 1313 scinditur
1440 1238 1478 1312 in
1511 1239 1560 1312 si-

385 1361 510 1456 tiente,
530 1363 694 1453 eraque
718 1362 868 1452 marcia,
886 1357 991 1453 idest,
1006 1358 1144 1432 humor
1161 1363 1369 1452 corruptus,
1391 1359 1560 1453 putridus

386 1483 559 1558 eolleotus
583 1481 620 1555 in
645 1486 786 1574 ventre,
812 1481 872 1553 cle
895 1471 927 1553 sl
951 1480 1128 1571 tusstepu
1151 1479 1179 1550 st
1201 1483 1333 1569 verbe,
1350 1477 1453 1573 idest,
1474 1479 1560 1554 lacit

386 1600 450 1676 tibi
475 1619 612 1696 saepem
636 1600 849 1694 devenire,
874 1601 993 1673 munci
1019 1620 1046 1672 a
1072 1601 1123 1690 yls'
1145 1599 1254 1690 oceli,
1280 1597 1368 1692 quia
1392 1597 1443 1672 ita
1469 1618 1561 1674 ven-

388 1728 445 1798 ter
469 1721 645 1795 intumuit
669 1720 733 1794 tibi
758 1740 805 1796 ex
831 1719 1026 1817 hydropisi,
1053 1718 1152 1814 quod
1177 1719 1273 1794 oculi
1305 1739 1379 1792 non
1409 1727 1561 1814 possunt

388 1842 514 1918 videre
539 1842 633 1916 inira
658 1847 840 1936 ventrem,
856 1841 951 1916 sicut
970 1860 1082 1916 crura
1098 1839 1158 1914 rel
1175 1859 1293 1912 uuum
1309 1840 1495 1934 jacentem
1513 1841 1560 1916 ad

388 1962 500 2058 pedes
525 1967 618 2036 tuos.
629 1999 679 2016 -
691 1963 827 2034 Allora.
847 1960 912 2034 llic
928 1960 1059 2034 ultimo
1074 1965 1185 2034 autor
1201 1958 1358 2034 ostendit
1373 1961 1562 2054 quomodo

388 2081 565 2178 magister
589 2080 704 2156 Adam
730 2080 952 2156 concluserit
976 2079 1013 2153 iu
1038 2081 1106 2154 ista
1137 2079 1210 2174 lite,
1236 2079 1431 2156 ostendens
1462 2080 1561 2176 quod

389 2202 537 2278 solitum
563 2199 819 2294 maliloquium
844 2198 965 2274 adbuc
989 2198 1137 2296 vigebat
1161 2199 1198 2272 in
1223 2218 1280 2294 eo,
1304 2205 1342 2274 et
1366 2200 1466 2295 quod
1486 2200 1563 2295 ipse

386 2342 498 2417 seque
522 2321 618 2397 bene
642 2320 786 2397 sitiebat
810 2326 853 2393 ut
877 2320 965 2415 ipse,
983 2318 1081 2394 unde
1098 2319 1207 2394 dicit:
1224 2322 1469 2412 itmonrtiero,
1492 2321 1563 2396 sci·

390 2440 487 2536 licet,
512 2441 641 2534 Adam,
668 2442 799 2532 ultore,
817 2439 957 2534 supple,
984 2438 1187 2534 respondit:
1214 2441 1251 2513 la
1275 2440 1381 2514 bocca
1407 2447 1466 2514 trra
1490 2433 1562 2515 cue

389 2563 624 2654 sirpuurrr'o,
650 2559 753 2652 idest,
778 2557 971 2633 eliroenate
1002 2558 1168 2654 aperitur
1199 2565 1236 2633 et
1265 2566 1474 2654 exercetur,
1494 2581 1564 2652 per

390 2687 449 2756 tuo
473 2681 558 2770 mot,
584 2677 687 2773 idest,
713 2678 813 2753 malo
837 2683 903 2752 tuo
929 2684 967 2752 et
990 2677 1126 2752 damno
1152 2684 1229 2773 tuo,
1250 2699 1346 2753 come
1364 2683 1471 2772 snob,
1492 2679 1563 2756 sci-

389 2801 485 2894 licet,
511 2798 559 2872 ub
583 2797 746 2892 antiquo,
773 2797 860 2892 quia
885 2797 998 2872 iecisti
1016 2796 1080 2872 tibi
1097 2798 1262 2872 habitum
1284 2799 1321 2872 in
1338 2799 1563 2894 maliloquio,

265 3008 268 3036 Ι
391 2926 429 2996 et
453 2917 614 2994 nescires
639 2915 761 2992 dicere
777 2917 930 3010 bonum,
947 2917 1034 3011 quia
1051 2923 1091 2990 tu
1110 2917 1223 2993 babes
1240 2918 1277 2991 in
1298 2925 1335 2993 te
1355 2919 1444 2993 illud
1463 2918 1565 3013 quod

391 3037 517 3115 obiicis
540 3037 647 3112 alteri
671 3043 710 3112 et
733 3036 850 3132 peius,
876 3036 975 3113 unde
1003 3036 1112 3111 dicit:
1137 3039 1198 3112 clse
1226 3044 1262 3111 tu
1292 3041 1353 3111 lui
1381 3042 1564 3132 farsura,

392 3157 495 3252 idest,
521 3157 663 3232 lebrem
690 3155 895 3250 ardentem,
914 3158 948 3229 el
961 3175 1051 3249 capo
1067 3158 1127 3229 cloe
1147 3159 1174 3230 ti
1192 3158 1314 3250 doole;
1333 3177 1419 3232 nam
1445 3178 1563 3232 unum

392 3279 560 3374 sequitur
583 3276 631 3352 ad
655 3277 767 3371 aliud,
791 3279 855 3350 s't’
868 3269 891 3350 ὸ
915 3284 996 3369 sete,
1027 3276 1126 3371 quod
1161 3297 1235 3353 non
1269 3297 1376 3376 nego,
1402 3286 1436 3352 et
1462 3300 1566 3353 umor

392 3401 442 3472 nsi
464 3399 653 3492 rtnsurcs'a,
671 3395 773 3492 idest,
792 3403 829 3471 et
854 3396 883 3471 si
908 3398 1045 3471 bumor
1064 3397 1292 3492 putrefactus
1309 3400 1426 3493 replet
1447 3406 1485 3475 et
1508 3399 1567 3474 iu-

392 3518 455 3593 llat
480 3517 570 3590 mibi
595 3522 781 3611 ventrem3
808 3521 845 3590 et
871 3516 968 3590 ultra
997 3517 1068 3592 boc
1099 3535 1172 3590 non
1207 3537 1249 3592 es
1279 3517 1358 3594 sine
1391 3519 1449 3592 siti
1482 3539 1566 3614 quae

392 3637 505 3712 etiam
530 3635 699 3730 sequitur
722 3635 769 3711 ad
795 3635 956 3730 lebrem3
974 3636 1072 3712 unde
1097 3637 1203 3712 dicit:
1229 3659 1248 3712 e
1271 3657 1344 3712 non
1369 3643 1567 3715 eorrectio

391 3759 522 3830 invitm
546 3759 648 3830 nolte
669 3759 809 3850 parole,
835 3756 940 3851 quasi
964 3756 1081 3831 dicat:
1099 3763 1138 3831 et
1154 3778 1227 3832 non
1248 3758 1388 3835 laceres
1405 3761 1512 3835 nimis
1531 3768 1568 3838 te

393 3875 517 3972 rogari
537 3881 574 3949 et
590 3875 748 3969 invitari,
762 3896 828 3968 per
849 3878 964 3948 Ieccur
982 3878 1017 3948 lo
1031 3877 1188 3966 operette
1204 3879 1243 3948 di
1262 3881 1444 3970 Narcisso,
1463 3879 1566 3976 idest,

393 4012 507 4068 causa
532 3993 677 4068 bibendi
702 3993 749 4066 ad
775 4011 892 4066 unum
919 3991 1157 4087 purissimum
1183 3992 1334 4088 iontem,
1356 3998 1474 4090 qualis
1498 3999 1569 4073 luit

394 4111 547 4206 illeque
566 4111 739 4186 Nareisus
764 4110 1024 4206 speculabatur
1040 4131 1092 4205 se,
1110 4113 1259 4206 quando
1284 4121 1413 4210 captus
1436 4139 1568 4196 amore

394 4251 473 4306 sum
497 4229 656 4326 propriae
681 4230 810 4305 lormae
834 4249 1035 4305 conversus
1051 4235 1106 4306 est
1130 4230 1167 4305 in
1192 4231 1334 4329 liorem,
1351 4234 1446 4310 sicut
1468 4238 1569 4314 dice-

396 4358 458 4426 tur
491 4351 599 4446 plene
631 4349 683 4428 ΙΙΙ,
710 4350 870 4446 capitulo
901 4349 1073 4424 Paradisi.
1087 4353 1208 4426 -Ad
1238 4356 1429 4429 usooltcrlt.
1463 4357 1569 4433 Nunc

395 4471 528 4547 ultimo
551 4479 662 4546 autur
695 4470 876 4566 descripta
908 4475 985 4545 tam
1019 4469 1255 4548 artificialiter
1270 4466 1308 4566 (⁴)
1338 4475 1571 4553 contentione

396 4596 472 4664 tam
492 4591 632 4687 jomsa,
657 4590 830 4668 describit
854 4591 964 4688 digne
988 4590 1276 4686 increpationem
1309 4615 1421 4690 quam
1448 4596 1571 4694 Virgi-

396 4708 467 4784 lius
491 4710 576 4786 lecit
600 4710 679 4806 sibi,
705 4711 792 4806 quia
817 4711 1064 4786 occultaverat
1089 4716 1164 4785 tam
1190 4719 1329 4790 attente
1354 4714 1455 4792 litem
1481 4716 1570 4792 isto-

398 4847 502 4922 rum3
527 4829 627 4905 unde
651 4829 760 4905 dicit:
786 4833 823 4905 to
848 4851 914 4904 era
937 4831 996 4904 del
1019 4837 1102 4904 tutto
1124 4833 1224 4923 fisso,
1241 4831 1343 4926 idest,
1369 4826 1567 4930 omnino(¹)

459 5089 486 5152 ι’)
502 5089 534 5142 tt
550 5090 687 5144 emacuit
1004 5088 1034 5155 (¹)
1048 5091 1079 5142 m
1095 5090 1182 5141 mano
1197 5093 1320 5143 surmus

532 5197 563 5244 n.
1407 5203 1435 5244 rs
