4566 6844
711 974 849 1034 murus
872 974 1088 1034 mmmmm
1110 973 1307 1031 mutunus.
1519 961 1593 1032 sor

421 1125 506 1198 cet:
530 1118 600 1200 nisi
623 1118 719 1199 iorle
744 1119 846 1198 veu'o
867 1119 917 1200 ud
940 1119 1146 1200 uddeudom
1171 1139 1317 1216 mum
1343 1119 1430 1196 buio
1453 1116 1596 1217 gravis

424 1240 528 1316 dmm
543 1260 676 1337 poeuae,
693 1261 807 1336 quum
827 1247 1016 1318 merentur
1037 1247 1145 1338 porto
1168 1259 1237 1336 pro
1256 1239 1462 1337 proditioue
1478 1257 1594 1334 quum

422 1359 494 1438 ieri
517 1359 565 1436 ud
588 1361 749 1436 boumn
773 1363 965 1458 Apertum,
980 1359 1046 1435 ubi
1065 1359 1135 1436 luit
1150 1365 1252 1445 leuto
1276 1359 1395 1436 cedes
1419 1379 1593 1435 meorum

423 1479 575 1576 uirium,
589 1480 690 1574 quod
707 1501 807 1576 uque
832 1481 992 1556 llumluis
1016 1479 1129 1556 Albio
1142 1473 1180 1574 (¹)
1206 1481 1371 1558 ooloratu
1393 1486 1449 1556 est
1475 1478 1593 1554 ruboo

424 1619 473 1678 ex
497 1599 684 1698 sauguinis
706 1600 896 1678 offusione.
922 1601 1008 1676 ldoo
1039 1601 1071 1676 si
1101 1600 1205 1676 veuis
1232 1600 1280 1676 od
1311 1597 1591 1696 percutiendum

424 1740 488 1796 me
510 1720 607 1796 dcto
627 1720 678 1796 de
699 1741 814 1796 musa
837 1721 1037 1818 bobesjus,
1054 1719 1120 1796 sod
1143 1719 1174 1794 si
1197 1739 1272 1796 nou
1297 1719 1428 1795 venisti
1442 1725 1594 1815 pmpter

424 1841 509 1935 boo,
518 1833 650 1933 percit
670 1842 721 1916 toi
744 1842 969 1916 molerlel—
982 1842 1086 1914 litio.
1107 1838 1173 1914 llio
1188 1845 1300 1914 uutor
1324 1838 1482 1914 ostendit
1498 1857 1594 1932 quo-

425 1959 537 2036 modo
553 1959 631 2055 ipse
650 1959 768 2037 luctus
783 1959 912 2036 uvidus
935 1957 1072 2035 soieudi
1089 1958 1270 2054 uulnerat
1294 1958 1362 2033 iste
1387 1957 1451 2053 qui
1475 1957 1594 2032 uomi-

426 2082 579 2156 mverut
603 2078 763 2154 llootom
788 2077 979 2173 Apertum,
996 2077 1140 2174 rogarit
1158 2076 1350 2174 Virgilium
1376 2083 1418 2150 ut
1441 2079 1595 2174 permit-

426 2204 522 2276 teret
546 2197 612 2274 sibi
638 2216 809 2292 querere
824 2196 871 2272 de
888 2197 966 2272 isto.
986 2197 1088 2274 Unde
1104 2197 1209 2272 dicit:
1228 2203 1274 2271 ot
1290 2201 1340 2290 to,
1357 2197 1485 2292 supple
1500 2196 1594 2271 dixi:

425 2323 625 2392 oomorlro
650 2317 734 2407 mio,
757 2315 863 2410 idest,
887 2335 911 2390 o
942 2315 1081 2413 Virgili,
1111 2337 1156 2390 or
1180 2319 1244 2409 pot
1271 2316 1475 2410 m'ospettu,
1507 2315 1595 2410 quia

425 2436 597 2534 Virgilius
625 2434 835 2531 procedens
859 2435 1034 2512 couduuo
1064 2435 1162 2530 ibot;
1191 2441 1231 2512 et
1259 2455 1347 2512 eooe
1375 2427 1595 2529 oausamsi

422 2559 525 2630 wolt'io
548 2575 629 2628 esoo
653 2557 688 2630 o'
700 2575 749 2628 rot
772 2555 898 2628 dubito
916 2576 987 2648 per
1009 2558 1132 2648 rostri,
1153 2556 1330 2650 quidiste
1345 2561 1474 2652 sponte
1491 2553 1595 2630 dire·

425 2681 484 2751 rat
508 2695 549 2751 se
574 2694 680 2750 reum
707 2673 818 2750 cludis
841 2673 949 2750 laotae
964 2673 1012 2750 ud
1036 2676 1197 2750 bloutem
1214 2674 1414 2772 Apertum3
1430 2685 1469 2752 et
1484 2673 1593 2750 dicit:

419 2799 485 2890 poi
507 2799 557 2870 pti
583 2798 697 2890 (oroi,
722 2801 943 2888 poenosque
967 2800 1106 2887 oorrot,
1128 2799 1249 2891 trullo,
1274 2795 1421 2890 seilicet,
1448 2795 1486 2868 in
1516 2793 1595 2868 aliis

424 2914 671 3012 proditoribus
700 2913 873 2991 videndis.
898 2915 943 2988 lit
971 2914 1094 2990 subdit
1122 2915 1310 3010 quomodo
1336 2915 1385 2990 de
1411 2932 1593 2989 consensu

425 3035 563 3133 Virgilii
588 3035 665 3131 ipse
689 3035 929 3132 interrogavit
948 3035 1064 3130 illum,
1082 3034 1180 3110 uude
1203 3034 1308 3110 dicit:
1327 3037 1364 3109 to
1380 3037 1472 3110 duoo
1487 3039 1594 3126 sede,

426 3154 529 3249 idest,
554 3152 726 3250 Virgilius
751 3152 910 3228 firmavit
935 3173 986 3248 se,
1011 3159 1054 3228 ut
1079 3173 1224 3249 possem
1248 3154 1423 3230 attentius
1446 3154 1596 3230 iuvesti-

425 3292 517 3370 gure
540 3271 587 3348 de
612 3272 692 3366 isto,
715 3279 751 3346 et
770 3275 807 3347 io
827 3273 913 3346 dimi
929 3293 954 3344 a
969 3275 1073 3364 robii,
1089 3273 1226 3349 scilicet
1250 3274 1415 3369 Boocbae,
1435 3275 1495 3348 cte
1518 3275 1596 3348 bio-

425 3397 582 3466 stemooo
605 3393 810 3466 dmomoole
834 3413 994 3466 aurora:
1023 3395 1116 3482 Quot
1146 3395 1194 3467 sd
1206 3401 1247 3466 tu
1266 3395 1330 3468 ote
1354 3385 1385 3468 si
1407 3395 1599 3487 rompopoi

425 3513 558 3586 autur
575 3551 625 3566 -
642 3515 694 3586 Or
718 3518 765 3586 tu.
790 3511 858 3587 Hic
880 3517 991 3587 autor
1016 3510 1116 3608 pouit
1142 3512 1419 3608 responsionem
1442 3513 1596 3588 Booobm

426 3630 491 3726 qui
515 3650 589 3706 uou
615 3630 811 3728 respondet
834 3630 881 3707 ed
905 3630 1118 3726 petitionem
1143 3629 1294 3725 autoris,
1312 3631 1377 3707 sed
1400 3637 1595 3727 tamquam

425 3749 542 3826 iratus
559 3750 784 3847 improperat
800 3750 923 3826 autori
941 3751 1208 3847 temeritatem
1227 3752 1326 3827 uude
1349 3751 1435 3828 dicit
1461 3757 1597 3826 autor:

425 3876 465 3947 et
494 3870 554 3944 iile
579 3871 709 3963 bocca,
734 3873 889 3960 n'sposm
922 3873 976 3942 Or
1005 3876 1041 3944 tte
1071 3872 1126 3943 odi
1151 3874 1212 3961 sd,
1238 3873 1298 3944 cbo
1326 3875 1387 3944 oui
1403 3891 1474 3963 per
1498 3874 1597 3946 tlu-

426 3995 561 4062 terroru
587 3987 642 4062 ld
668 3987 767 4081 quod
790 3987 994 4062 uotuudum
1020 3987 1119 4082 quod
1144 3988 1305 4064 secunde
1329 4009 1414 4085 pars
1440 3991 1517 4066 sive
1534 4011 1597 4066 re.-

425 4107 488 4204 gio
512 4106 616 4182 istius
645 4107 748 4182 lacus
779 4107 890 4204 geluti
920 4113 1075 4182 vooetur
1105 4106 1351 4204 rlotbeuoreu,
1381 4111 1430 4186 ub
1462 4111 1599 4188 buthe-

426 4247 519 4302 uore
544 4226 699 4322 troiano,
725 4227 789 4322 qui
819 4225 977 4323 prodidit
1006 4225 1268 4318 nobilissimam
1299 4229 1457 4326 petriam
1484 4253 1597 4308 suum

427 4344 591 4422 hostibus
616 4345 886 4440 crudelissimis,
912 4345 976 4442 qui
1001 4346 1099 4424 illum
1130 4345 1230 4423 lerro
1260 4353 1297 4424 et
1328 4349 1413 4444 igue
1434 4349 1600 4425 luuditus

426 4469 654 4561 everterunt,
679 4463 766 4540 viris
791 4465 990 4562 trucidetis,
1017 4465 1246 4562 mulieribus,
1272 4468 1398 4563 pueris
1419 4477 1464 4545 et
1490 4470 1601 4546 turba

428 4585 564 4662 imbelli
578 4577 615 4680 (¹)
643 4586 680 4660 iu
709 4585 887 4662 servitute
910 4585 1094 4682 udduetlg
1120 4607 1169 4662 ox
1198 4608 1274 4683 quo
1306 4589 1406 4665 uutio
1437 4589 1600 4666 bolono-

428 4727 514 4780 rum
539 4707 701 4803 dispersu
726 4713 781 4782 est
804 4725 872 4802 per
896 4706 1092 4800 muudum,
1109 4713 1147 4782 et
1170 4707 1267 4782 luctu
1292 4718 1349 4786 est
1365 4708 1489 4786 lobula
1508 4731 1599 4808 poe·

427 4830 552 4898 turum
576 4845 798 4922 graeoorum.
823 4825 878 4902 lu
903 4827 1130 4923 propositum
1156 4845 1247 4923 ergo
1272 4828 1309 4902 iu
1332 4829 1400 4904 istu
1417 4836 1522 4925 purte
1537 4851 1597 4906 se·

501 5009 507 5036 l

489 5011 518 5148 {¹}
533 5009 703 5138 {ulmum
710 5086 862 5140 arduum
870 5085 1306 5140 dmum-ltmbebtmouu
1314 5089 1597 5156 odduxmutexquo.
