4606 6840
705 995 843 1054 murm
866 997 1058 1055 rmnsruus
1081 999 1247 1066 nunnus.
1495 987 1567 1058 att

394 1163 493 1220 eam.
521 1142 612 1219 Dicit
635 1161 745 1241 ergo:
762 1148 798 1218 iu
813 1163 885 1218 nou
909 1148 936 1218 ti
958 1162 1139 1237 mnuseeu,
1157 1146 1255 1240 quia,
1272 1151 1315 1219 ut
1339 1146 1479 1222 dietum
1497 1155 1563 1244 est,

396 1265 534 1342 vadunt
557 1263 604 1338 de
630 1269 746 1356 noete,
773 1269 809 1338 et
834 1263 1082 1362 transfigurati
1114 1272 1156 1338 ut
1182 1285 1255 1339 nun
1280 1272 1560 1364 cognoscantur,

395 1405 455 1460 mu
483 1388 516 1458 et
542 1391 700 1476 nequem,
731 1383 834 1479 idest,
863 1392 988 1479 postea
1012 1385 1152 1480 accidit,
1178 1405 1273 1458 eume
1296 1390 1375 1460 utol
1396 1391 1565 1481 suuntur,

395 1507 497 1600 idest,
522 1505 615 1580 sicut
639 1505 834 1598 aliquando
859 1507 952 1580 solet
975 1505 1153 1600 accidere,
1166 1527 1234 1598 per
1250 1509 1354 1580 ulma
1375 1527 1471 1599 uaso,
1490 1529 1563 1583 nun

395 1626 479 1701 data
504 1644 628 1719 opera,
653 1625 717 1698 sed
741 1625 907 1719 lurtuitu,
932 1628 992 1698 cte
1016 1629 1039 1698 l'
1052 1647 1099 1698 un
1125 1635 1318 1700 eunueutte
1342 1647 1489 1702 uenture
1507 1633 1564 1702 ut-

395 1750 528 1837 t’ultru,
541 1745 642 1838 idest,
656 1744 853 1838 quemdam
871 1745 985 1819 alium
1003 1747 1049 1821 ab
1067 1747 1143 1820 istis
1160 1747 1286 1842 tribus,
1305 1755 1343 1822 et
1358 1747 1440 1823 ideo
1454 1769 1565 1845 opor·

310 1849 314 1856 ⁶
396 1869 465 1942 tuit
490 1867 691 1960 nominare,
710 1867 796 1960 quia
821 1866 1011 1942 deficiebat
1037 1887 1210 1961 numer0;
1231 1875 1337 1942 erant
1354 1870 1451 1943 enim
1470 1869 1565 1944 iuter

396 2007 525 2063 omnes
549 1986 712 2080 quinque
736 1985 784 2061 de
807 1987 923 2080 patria
953 2007 1033 2081 sua,
1063 1997 1101 2064 et
1131 1994 1205 2062 tres
1235 1987 1344 2062 simul
1374 1997 1563 2084 venerant,

396 2115 434 2184 et
457 2106 517 2181 alii
540 2106 616 2180 duo
641 2106 837 2200 restabant,
864 2126 1025 2199 quorum
1048 2127 1143 2180 unus
1163 2114 1243 2182 erat
1260 2108 1376 2182 iactus
1401 2129 1562 2205 serpens,

396 2234 433 2304 et
466 2233 704 2320 remanserat,
733 2225 780 2300 de
808 2245 884 2320 quo
917 2245 1014 2300 unus
1043 2227 1156 2301 trium
1189 2229 1289 2323 prior
1320 2230 1476 2323 petebat,
1506 2232 1562 2302 di-

396 2349 516 2440 cauo,
542 2346 677 2420 scilieet
701 2346 845 2420 duutus
868 2347 1077 2441 molismis,
1098 2351 1186 2421 done
1198 2351 1249 2441 fia
1269 2351 1404 2422 rimmo
1424 2353 1562 2444 diuusu

397 2472 467 2542 lstu
492 2474 646 2562 quartus
672 2465 792 2541 socius
817 2473 897 2541 erat
921 2467 968 2541 de
993 2467 1151 2561 Donatis,
1170 2467 1275 2561 quasi
1300 2467 1396 2542 dicat
1420 2469 1479 2544 ille
1500 2490 1564 2564 pe-

399 2595 493 2664 tens:
520 2585 608 2679 quid
633 2586 770 2660 iactum
797 2592 852 2659 est
876 2586 922 2660 de
947 2573 1099 2662 Cianla‘l
1124 2587 1248 2662 ivisset
1276 2607 1324 2664 ne
1347 2588 1395 2662 ad
1423 2587 1564 2662 lurtum

399 2705 633 2783 laciendum?
658 2703 769 2779 credo
795 2705 894 2799 quud
919 2707 987 2800 sie;
1005 2713 1043 2781 et
1059 2708 1180 2782 statim
1207 2707 1344 2783 videbis
1365 2708 1464 2802 quud
1489 2710 1566 2804 ipse

398 2827 505 2904 saciet
528 2826 643 2900 alium
667 2833 886 2920 serpentem.
913 2827 990 2902 lluc
1013 2834 1140 2904 autem
1167 2828 1303 2925 figurat
1325 2829 1424 2924 quud
1449 2849 1568 2923 quan-

399 2956 642 3041 tumcumque
666 2947 846 3022 subtiliter
871 2954 909 3021 et
933 2948 1076 3022 ouculte
1101 2955 1210 3045 agant
1243 2949 1340 3023 lurta
1366 2969 1443 3044 sua,
1470 2969 1567 3044 saepe

399 3089 495 3143 unus
519 3068 655 3163 detegit
678 3068 805 3160 alium,
831 3069 941 3142 etiam
968 3068 1115 3163 quando
1140 3088 1214 3142 nun
1231 3069 1419 3163 perpendit
1436 3075 1473 3144 et
1490 3089 1563 3144 non

398 3191 485 3264 vult.
512 3189 555 3262 Et
581 3188 701 3262 subdit
727 3188 913 3281 quomedo
937 3188 1169 3282 apparaverit
1194 3207 1234 3262 se
1259 3187 1304 3262 ad
1330 3188 1565 3263 consideran-

397 3311 486 3385 dum
513 3310 611 3402 istus,
643 3316 681 3381 et
707 3308 901 3383 reddiderit
914 3301 951 3400 (⁴)
978 3308 1171 3405 Virgilium
1195 3314 1377 3384 attentum
1409 3308 1456 3383 ad
1481 3327 1563 3403 spe-

259 3509 271 3524 κ
399 3428 618 3506 culatienem
645 3449 751 3502 suam
773 3428 955 3521 subtilem,
983 3428 1081 3502 unde
1105 3428 1210 3505 dicit:
1227 3431 1393 3521 perct'iu
1416 3431 1465 3502 uri
1486 3433 1566 3522 posi

396 3555 424 3624 il
446 3553 518 3623 dito
541 3570 583 3621 su
607 3551 671 3622 dul
694 3556 806 3622 uuutu
830 3543 870 3621 ut
892 3569 1004 3642 uus05
1021 3549 1091 3623 huc
1110 3549 1257 3646 signum
1274 3550 1366 3624 solet
1384 3550 1496 3626 humo
1511 3549 1529 3622 l
1547 3589 1566 3604 -

397 3691 494 3763 rere,
530 3668 676 3762 quaudo
710 3668 789 3741 vult
819 3667 956 3763 aliquid
989 3675 1129 3743 attente
1161 3675 1302 3762 notare,
1332 3661 1430 3742 uueid
1461 3672 1522 3741 ete
1542 3672 1568 3742 ’l

398 3795 488 3866 meu
511 3796 615 3862 siesse
639 3795 780 3879 manu,
804 3787 852 3862 ad
877 3809 1011 3863 noram
1038 3788 1220 3864 lictiunem
1240 3809 1353 3884 quam
1371 3789 1493 3864 iacere
1509 3789 1566 3862 in-

399 3911 604 3986 tendebam.
631 3907 700 3983 Sed
728 3914 768 3983 tu
794 3908 910 3984 diues:
936 3909 1123 4004 quomodo
1141 3916 1177 3983 et
1220 3930 1312 3985 uare
1328 3911 1462 3986 Dantes
1481 3911 1567 3986 iacit

399 4031 588 4128 Virgilium
613 4035 809 4122 attentum,
831 4049 916 4104 eum
942 4029 1062 4124 potius
1087 4031 1203 4104 soleat
1250 4036 1264 4102 t
1289 4029 1420 4104 debeat
1444 4031 1567 4106 iacere

399 4151 634 4246 oppositum?
658 4149 859 4224 Dicendum
891 4149 1052 4224 breviter
1083 4149 1182 4243 quod
1211 4155 1321 4222 autor
1351 4149 1458 4223 tacite
1487 4150 1567 4223 vult

398 4270 521 4345 dicere
544 4269 711 4366 Virgilio:
738 4269 884 4346 attende
901 4269 930 4343 si
949 4276 988 4343 tu
1007 4289 1173 4363 unquam
1191 4268 1303 4344 iecisti
1321 4271 1431 4343 talem
1450 4269 1566 4344 liutiu-

399 4409 504 4483 nem;
529 4395 567 4463 et
592 4389 642 4462 sic
667 4388 750 4463 ride
775 4389 932 4483 qualiter
956 4390 1090 4465 Dantes
1114 4389 1302 4465 devenerit
1331 4389 1367 4461 in
1388 4389 1566 4485 cognitio-

398 4529 483 4586 nem
510 4509 676 4604 istorum,
703 4530 796 4603 quus
821 4509 923 4604 prius
947 4531 1021 4584 nun
1038 4509 1293 4606 cognoscebat,
1320 4508 1405 4602 qula
1430 4508 1566 4583 scilieet

398 4632 549 4708 audiens
573 4633 756 4709 nominari
781 4633 943 4708 Gianiam
960 4625 1009 4729 (²),
1036 4633 1212 4708 intellexit
1240 4633 1343 4728 *quud
1373 4633 1429 4708 isti
1461 4641 1568 4709 erant

398 4753 452 4826 sui
479 4753 670 4847 llnrentini,
697 4753 779 4828 ideo
795 4753 846 4828 ita
863 4773 903 4828 se
920 4753 1080 4828 firmavit
1095 4753 1141 4827 ad
1160 4753 1426 4848 respiciendum
1447 4761 1567 4830 tram-

398 4871 635 4947 iormationes
678 4893 821 4947 eorum.
857 4873 900 4946 Et
932 4873 1013 4948 ideo
1038 4872 1134 4947 iacto
1163 4873 1311 4968 Virgilio
1343 4879 1482 4949 attento
1513 4875 1570 4950 la-

461 5124 493 5192 (¹)
508 5127 535 5182 S·
550 5128 670 5182 nullm.
1010 5125 1039 5188 (¹)
1055 5130 1109 5187 1¹⁸.
1125 5123 1286 5190 timebun.
