4534 6842
678 921 747 990 tlt
1073 933 1276 990 conburunt
1300 933 1452 986 rnrenru

675 1098 787 1168 mam,
806 1078 904 1154 unde
927 1078 1033 1153 dicit:
1061 1082 1095 1152 lo
1118 1086 1302 1172 spaeram,
1318 1077 1454 1152 scilicet
1472 1075 1716 1152 novarriensis
1733 1075 1842 1150 terri-

676 1209 735 1274 tus
767 1199 957 1294 praeteritis
986 1199 1087 1274 sactis
1121 1206 1158 1274 et
1192 1199 1429 1294 praesentibus
1468 1195 1588 1292 signis,
1627 1189 1843 1288 monuo,

677 1319 814 1413 supple,
828 1318 960 1412 dicere,
975 1339 1155 1413 oppresso,
1171 1319 1270 1412 idest,
1288 1316 1504 1392 continuans
1520 1308 1556 1408 (¹)
1575 1336 1616 1391 se
1631 1316 1677 1392 ad
1693 1317 1771 1411 jam
1790 1316 1845 1390 di-

677 1446 755 1514 cta:
781 1442 815 1512 io
844 1460 887 1512 oe
912 1432 998 1532 sord
1023 1443 1140 1512 cende
1163 1461 1200 1512 se
1232 1442 1289 1511 voi
1319 1441 1424 1512 colete
1455 1440 1578 1510 vedere
1608 1458 1632 1511 o
1662 1440 1762 1512 outre
1795 1445 1846 1512 to-

679 1562 751 1632 sctl
773 1580 796 1631 o
821 1559 1010 1632 leodardi:
1027 1559 1090 1651 qui
1115 1559 1210 1632 inter
1229 1557 1319 1632 alios
1345 1557 1482 1631 italicos
1499 1557 1594 1632 bene
1611 1566 1794 1632 noverunt
1808 1547 1845 1646 (²)

680 1679 861 1752 baratare.
887 1677 973 1750 Vult
997 1677 1119 1752 dicere
1144 1677 1349 1772 Ciampolus
1375 1675 1522 1773 Virgilio
1557 1683 1594 1752 et
1624 1675 1751 1750 Danti:
1778 1695 1848 1771 ego

681 1799 747 1874 ieci
774 1797 876 1872 vobis
901 1817 1110 1872 sermonem
1128 1799 1174 1873 de
1198 1797 1343 1873 duobus
1367 1797 1472 1872 sociis
1498 1795 1612 1872 sardis
1636 1794 1848 1891 propinquis

681 1919 808 2012 ltaliae,
834 1918 897 1992 sod
923 1919 952 1992 si
978 1938 1043 1992 vos
1078 1919 1216 1994 velletis
1242 1917 1366 1992 videre
1395 1917 1633 2012 personaliter
1658 1926 1696 1993 et
1720 1916 1849 1991 audire

681 2040 822 2134 aliquos
855 2038 901 2112 de
930 2038 1012 2113 sinu
1036 2039 1158 2132 italice,
1184 2039 1247 2132 qui
1279 2037 1373 2112 torte
1398 2038 1531 2114 scirent
1565 2036 1654 2110 dare
1678 2055 1846 2110 scaccum

681 2157 859 2254 praedictis
876 2157 1032 2254 duobus,
1047 2158 1152 2233 multi
1170 2165 1256 2232 sunt
1280 2158 1350 2232 sub
1374 2157 1453 2251 pice
1479 2157 1543 2249 qni
1567 2156 1722 2230 libenter
1747 2155 1850 2230 veni-

682 2285 775 2370 rent,
807 2277 836 2350 si
853 2287 987 2364 ‚essem
1012 2278 1132 2352 securi
1162 2299 1185 2352 a
1216 2277 1385 2352 manibus
1414 2276 1579 2354 istorum.
1618 2275 1662 2348 Et
1698 2275 1850 2350 adverte

681 2397 779 2492 quod
797 2403 966 2471 notanter
990 2396 1080 2470 dixit
1104 2397 1150 2472 dc
1175 2397 1287 2472 tuscis
1312 2401 1348 2470 et
1373 2395 1582 2489 lombardis,
1608 2395 1695 2488 quia
1716 2395 1850 2470 Dentes

681 2518 747 2590 luit
780 2523 905 2590 tuscus
936 2521 973 2591 et
997 2516 1166 2612 Virgilius
1191 2515 1422 2608 lombardus,
1448 2514 1552 2608 quasi
1579 2514 1705 2588 volens
1729 2511 1852 2588 dicere

685 2638 811 2712 tacite:
838 2637 896 2710 hic
927 2643 1012 2708 sunt
1036 2636 1147 2710 etiam
1174 2635 1279 2710 multi
1303 2634 1350 2709 de
1378 2634 1609 2728 vestratibus,
1635 2634 1665 2707 si
1690 2653 1756 2708 vos
1781 2653 1853 2706 non

687 2756 800 2854 pudet
815 2746 852 2848 (³)
870 2754 995 2830 videre
1019 2761 1057 2829 et
1080 2754 1210 2830 audire
1226 2775 1290 2830 cos
1314 2753 1352 2828 in
1367 2753 1444 2828 ista
1466 2753 1631 2828 infamia:
1657 2759 1696 2828 et
1720 2752 1851 2850 repetit
1967 2837 1971 2844 ¹

686 2876 784 2970 qnod
816 2881 926 2970 optat,
958 2874 1557 2965 dicens:molemo1etronote,
1588 2873 1690 2966 idest,
1722 2891 1855 2946 manns

687 3001 860 3092 unguatae
888 2999 926 3068 et
958 2993 1097 3068 uncinis
1126 3002 1280 3070 armate
1310 2995 1478 3088 istorum,
1504 2996 1597 3068 sticn
1629 3014 1676 3066 un
1702 3013 1794 3086 poco
1818 2995 1855 3090 ip

685 3136 794 3206 cesso,
814 3113 917 3207 idest,
941 3113 978 3186 in
1008 3113 1143 3208 quiete,
1169 3114 1273 3208 qnasi
1302 3113 1408 3207 dicat,
1440 3113 1573 3188 iaciant
1606 3113 1709 3187 nobis
1738 3110 1856 3186 modi-

686 3255 773 3310 cum
805 3233 1052 3326 credentiam,
1083 3227 1114 3308 si
1142 3238 1193 3308 ct’
1206 3239 1250 3326 ci,
1282 3233 1384 3328 idest,
1416 3233 1628 3307 intantum
1660 3230 1759 3326 quod
1792 3229 1857 3324 ipsi

687 3354 782 3428 tusci
807 3359 844 3428 et
868 3352 1046 3428 lombardi
1073 3355 1231 3450 venturi,
1253 3376 1325 3428 uon
1349 3362 1465 3428 moon
1489 3355 1532 3426 de
1557 3355 1588 3424 te
1612 3355 1668 3428 lor
1694 3353 1858 3440 veodettc,

688 3473 792 3568 quasi
809 3473 914 3566 dicat,
933 3493 1005 3547 non
1032 3479 1236 3548 tractentur
1254 3474 1347 3550 sicut
1364 3493 1434 3568 ego
1453 3473 1549 3546 male
1568 3477 1745 3548 tractatus
1762 3488 1857 3562 sum,

689 3593 776 3686 quia
808 3612 905 3666 unus
934 3593 1141 3667 baratarius
1172 3593 1275 3688 punit
1298 3593 1424 3684 alium,
1454 3599 1487 3666 et
1509 3595 1544 3664 io
1575 3612 1619 3664 oe
1640 3581 1727 3684 sord
1758 3591 1857 3662 vent

689 3719 769 3784 sette
780 3732 848 3808 per
863 3731 912 3784 uc
928 3714 1021 3784 cb'io
1037 3732 1123 3806 son‚·
1149 3712 1228 3786 vult
1252 3711 1375 3786 dicere
1392 3711 1510 3803 tacite,
1528 3731 1596 3806 pro
1614 3730 1689 3784 uno
1709 3707 1861 3804 hispano

690 3831 877 3907 baratario
901 3838 987 3906 sunt
1011 3839 1150 3926 septem
1178 3831 1270 3906 tusci
1295 3837 1332 3908 et
1357 3831 1548 3925 lombardi,
1575 3837 1612 3906 et
1637 3830 1685 3908 ita
1709 3830 1757 3906 dc
1781 3829 1861 3904 aliis

691 3952 831 4048 italicis;
845 3959 882 4026 et
906 3951 1014 4028 dicit:
1040 3955 1215 4044 scopendo
1239 3956 1275 4026 iu
1301 3959 1418 4044 questo
1443 3955 1519 4026 loco
1543 3959 1662 4026 stesso.
1681 3949 1773 4025 nudi
1795 3949 1861 4024 tal·

691 4073 846 4166 sitatem,
876 4073 980 4166 qnasi
1014 4072 1132 4147 dicat:
1165 4074 1251 4148 nolo
1280 4072 1424 4169 fugere,
1453 4091 1539 4166 non,
1571 4071 1658 4164 quia
1688 4069 1861 4164 superins

692 4213 788 4268 unus
806 4193 921 4270 voluit
945 4211 1078 4287 capere
1103 4194 1222 4288 ipsum
1248 4212 1315 4287 per
1340 4212 1463 4286 crura,
1482 4199 1519 4266 et
1538 4190 1696 4266 deiicere
1720 4189 1767 4264 ad
1785 4196 1863 4264 ter-

692 4336 791 4409 ram3
809 4313 890 4388 ideo
906 4312 992 4386 dicit
1009 4333 1107 4387 nunc
1132 4313 1231 4406 quod
1252 4314 1330 4388 vult
1354 4332 1492 4408 ponere
1509 4333 1550 4388 se
1573 4311 1620 4386 ad
1646 4309 1861 4402 sedendum,

692 4441 730 4510 et
754 4433 856 4508 dicit:
884 4434 1026 4523 quoodo
1049 4424 1216 4526 susolerd,
1242 4431 1343 4526 idest,
1369 4431 1517 4525 quando
1541 4430 1704 4524 sibilabo,
1730 4422 1865 4504 com'de

692 4561 814 4628 nostro
837 4573 901 4626 uso
925 4555 963 4626 di
983 4556 1060 4646 sur,
1081 4551 1182 4646 idest,
1208 4552 1303 4626 sicut
1328 4551 1489 4628 solemus
1515 4551 1671 4646 sibilare,
1698 4554 1779 4624 olor
1804 4553 1864 4626 cte

692 4677 795 4746 abun
818 4695 856 4746 se
880 4679 976 4746 mette
997 4674 1109 4765 fuori,
1134 4671 1238 4766 idest,
1265 4671 1412 4765 quando
1437 4671 1569 4766 aliquis
1593 4671 1782 4770 egreditur
1807 4671 1864 4766 pi·

694 4814 787 4869 cem.
805 4793 881 4868 Hoc
905 4791 1001 4885 dicit,
1019 4791 1107 4885 quia
1131 4791 1304 4868 baratarii
1321 4791 1456 4866 babent
1481 4790 1576 4869 inter
1600 4811 1641 4867 se
1660 4811 1728 4865 sua
1745 4791 1860 4886 signa

1757 4957 1862 4966 ι-ι--

760 5051 787 5114 (¹)
803 5051 835 5103 Ε.
851 5053 1002 5104 continuent
1018 5053 1049 5104 ed
1061 5051 1116 5118 jam
1132 5053 1209 5106 dicte.
1276 5051 1303 5116 θ)
1319 5052 1350 5105 Ε.
1367 5053 1431 5106 bene
1447 5055 1540 5108 sctum.
1602 5053 1629 5116 Ρ)
1647 5057 1700 5114 rto.
1718 5051 1834 5116 puderet.
