4494 6838
557 1005 561 1015 ·
623 989 760 1046 esurus
785 989 1001 1045 mransruus
1025 987 1218 1044 sncuunos.
1435 979 1505 1047 513

335 1157 421 1234 gam
447 1157 611 1234 pugnam
635 1136 820 1234 ghibellini
851 1136 968 1211 ooacti
998 1142 1084 1210 sunt
1113 1134 1217 1209 exire
1241 1133 1438 1231 civitatem,
1466 1143 1508 1211 ut

334 1257 420 1332 alibi
445 1256 584 1331 dictum
610 1263 675 1332 est.
700 1256 807 1331 Hunc
823 1255 1048 1350 proditorem
1069 1254 1181 1350 partis
1198 1274 1276 1328 suae
1296 1261 1407 1330 antor
1425 1261 1508 1330 tan-

334 1375 388 1472 git
407 1397 431 1449 a
448 1376 597 1451 nomine
615 1381 654 1449 et
670 1375 899 1471 oognomine,
919 1373 1063 1449 dicens:
1084 1375 1215 1447 aione
1232 1373 1291 1447 del
1308 1377 1505 1448 soldanier.

335 1495 416 1582 lstn,
432 1493 500 1569 luit
524 1495 674 1590 antiqua
704 1494 841 1568 familia
869 1493 1072 1587 Florentiae,
1098 1492 1243 1587 deque
1269 1493 1412 1568 dicetur
1438 1496 1509 1570 Pa-

336 1613 444 1688 radisi
470 1613 627 1709 capitulo
652 1614 743 1707 XVl,
769 1613 875 1686 oredo
899 1613 960 1686 ote
975 1615 1030 1686 sio
1046 1615 1107 1704 ptri
1124 1602 1174 1704 ld,
1195 1614 1293 1687 ultra
1318 1613 1405 1687 istos
1422 1619 1508 1689 ante

336 1753 419 1827 nos3
445 1739 482 1807 et
507 1733 569 1808 dat
593 1732 659 1806 sibi
685 1731 825 1807 socium
851 1732 1046 1825 antiquum
1073 1731 1136 1826 qui
1169 1733 1358 1807 enormius
1383 1732 1508 1828 prodi·

337 1852 387 1927 dit
411 1862 550 1929 sectum
581 1852 837 1946 christianam,
863 1859 900 1926 et
925 1851 1012 1945 quia
1045 1851 1113 1927 iste
1142 1859 1196 1927 est
1225 1853 1436 1927 notissimus
1469 1853 1507 1927 in

337 1972 461 2067 vulgo,
496 1971 578 2045 ideo
611 1977 720 2045 autor
751 1971 960 2067 simpliciter
982 1975 1028 2046 et
1058 1971 1221 2047 breviter
1251 1973 1352 2067 ponit
1385 1974 1507 2047 solum

336 2109 473 2164 nomen
498 2091 587 2165 eius.
614 2090 658 2163 Et
683 2096 807 2164 tamen
825 2109 872 2164 ne
887 2089 1067 2166 dimittam
1093 2090 1230 2185 aliquid
1253 2091 1507 2186 indiscussum,

336 2209 417 2284 dioo
443 2207 543 2303 quod
566 2209 660 2282 sicut
677 2208 801 2282 scribit
817 2209 1001 2305 Turpinns
1016 2210 1309 2306 archiepiscopus
1330 2212 1508 2286 remensis

325 2329 374 2403 'in
399 2329 497 2428 turpi
513 2328 618 2423 stylo,
637 2327 789 2403 Carolus
809 2349 977 2426 magnus,
998 2337 1215 2426 recuperata
1238 2337 1314 2406 tota
1337 2331 1508 2427 Hispania

336 2449 383 2524 de
408 2448 578 2522 manibus
603 2468 877 2544 saracenorum,
904 2469 990 2524 cum
1017 2457 1269 2525 reverteretur
1290 2451 1327 2524 in
1352 2451 1507 2526 Galliam

336 2567 538 2663 hospitatus
564 2573 620 2641 est
636 2585 723 2641 cum
741 2567 964 2642 exercitibus
976 2562 1013 2661 (⁴)
1033 2568 1109 2642 suis
1125 2569 1223 2664 apud
1244 2570 1506 2665 Pampilonam.

337 2685 390 2760 Eo
416 2692 583 2782 tempore
607 2686 682 2762 duo
705 2707 813 2784 reges
829 2689 1005 2782 saraceni,
1023 2688 1158 2763 scilicet
1175 2689 1354 2765 blarsilius
1370 2701 1408 2766 et
1424 2691 1508 2764 Bel-

336 2809 503 2905 ligandus
532 2808 646 2883 irater
674 2809 765 2901 eius,
797 2816 904 2883 erant
918 2801 955 2902 (²)
982 2809 1338 2906 Caesar-Augustam,
1373 2810 1507 2904 quibus

338 2929 491 3006 Carolus
520 2931 707 3005 mandavit
735 2951 801 3025 per
826 2929 1076 3023 Gamelonem‚
1109 2937 1152 3003 ut
1181 2937 1414 3004 assumerent
1439 2930 1505 3004 ba·

336 3048 524 3145 ptumum,
551 3055 588 3124 et
614 3051 793 3124 tributum
819 3050 1014 3124 solverent.
1040 3047 1091 3122 llli
1107 3041 1145 3142 (³)
1176 3049 1274 3124 malo
1305 3048 1389 3124 dolo
1421 3051 1508 3123 mit-

337 3177 456 3245 tentes
481 3189 637 3244 munera
662 3189 796 3265 magna
823 3169 964 3264 tarolo,
987 3168 1255 3265 responderunt
1280 3189 1320 3244 se
1345 3169 1507 3244 lacturos

336 3289 461 3364 omnia
493 3289 691 3384 imperata3
722 3288 841 3383 ipsum
871 3307 961 3362 vero
986 3287 1225 3362 Gamelonem
1259 3295 1507 3384 corruperunt

337 3408 491 3505 pecunia
517 3426 664 3504 magna,
692 3411 734 3480 nt
758 3406 895 3501 perfide
923 3406 1083 3481 traderet
1111 3407 1324 3482 fortissimos
1353 3408 1509 3483 bellato-

337 3549 398 3602 res
427 3528 464 3601 in
484 3515 521 3620 (⁴)
549 3546 682 3600 manus
712 3545 856 3600 eorum.
891 3526 1045 3601 Carolus
1074 3526 1199 3620 itaque
1228 3547 1341 3620 prava
1372 3545 1509 3622 sugge-

337 3647 453 3720 stione
469 3645 678 3720 Gamelonis
698 3644 893 3740 disponens
913 3645 1041 3719 venire
1066 3646 1104 3718 in
1124 3645 1383 3740 Galliamque
1401 3667 1508 3742 reges

336 3767 504 3840 dixerant
529 3785 570 3838 se
593 3775 770 3840 venturos
800 3765 846 3839 ad
872 3785 972 3858 eum,
1004 3765 1176 3861 precepit
1200 3767 1364 3840 Rolando
1381 3757 1418 3858 (⁵)
1443 3787 1509 3842 ne-

337 3885 412 3980 poti
437 3904 506 3957 suo
530 3884 655 3956 comiti
680 3883 956 3977 cenomanensi,
974 3891 1012 3958 et
1033 3883 1191 3958 Olirerio
1216 3887 1339 3959 comiti
1365 3885 1510 3960 Geben-

338 4002 452 4095 nensi,
480 4009 521 4074 ut
545 4021 632 4076 cum
658 4001 871 4076 melioribus
897 4002 1164 4096 pugnatoribus
1187 4013 1225 4080 et
1249 4004 1375 4100 viginti
1402 4005 1511 4078 milli-

338 4121 408 4196 bus
433 4120 589 4193 militum
615 4120 899 4194 christianorum
925 4119 1094 4195 ultimam
1120 4121 1322 4198 custodiam
1345 4124 1510 4199 tacerent

339 4241 375 4314 in
392 4239 612 4334 lloncivalle,
630 4241 746 4318 donec
768 4241 845 4335 ipse
864 4239 1036 4315 transiret
1058 4260 1145 4315 cum
1172 4241 1315 4336 reliquo
1340 4245 1506 4318 exercitu

337 4367 466 4458 portus
491 4379 681 4436 coesareos.
707 4363 752 4436 Et
776 4379 864 4435 ecoe
893 4380 978 4435 cum
1009 4361 1162 4436 Carolus
1197 4362 1380 4458 transiret,
1413 4383 1509 4460 prae-

338 4481 401 4556 lati
431 4499 539 4578 reges
555 4469 593 4574 (⁶)
624 4480 767 4576 iratres,
805 4481 869 4575 qui
904 4481 1054 4555 oonsilio
1090 4480 1299 4557 Gamelonis
1323 4483 1402 4578 jam
1442 4503 1509 4578 per

338 4601 492 4676 biduum
508 4602 693 4676 latuerant
709 4601 746 4675 in
763 4601 898 4675 insidiis
916 4599 953 4676 in
969 4601 1184 4676 nemoribus
1196 4608 1234 4677 et
1251 4601 1372 4698 sylvis,
1386 4604 1507 4698 primo

338 4743 425 4796 cum
451 4721 685 4797 multitudine
701 4721 828 4818 viginti
846 4721 1002 4796 millium
1020 4721 1266 4797 barbarorum
1293 4723 1508 4798 invaserunt

400 4935 428 4998 (¹)
445 4937 476 4987 li.
493 4951 554 4987 cnm
569 4939 696 4989 milltllm
712 4941 773 4990 suls.
904 4940 930 5001 ι’)
946 4939 977 4989 Ε.
994 4945 1069 4991 erunt
1084 4940 1153 5003 apud
1168 4939 1472 5004 Casuum-Angustum.

399 5012 426 5072 (¹)
442 5012 473 5064 ll.
491 5013 566 5064 'luno
582 5013 629 5066 illl.
905 5016 932 5076 (¹)
950 5019 1004 5076 tlt,
1020 5018 1047 5066 ln
1063 5016 1190 5066 manibus.

399 5091 425 5149 (Εἰ
443 5089 473 5140 ll.
490 5089 613 5142 Orlrndo.
904 5092 931 5154 ι’)
948 5093 979 5143 Ε.
996 5105 1079 5157 reges,
1095 5093 1141 5157 qni
1156 5093 1266 5144 condito
1281 5091 1435 5144 timebitis.

468 5199 498 5244 ll.
1346 5201 1373 5242 88
