4534 6842
708 929 776 996 128
1099 941 1303 999 comittit
1327 944 1478 998 mauultl

704 1087 784 1162 eius
803 1087 912 1182 cives,
930 1087 1073 1162 diceus:
1102 1092 1133 1161 0
1150 1091 1289 1180 arctat,
1305 1091 1341 1161 io
1358 1091 1430 1162 vicli
1447 1091 1614 1182 mutar,
1631 1089 1733 1183 idest,
1750 1090 1869 1164 bumi-

705 1229 772 1284 ues
796 1217 989 1284 curreutes
1013 1207 1051 1280 iu
1075 1208 1202 1282 lurore
1236 1209 1413 1304 populari,
1441 1231 1509 1302 per
1540 1213 1578 1282 ta
1608 1216 1707 1282 terra
1739 1218 1879 1306 vostra,

705 1327 840 1402 scilicet
864 1347 930 1422 per
954 1327 1131 1402 Aletium.
1158 1327 1211 1401 bd
1237 1329 1335 1422 quod
1362 1328 1552 1403 sciendum
1575 1330 1673 1424 quod
1690 1330 1803 1424 aliqui
1820 1329 1897 1405 xli-‘l

707 1453 807 1541 cunt,
832 1445 931 1542 quod
956 1447 1026 1520 buc
1050 1446 1179 1522 accidit
1204 1453 1371 1544 tempure
1398 1468 1475 1543 quo
1508 1448 1691 1545 ghibellini
1724 1450 1876 1524 suerunt

706 1567 848 1663 expulsi
872 1566 919 1640 de
943 1565 1136 1662 Florentia,
1159 1567 1245 1662 quia
1270 1573 1359 1643 tuuc
1382 1569 1529 1664 guelpbi
1560 1576 1827 1664 percurrerunt
1837 1563 1875 1662 ι’)

709 1687 890 1762 civitatem
918 1707 1022 1762 more
1047 1687 1241 1782 preconio.
1263 1686 1334 1762 Sed
1359 1686 1455 1761 istud
1482 1687 1626 1762 videtur
1642 1687 1875 1784 impossibile,

709 1807 795 1901 quia
819 1813 909 1881 tunc
927 1811 1036 1880 autor
1061 1827 1134 1881 uou
1159 1812 1239 1882 erat
1264 1814 1384 1902 natus,
1403 1813 1470 1881 aut
1494 1813 1575 1882 erat
1600 1808 1786 1903 parvulus.
1808 1807 1875 1880 xlii

707 1925 844 2020 dicunt,
864 1926 963 2021 quod
983 1927 1053 2000 boc
1078 1926 1146 1999 luit
1169 1926 1317 2020 quaudo
1340 1925 1474 2000 Tarlati
1498 1925 1545 2000 de
1570 1926 1776 2001 Petramala
1793 1927 1875 2002 lue·

709 2053 794 2120 runt
810 2046 951 2142 expulsi
968 2045 1005 2119 in
1023 2046 1217 2142 lacuum,
1236 2067 1303 2122 nec
1320 2046 1415 2120 istud
1433 2045 1577 2121 videtur
1595 2038 1747 2142 pussel²t
1766 2056 1875 2140 stare,

708 2188 794 2243 cum
819 2173 928 2243 autor
945 2165 1109 2240 noudum
1126 2166 1272 2242 vidisset
1289 2167 1357 2241 ista
1373 2167 1410 2240 in
1428 2167 1556 2262 MGCC,
1575 2166 1723 2261 quaudo
1749 2165 1877 2240 babuit

708 2289 814 2364 istam
840 2309 946 2362 suam
978 2286 1165 2362 visionem.
1198 2287 1242 2360 Et
1270 2285 1352 2362 ideo
1382 2293 1438 2360 est
1467 2287 1526 2361 bic
1558 2285 1875 2381 considerandum,

709 2409 809 2505 quod
833 2412 982 2503 propter
1006 2405 1253 2501 partialitates,
1278 2405 1413 2501 quibus
1437 2405 1579 2502 jamdiu
1611 2406 1745 2481 misera
1774 2405 1876 2480 ltalia

710 2529 905 2622 laceratur,
932 2526 1057 2600 mxutae
1082 2525 1313 2621 mutationes,
1338 2526 1529 2622 tumultus,
1555 2533 1593 2602 et
1621 2527 1706 2602 vaui
1731 2527 1876 2602 furores

709 2647 861 2723 luemut
885 2667 932 2722 ex
957 2646 1057 2722 omui
1083 2651 1198 2741 parte,
1216 2652 1253 2720 et
1272 2645 1475 2741 specialiter
1499 2647 1536 2720 iu
1561 2645 1701 2742 Tuscia,
1720 2652 1762 2720 ut
1777 2666 1877 2742 saepe

710 2773 807 2863 patet
832 2767 869 2840 iu
893 2767 986 2842 libro
1011 2766 1102 2860 isto;
1130 2772 1167 2840 et
1192 2765 1353 2841 maxime
1377 2765 1414 2840 iu
1439 2765 1584 2842 civitate
1608 2766 1761 2862 areuna,
1781 2767 1877 2842 sicut

709 2886 838 2961 diebus
862 2884 937 2962 istis
962 2883 1119 2959 vidimus
1143 2883 1190 2959 de
1213 2883 1320 2979 tacto,
1346 2884 1444 2978 quod
1469 2904 1567 2980 saepe
1590 2886 1811 2962 mutationes
1837 2895 1876 2962 et

710 3004 922 3081 novatioues
936 2995 974 3096 (³)
1006 3003 1102 3100 lecit,
1137 3024 1184 3078 ex
1215 3024 1290 3098 quo
1317 3002 1473 3080 deducta
1510 3011 1566 3078 est
1602 3005 1649 3079 ad
1682 3004 1876 3084 desolatio-

711 3145 818 3220 nem3
844 3145 929 3221 quae
952 3125 1104 3218 antiqua
1128 3131 1166 3199 et
1191 3123 1318 3199 nobilis
1334 3123 1461 3200 civitas
1484 3123 1671 3219 quondam
1690 3147 1806 3200 uuum
1828 3145 1874 3200 ex

710 3245 887 3340 capitibus
910 3244 1049 3319 Tusciae
1082 3243 1299 3336 habebatur,
1333 3249 1425 3319 teste
1456 3243 1585 3318 eodem
1618 3244 1728 3319 Livio.
1754 3244 1874 3318 butor

710 3384 800 3461 ergo
825 3365 1077 3458 injuventute
1104 3383 1172 3438 sua
1200 3368 1286 3438 aute
1318 3363 1375 3436 sui
1407 3363 1659 3458 expulsionem
1684 3363 1731 3438 de
1755 3363 1874 3458 patria

711 3484 850 3558 viderat
874 3482 985 3556 istum
1010 3483 1225 3577 tumultum,
1246 3481 1332 3574 quia
1350 3482 1486 3576 reperit
1502 3501 1543 3557 se
1558 3482 1608 3556 ibi
1626 3481 1750 3577 aliquo
1772 3503 1891 3604 casu,

710 3603 770 3679 xel
794 3601 917 3696 aliqua
941 3601 988 3677 de
1018 3621 1141 3676 causa.
1174 3601 1265 3676 Dicit
1298 3621 1408 3697 ergo.
1442 3624 1461 3674 c
1494 3604 1566 3675 exiti
1596 3605 1655 3694 pu
1684 3605 1876 3694 pastuum,

711 3723 813 3818 idest,
839 3723 1034 3799 masiuatas
1049 3710 1099 3818 (⁸),
1116 3720 1315 3817 brigatas,
1305 3741 1342 3794 m
1361 3721 1457 3796 dictu
1482 3723 1646 3796 tumultu
1671 3722 1796 3817 bretii,
1817 3723 1877 3798 vel

711 3843 821 3919 etiam
847 3842 942 3916 alibi.
964 3841 1008 3916 Et
1032 3841 1216 3936 sequitur:
1234 3844 1326 3936 setar
1343 3845 1574 3917 ιοηιιαηιοηιί.
1593 3843 1658 3918 llic
1674 3842 1879 3938 considera,

712 3964 811 4059 quod
823 3963 933 4058 aliqui
946 3961 1152 4059 glorificare
1165 3961 1327 4037 volentes
1339 3981 1445 4035 suam
1458 3961 1878 4058 patriam,dicunt,quud

712 4084 779 4157 ista
804 4089 1057 4158 torneamenta
1088 4089 1127 4157 et
1157 4080 1380 4176 equistemia
1412 4081 1507 4156 lacta
1536 4089 1622 4156 sunt
1644 4082 1757 4157 bretti
1782 4088 1878 4157 tem-

712 4223 802 4298 pore
817 4203 974 4298 episcopi
994 4201 1165 4277 Guidouis
1190 4202 1237 4276 de
1261 4201 1412 4276 Tarlatis
1433 4200 1480 4276 de
1504 4201 1721 4295 Pelusiacis,
1739 4200 1803 4295 qui
1820 4201 1879 4276 xix

712 4322 977 4398 valentissimus
1002 4332 1141 4400 terram
1173 4322 1273 4395 illam
1304 4321 1467 4395 maxime
1496 4321 1679 4416 exaltavit,
1705 4329 1743 4396 et
1768 4339 1879 4396 exur-

712 4441 812 4516 uavit
837 4441 933 4535 viris,
959 4440 1108 4536 viribus,
1134 4437 1262 4534 muris,
1288 4447 1326 4515 et
1357 4438 1457 4514 omui
1488 4459 1601 4534 opere
1631 4439 1770 4534 pulcro.
1801 4439 1878 4514 Sub

713 4579 788 4654 quo
814 4559 919 4632 multi
942 4559 1012 4634 viri
1037 4558 1210 4633 militares
1232 4559 1453 4635 exercebant
1469 4579 1509 4634 se
1525 4558 1563 4633 iu
1579 4559 1654 4634 istis
1671 4559 1783 4634 rebus
1800 4559 1879 4634 bel-

714 4679 799 4754 licis.
825 4677 897 4754 Sed
921 4677 1094 4773 quicquid
1118 4676 1273 4772 dicatur,
1297 4676 1394 4752 istud
1423 4684 1478 4754 est
1506 4679 1668 4755 alienum
1697 4699 1721 4753 a
1746 4699 1880 4774 propo-

713 4801 793 4895 sito,
818 4799 905 4894 quia
928 4797 1045 4873 dictus
1068 4799 1258 4894 episcopus
1283 4795 1499 4894 magnificus
1523 4820 1597 4874 non
1626 4799 1759 4875 claruit
1783 4805 1879 4875 tem

776 4987 803 5049 ι’)
818 4985 844 5037 S.
860 4993 1042 5041 cucurrerunt.
1351 4986 1380 5050 (¹)
1394 4987 1425 5038 lt.
1442 5001 1516 5052 poue
1531 4989 1610 5041 ouum
1626 4994 1703 5041 sure.

777 5061 804 5125 ι’)
821 5063 851 5114 lt.
867 5077 883 5114 a
898 5063 924 5115 S.
940 5065 1117 5120 innovationes
1132 5065 1208 5118 iacto
1223 5069 1291 5116 mut.
1354 5063 1381 5124 (¹)
1399 5068 1454 5128 tlt,
1471 5065 1543 5127 litent,
1559 5067 1684 5118 mulmu
1698 5065 1817 5130 brigein
