4606 6840
715 959 853 1016 cunnus
877 959 1068 1016 morsurus
1092 959 1258 1028 ounrrus.
1505 947 1573 1017 2³1

405 1125 538 1200 equus,
562 1105 649 1197 infin
673 1125 737 1178 oce
761 1107 930 1179 comtum
961 1114 1085 1180 nostro
1116 1107 1224 1198 mtto,
1251 1106 1353 1203 idest,
1387 1107 1578 1202 usquead

404 1225 547 1318 faciem,
574 1224 661 1317 quia
686 1225 843 1299 babebat
868 1231 978 1320 caput
1004 1228 1221 1320 humanum,
1248 1227 1297 1302 ita
1320 1227 1431 1322 quod
1456 1248 1480 1303 a
1505 1225 1578 1301 line

405 1345 529 1420 bestiae
555 1365 674 1438 usque
699 1345 745 1420 ad
770 1345 987 1440 principium
1013 1347 1180 1440 bominis,
1203 1353 1320 1421 totum
1339 1368 1473 1442 corpus
1490 1368 1577 1423 cen-

406 1465 503 1540 tauri
528 1470 609 1540 erat
634 1467 783 1560 plenum
809 1471 847 1540 et
875 1471 1090 1560 coopertum
1125 1465 1357 1541 multitudine
1386 1467 1574 1543 variarum

406 1586 586 1660 bissarum
605 1579 653 1675 (¹).
680 1586 756 1659 lloc
773 1591 900 1659 autem
922 1585 1059 1681 figurat
1076 1583 1231 1660 infinitas
1250 1587 1403 1661 malitias
1423 1593 1460 1662 et
1475 1593 1577 1661 astu·

406 1705 474 1778 tias
498 1705 588 1778 eius.
616 1703 659 1776 lit
684 1703 805 1778 subdit
830 1705 928 1798 quod
946 1703 1103 1780 lrabebat
1122 1706 1158 1778 in
1176 1713 1282 1801 tergo
1296 1697 1334 1797 (¹)
1353 1727 1469 1780 unum
1489 1707 1576 1780 dra-

405 1845 536 1900 conem
561 1825 746 1898 volatilem
772 1832 1003 1900 evomentem
1027 1826 1161 1921 ignem,
1178 1825 1317 1900 dicens:
1335 1847 1384 1898 un
1399 1829 1511 1900 drom
1526 1829 1578 1916 gli

405 1949 541 2038 gtucco
567 1945 668 2038 idest,
695 1947 813 2022 stabat
837 1952 1011 2020 extensus
1036 1967 1102 2018 coc
1132 1949 1217 2019 t’uli
1241 1953 1373 2037 operta,
1396 1947 1447 2020 ita
1476 1947 1576 2039 quod

408 2067 566 2140 multum
591 2067 795 2162 occupabat
819 2065 865 2140 de
890 2085 979 2141 aere
1003 2076 1041 2142 et
1064 2065 1257 2158 inficiebat,
1277 2087 1387 2158 sopra
1412 2069 1443 2139 lo
1466 2070 1578 2158 apollo

406 2189 518 2260 dietro
542 2189 592 2260 do
616 2189 653 2258 la
677 2205 831 2278 orobba,
847 2186 934 2278 quia
952 2185 1039 2260 latet
1055 2185 1093 2258 in
1110 2185 1244 2258 insidiis
1264 2193 1459 2280 expectans
1477 2186 1576 2279 quod

406 2305 536 2399 aliquis
568 2311 739 2398 transeat,
772 2311 809 2379 et
839 2311 926 2378 tunc
957 2305 1172 2400 aggreditur
1196 2305 1311 2399 illum,
1342 2304 1439 2380 unde
1472 2305 1575 2380 dicit:

407 2449 427 2500 e
463 2429 577 2518 wetti,
607 2425 741 2500 scilicet
775 2424 898 2519 draco,
933 2429 1049 2517 offoca
1079 2429 1275 2516 wannoc
1303 2428 1494 2518 s'iotoppa,
1527 2426 1575 2499 ila

408 2545 506 2641 quod
532 2545 655 2617 nullus
680 2543 800 2620 evadit
826 2563 937 2637 quem
965 2545 1112 2619 iortuua
1128 2535 1283 2637 duxit(³)
1302 2551 1388 2620 ante
1412 2565 1511 2620 eum.
1534 2545 1578 2618 Et

409 2667 468 2741 bic
492 2675 576 2741 nota
603 2665 702 2759 quod
725 2664 838 2757 aliqui
863 2672 1012 2740 autores
1036 2665 1210 2759 scribunt,
1232 2666 1330 2759 quod
1355 2673 1441 2739 sunt
1464 2665 1577 2760 aliqui

408 2786 585 2860 dracones
611 2783 775 2860 volantes
799 2804 866 2879 per
891 2803 1017 2860 aerem
1044 2785 1252 2860 emittentes
1277 2785 1400 2882 ignem
1432 2805 1498 2880 per
1522 2807 1575 2879 os,

408 2905 505 2997 quod
534 2905 704 2978 Albertus
729 2924 886 3000 magnus
916 2925 989 2980 non
1022 2911 1167 2999 reputat
1192 2904 1376 2999 possibile3
1403 2905 1465 2979 sed
1491 2905 1576 2978 dicit

409 3025 506 3119 quod
530 3032 617 3098 sunt
641 3025 789 3118 quidam
816 3045 971 3121 vapores
996 3025 1098 3120 igniti
1114 3025 1177 3119 qui
1195 3035 1295 3101 recte
1320 3024 1490 3098 videntur
1508 3045 1574 3098 vo-

408 3147 495 3239 lare,
521 3165 621 3219 nunc
644 3144 894 3239 ascendentes
918 3165 1017 3223 nunc
1041 3144 1313 3237 descendentes,
1345 3143 1426 3218 ideo
1458 3145 1575 3239 impe-

409 3265 467 3339 riti
492 3266 562 3339 lroc
588 3264 749 3340 videntes
774 3271 997 3361 putaverunt
1022 3283 1102 3340 esse
1118 3264 1295 3339 dracones
1312 3263 1485 3338 volantes.
1504 3263 1575 3340 Sed

410 3383 582 3479 quicquid
606 3367 663 3478 sit,
689 3391 799 3460 autor
831 3386 933 3481 lingit
965 3385 1063 3460 hunc
1100 3385 1299 3460 draconem
1333 3383 1517 3460 volatilem
1536 3375 1573 3478 (⁸)

408 3505 633 3580 emittentem
660 3505 795 3601 ignem,
821 3505 907 3600 quia
933 3505 1000 3582 iste
1025 3504 1141 3579 Cacus
1166 3505 1234 3578 luit
1258 3505 1425 3600 publicus
1450 3504 1577 3580 incen-

407 3623 544 3698 diarius
568 3624 768 3699 immittens
782 3617 819 3718 (ὅ)
846 3625 967 3722 ignem
994 3625 1031 3698 in
1056 3625 1196 3719 domos,
1222 3632 1260 3700 et
1285 3644 1420 3699 necans
1448 3645 1577 3700 omnes

409 3750 645 3818 occurrentes
677 3744 754 3817 sibi.
786 3745 869 3818 ldeo
900 3745 995 3820 bene
1025 3745 1196 3840 Virgilius
1234 3743 1334 3840 fingit
1374 3744 1473 3838 quod
1510 3745 1578 3820 Ca·

410 3884 476 3938 cus
501 3869 609 3938 natus
634 3873 689 3940 est
713 3885 760 3938 ex
790 3864 851 3938 illo
876 3871 981 3960 patre
998 3865 1170 3958 Vulcano,
1191 3865 1254 3957 qui
1279 3871 1334 3940 est
1357 3864 1448 3939 deus
1473 3865 1575 3960 ignis,

408 3991 446 4058 et
471 3983 666 4058 evomebat
689 3984 813 4078 ignem
840 3988 876 4057 et
901 3983 1046 4056 lumum
1080 4003 1147 4076 per
1176 4003 1228 4056 os.
1259 3983 1357 4078 Ergo
1387 3982 1482 4057 bene
1510 4003 1577 4077 per

407 4105 604 4178 draconem
631 4102 791 4200 intellige
816 4103 896 4178 eius
916 4122 1138 4177 venenosam
1157 4101 1295 4176 rabiem
1317 4102 1468 4178 mixtam
1488 4122 1573 4175 cum

409 4223 545 4297 malitia
569 4242 682 4316 quam
708 4221 919 4297 ellundebat
943 4221 980 4295 in
1005 4242 1144 4316 omnes,
1162 4228 1200 4297 et
1218 4221 1353 4297 ardore
1376 4221 1574 4296 iracundie

406 4363 485 4418 suae
510 4342 705 4419 lulminare
731 4342 932 4418 videbatur.
946 4347 1056 4416 -Lo
1082 4346 1161 4417 mio.
1194 4342 1259 4416 llic
1288 4351 1397 4420 autor
1422 4341 1575 4416 manile-

407 4470 478 4538 stat
503 4463 613 4537 istum
639 4471 871 4558 centaurum,
897 4484 1009 4558 quem
1036 4463 1155 4558 primo
1179 4462 1350 4539 describit
1381 4484 1405 4539 a
1437 4462 1576 4537 violen-

407 4584 474 4679 tia3
500 4584 660 4659 secundo
684 4605 708 4658 a
726 4583 989 4678 fraudulentia3
1010 4585 1118 4659 tertio
1138 4585 1185 4659 ab
1202 4583 1282 4660 eius
1298 4589 1419 4657 morte
1435 4602 1573 4658 amara.

406 4703 498 4780 Dicit
522 4723 612 4800 ergo
637 4702 846 4798 specificans
871 4724 1007 4778 nomen
1033 4704 1131 4778 eius:
1158 4709 1207 4778 Lo
1228 4706 1298 4776 mro
1321 4710 1487 4795 macedo,
1507 4703 1577 4778 sci-

468 4920 496 4985 l')
513 4925 567 4982 ¹¹⁸,
584 4921 732 4972 Mim-
1024 4920 1051 4986 (ἰ
1069 4923 1099 4974 E.
1115 4924 1143 4972 in
1158 4928 1233 4985 tergo
1249 4923 1304 4972 dus
1320 4934 1412 4971 unum.

466 4995 493 5058 l’)
510 4997 540 5047 Β.
557 4997 660 5048 duxerit
675 5001 735 5050 anto
751 4996 836 5048 illum.
1024 4996 1051 5059 ι’)
1068 4997 1099 5048 Β.
1115 4997 1247 5050 volutem
1261 5000 1290 5048 at
1304 4996 1478 5047 sutanum.

469 5072 544 5136 l¹l1t
560 5075 690 5126 suttune
