4534 6842
700 985 841 1041 CANTUS
865 983 1057 1040 tlemus
1081 983 1258 1050 euentus.
1488 975 1560 1044 1197

393 1137 559 1227 estpars
585 1131 720 1226 tegulae
746 1131 890 1224 culmae,
917 1149 992 1224 qua
1018 1134 1194 1224 teguntur
1226 1133 1322 1204 tecta
1354 1127 1563 1206 domorum.

394 1251 495 1328 Sicut
519 1251 618 1326 enim
644 1250 708 1344 qui
734 1249 832 1326 vadit
857 1270 923 1345 per
949 1255 1044 1327 tecta
1060 1241 1097 1342 (¹)
1115 1249 1310 1324 domorum
1337 1249 1435 1324 vadit
1460 1251 1565 1327 valdo

393 1375 491 1450 lente
516 1379 553 1447 et
578 1391 738 1465 morose,
756 1371 844 1465 quia
868 1371 915 1446 de
939 1371 1033 1446 sacili
1051 1376 1171 1466 posset
1188 1370 1321 1446 cadere
1337 1377 1374 1447 et
1392 1372 1564 1470 frangere

394 1493 460 1568 sibi
477 1492 613 1568 collum
625 1515 635 1585 ;
648 1483 743 1583 ita(²)
758 1490 816 1566 lric
841 1498 950 1565 autor
967 1491 1041 1565 ibat
1058 1490 1164 1565 valde
1179 1491 1287 1586 plane
1304 1497 1340 1566 et
1357 1493 1561 1588 commode,

394 1613 481 1708 quia
502 1612 655 1688 faciliter
671 1618 814 1707 poterat
835 1631 947 1686 ruere
962 1611 1137 1687 deorsum
1159 1617 1309 1705 propter
1327 1613 1560 1707 asperitatem

395 1733 474 1808 loci.
501 1732 544 1805 Et
568 1731 688 1806 subdit
713 1731 800 1824 quid
820 1731 961 1825 juverit
975 1721 1011 1824 (³)
1031 1751 1132 1824 eum,
1152 1729 1288 1807 scilicet
1303 1729 1462 1806 brevitas
1479 1732 1561 1826 loci,

395 1873 482 1928 nam
508 1852 626 1928 omnis
651 1851 775 1950 bulgia
804 1859 943 1946 quante
968 1851 1127 1946 interior,
1155 1860 1255 1928 tanto
1285 1853 1443 1928 brevior.
1469 1853 1562 1928 Dicit

395 1994 505 2071 ergo:
531 1996 550 2048 e
573 1993 646 2048 non
668 1994 709 2046 so
734 1975 857 2064 dilui,
882 1971 984 2066 idest,
1010 1994 1080 2068 ego
1112 1973 1233 2048 nescio
1262 1972 1385 2049 dicere
1409 1974 1455 2048 de
1480 1974 1562 2048 Vir-

395 2095 480 2191 gilio
506 2094 535 2170 si
560 2100 656 2170 esset
680 2093 809 2186 victus,
828 2091 915 2186 quia
940 2098 1020 2167 erat
1037 2091 1153 2168 levior
1170 2112 1243 2188 me,
1261 2113 1320 2168 mu
1335 2095 1370 2167 io
1386 2096 1483 2168 sarci
1498 2093 1562 2168 ten

396 2218 502 2305 nalo,
527 2214 629 2307 idest,
655 2213 750 2288 bene
774 2212 986 2288 deiecissem
1012 2211 1050 2285 in
1075 2212 1134 2286 via
1159 2233 1228 2288 nec
1252 2213 1451 2309 potuissem
1477 2235 1563 2309 per-

396 2335 538 2412 venisse
551 2323 589 2426 (⁸)
614 2333 661 2409 ad
685 2354 887 2425 summum,
913 2355 950 2406 sc
974 2354 1046 2406 non
1068 2333 1163 2427 fosse
1186 2337 1246 2406 cte
1270 2339 1312 2430 ln¹
1330 2342 1440 2428 costa,
1461 2335 1563 2431 idest,

398 2456 487 2551 ripa,
513 2475 578 2528 era
597 2450 661 2548 piri
685 2462 798 2544 corto,
816 2453 918 2548 idest,
935 2453 1094 2548 brevior,
1112 2456 1160 2528 dn
1180 2457 1259 2545 puel
1270 2459 1443 2548 precinto,
1461 2457 1563 2551 idest,

395 2577 443 2652 ab
460 2577 528 2650 ista
538 2565 575 2667 (⁵)
593 2575 717 2670 bulgia
733 2574 1020 2672 hypocritarum,
1036 2575 1159 2646 cleda
1178 2575 1314 2666 rano,
1331 2574 1433 2670 idest,
1450 2599 1564 2671 quam

396 2697 444 2772 ab
457 2686 494 2790 (⁶)
522 2695 592 2770 alia
617 2693 741 2791 bulgia
764 2695 1037 2771 baratariorum
1058 2694 1136 2790 jam
1164 2695 1332 2788 transita3
1349 2703 1387 2770 et
1402 2697 1564 2794 assignat

396 2834 546 2892 causam
572 2813 681 2888 huius
705 2813 849 2889 dicens:
872 2835 931 2888 mn
956 2811 1080 2911 tegrin
1100 2816 1138 2887 di
1153 2817 1318 2889 nuscum
1335 2818 1425 2890 volte
1441 2824 1561 2911 portu,

395 2934 497 3029 idest,
523 2935 705 3030 importat,
726 2934 851 3032 exigit,
871 2934 1012 3010 etfacit
1032 2935 1249 3031 necessario,
1266 2939 1326 3009 cte
1344 2937 1446 3010 luna
1463 2945 1561 3012 corto

392 3075 510 3148 nrrpe,
535 3054 637 3149 idest,
663 3053 763 3149 quod
792 3076 867 3130 una
902 3053 980 3150 ripa
1009 3054 1187 3149 elevatur,
1212 3077 1232 3128 e
1256 3058 1279 3128 Γ
1291 3058 1386 3129 altra
1414 3059 1559 3132 neum.-

392 3174 494 3268 idest,
519 3185 557 3252 et
581 3175 653 3250 alia
678 3173 757 3270 ripa
782 3173 1019 3269 deprimitur,
1045 3172 1095 3248 ita
1120 3173 1219 3268 quod
1250 3173 1368 3269 prima
1399 3175 1475 3271 ripa
1506 3183 1562 3252 est

392 3295 465 3370 alta
492 3301 659 3389 respectu
685 3294 868 3388 secunde,
886 3300 924 3369 et
945 3292 1105 3368 secunda
1122 3301 1290 3389 respectu
1311 3296 1439 3391 tertiae,
1457 3299 1560 3376 etita

393 3413 440 3490 de
470 3413 625 3508 ceteris,
654 3411 783 3508 percle*
813 3415 1018 3506 naototpe,
1052 3414 1153 3509 idest,
1183 3415 1343 3490 circulus
1376 3418 1560 3494 secundus

393 3533 575 3632 generalis
600 3533 752 3608 civitatis
777 3534 961 3610 iniemalis
986 3533 1175 3609 continens
1197 3535 1233 3608 in
1259 3555 1299 3610 se
1323 3534 1452 3612 decern
1478 3537 1562 3614 bul-

395 3657 472 3752 mas
492 3654 688 3749 distinctas,
709 3657 821 3748 pende
850 3661 949 3748 mun,
967 3655 1068 3750 idest,
1090 3675 1236 3752 semper
1251 3656 1436 3732 descendit
1459 3679 1502 3734 eu
1526 3663 1564 3735 la

392 3783 498 3869 porto
522 3777 580 3848 del
603 3775 801 3848 tmrisstmo
822 3795 954 3868 ponzo,
975 3774 1076 3870 idest,
1099 3796 1220 3870 usque
1243 3775 1290 3850 ad
1315 3783 1485 3852 centrum
1509 3779 1564 3852 in-

396 3894 502 3988 serui,
526 3893 591 3969 ubi
615 3901 670 3968 est
695 3900 840 3989 puteus,
862 3895 897 3968 in
923 3895 1029 3968 cuius
1046 3895 1202 3968 circuitu
1219 3902 1316 3970 stant
1331 3897 1562 3993 gigantes.-

397 4017 476 4088 Noi.
502 4013 566 4088 llic
591 4019 711 4108 autor,
737 4013 917 4109 descripto
952 4014 1133 4088 laborioso
1163 4035 1315 4090 ascensu
1331 4007 1381 4110 (⁷),
1407 4018 1562 4092 ostendit

396 4153 503 4210 suam
528 4132 777 4228 appulsionem
803 4153 890 4208 cum
916 4132 1127 4207 lassitudine
1153 4153 1297 4228 magua,
1323 4132 1466 4209 dicens:
1493 4139 1563 4210 Not

392 4277 463 4348 pur
488 4257 659 4328 vndmrm
683 4255 723 4326 al
745 4255 816 4346 fine
844 4256 882 4326 in
909 4275 952 4327 su
981 4255 1018 4326 la
1040 4259 1168 4347 mmto,
1193 4252 1297 4346 quasi
1330 4251 1447 4328 dicat:
1478 4252 1562 4330 licet

394 4382 490 4452 esset
515 4379 615 4450 tanta
640 4373 832 4449 difficultas
848 4373 929 4468 loci,
947 4395 1022 4448 non
1038 4379 1164 4448 tamen
1180 4373 1316 4447 luimus
1334 4372 1418 4447 victi
1435 4373 1472 4448 iu
1490 4372 1560 4468 ria,

394 4496 469 4571 imo
494 4494 651 4570 victores
676 4502 714 4570 et
738 4501 924 4590 competes
943 4495 1029 4590 voti,
1048 4493 1133 4590 quia
1151 4493 1307 4568 finaliter
1325 4493 1562 4588 pervenimus

393 4616 439 4691 ad
465 4616 737 4692 extremitatem
761 4615 872 4689 huius
896 4614 1025 4710 pontis,
1052 4616 1142 4688 orode
1171 4617 1194 4687 Γ
1206 4615 1326 4687 nidmu
1349 4620 1467 4708 petra,
1492 4613 1561 4688 sci-

394 4737 478 4814 licet
502 4735 620 4832 pontis
636 4735 797 4831 predicti
818 4735 933 4830 tracti,
951 4738 982 4808 st
1000 4737 1196 4824 conscende,
1213 4734 1315 4829 idest,
1334 4733 1505 4809 dividitur
1525 4739 1562 4809 et

456 4949 483 5014 (¹)
498 4951 533 5012 S..
550 4951 582 5002 Ε.
598 4964 614 5002 e
630 4955 685 5012 lte,
701 4955 801 5004 mlum
816 4952 916 5003 domun
1004 4949 1032 5013 (·)
1048 4950 1079 5002 B.
1095 4950 1130 5000 lu
1146 4949 1224 4999 etlam
1240 4947 1291 4998 hie.

457 5025 555 5090 orm,
567 5028 673 5093 jurent
687 5040 757 5079 eum
1005 5028 1033 5089 (η
1049 5031 1103 5088 rra,
1119 5023 1263 5090 parvm
1387 5021 1414 5084 ι’)
1429 5023 1460 5074 ι
1477 5021 1530 5074 ute

456 5101 777 5168 t'ttlmtlrtatulgir.
1004 5096 1444 5165 dlltuoenrmmltltm.
