4550 6844
739 879 811 947 too
883 827 885 832 ι
1123 867 1335 948 'coumuuu
1359 893 1511 949 rurnnur

737 1035 824 1112 dicit
848 1034 935 1129 quta
960 1034 1127 1131 gigantes
1153 1035 1304 1110 luerunt
1327 1037 1416 1112 olim
1432 1029 1470 1130 (¹)
1489 1034 1683 1129 fulminati,
1700 1033 1787 1128 quia
1813 1033 1913 1108 Deus

738 1155 874 1251 trangit
898 1173 1009 1230 omne
1033 1154 1235 1250 superbum
1261 1162 1300 1230 et
1323 1155 1370 1231 ad
1402 1165 1541 1234 terram
1575 1151 1784 1250 prosternit
1812 1151 1914 1228 Unde

739 1279 827 1348 uota
858 1271 958 1366 quud
990 1273 1162 1348 historice
1193 1273 1378 1366 loquendo
1409 1274 1549 1350 fulmen
1578 1277 1743 1349 exterret
1775 1270 1913 1345 multos

583 1380 588 1394 '
739 1393 833 1468 altos
856 1397 1033 1488 potentes,
1059 1393 1154 1470 sicut
1178 1394 1295 1488 patuit
1322 1393 1360 1469 in
1390 1394 1569 1490 Augusto,
1595 1409 1672 1486 quo
1697 1389 1820 1464 nullus
1845 1389 1914 1464 luit

738 1513 922 1609 potentior
947 1514 984 1588 in
1009 1513 1112 1607 orbe,
1138 1514 1214 1608 qui,
1240 1533 1326 1590 cum
1342 1504 1381 1606 (¹)
1411 1514 1584 1590 audiebat
1608 1510 1769 1586 tonitrus
1794 1519 1833 1587 et
1857 1508 1914 1583 vi·

738 1631 849 1708 debat
882 1632 1041 1730 fulgura,
1067 1633 1189 1708 subito
1223 1633 1431 1710 includebat
1456 1653 1497 1710 se
1527 1633 1565 1707 iu
1595 1651 1784 1707 cameram
1802 1619 1839 1722 (³)
1875 1635 1913 1704 et

738 1751 985 1828 abscondebat
1018 1752 1089 1828 sub
1120 1753 1268 1828 lectum.
1294 1755 1347 1830 lta
1376 1755 1485 1848 Nero,
1518 1753 1567 1828 ita
1601 1751 1715 1826 Gaius
1747 1749 1912 1845 Caligula

737 1877 776 1948 et
800 1872 860 1947 alii
886 1871 993 1946 multi
1018 1872 1144 1968 magni
1168 1873 1358 1970 principes.
1377 1873 1463 1949 ldeo
1488 1873 1584 1948 bene
1600 1871 1741 1966 Jupiter
1765 1869 1910 1962 dicitur,

738 1992 870 2066 minari
889 1992 1098 2089 gigantibus
1115 1993 1262 2087 quaudo
1279 1998 1393 2087 tonat,
1410 1993 1497 2088 quis
1518 1991 1708 2068 moraliter
1725 1989 1910 2084 loquendo

735 2111 885 2206 superbi
911 2112 1058 2205 quando
1083 2113 1240 2188 audiunt
1264 2115 1323 2190 vel
1349 2109 1560 2188 memorent
1589 2110 1734 2186 ruinam
1768 2110 1908 2204 talium,

735 2231 832 2308 bene
867 2232 1003 2309 debent
1041 2232 1186 2327 terreri,
1220 2233 1315 2310 sicut
1348 2233 1660 2309 Nabuoodonosor
1692 2228 1910 2326 superbissi-

737 2373 821 2428 mus
838 2341 888 2447 (⁴),
922 2353 986 2450 qui
1018 2353 1120 2428 velut
1150 2373 1289 2428 novum
1305 2419 1308 2430 .
1323 2354 1459 2429 animal
1490 2352 1661 2448 pascebat
1698 2352 1837 2426 ioenum
1871 2351 1910 2424 in

737 2492 898 2547 caverna
930 2479 1062 2567 terrae3
1094 2472 1188 2548 sicut
1221 2474 1356 2548 Xerses
1390 2493 1456 2548 rex
1490 2492 1697 2567 persarum,
1724 2469 1787 2565 qui
1821 2469 1910 2546 vidit

737 2591 884 2665 ruinam
904 2610 1059 2666 suorum
1085 2598 1124 2666 et
1148 2591 1218 2686 sui,
1243 2598 1282 2668 et
1304 2593 1355 2667 ita
1372 2592 1418 2668 de
1438 2591 1573 2669 multis.
1594 2591 1687 2666 Dicit
1702 2610 1814 2687 ergo:
1835 2596 1911 2664 tor-

736 2713 947 2801 reppiaooo,
979 2709 1082 2803 idest,
1112 2711 1149 2786 iu
1182 2711 1333 2788 modum
1365 2711 1526 2786 turrium
1558 2710 1850 2804 circumdabant,
1875 2711 1911 2782 lu

730 2832 852 2923 produ
881 2831 942 2902 cle
956 2831 983 2902 ’l
1005 2849 1122 2922 puzzo
1140 2815 1333 2922 'arcendo
1359 2830 1462 2923 idest,
1489 2830 1606 2925 ripam
1637 2827 1846 2922 rotundam,
1873 2829 1911 2901 ct·

735 2968 860 3022 orcam
884 2951 923 3022 lo
941 2968 1112 3040 persona,
1139 2949 1225 3042 quia
1259 2969 1406 3044 semper
1438 2948 1664 3044 apparebant
1688 2953 1832 3023 tantum
1860 2946 1908 3022 ab

734 3067 909 3143 umbilico
934 3067 1012 3142 sive
1037 3067 1185 3164 cingulo
1205 3090 1337 3164 supra;
1359 3079 1397 3147 et
1413 3069 1567 3165 applicat
1593 3069 1639 3142 ad
1666 3067 1904 3164 propositum,

732 3181 805 3264 eost
832 3209 929 3262 corne
958 3191 1217 3280 Monte-reptos
1239 3192 1272 3262 si
1294 3209 1430 3263 corouo
1454 3191 1492 3264 tlt
1516 3192 1608 3264 toni
1633 3191 1672 3262 io
1700 3210 1742 3262 su
1767 3191 1804 3261 lu
1828 3208 1908 3260 ccr-

732 3309 811 3382 ersa
835 3309 957 3398 wuda,
978 3307 1080 3401 idest,
1101 3307 1138 3382 in
1163 3307 1319 3386 circuitu
1337 3307 1506 3384 rotundo.
1524 3307 1578 3382 Ad
1596 3306 1695 3402 quod
1715 3305 1905 3382 sciendum

733 3426 834 3521 quod
858 3427 1107 3523 lions-region
1134 3434 1190 3502 est
1214 3447 1331 3502 unum
1358 3429 1549 3503 castellum
1571 3447 1644 3502 uon
1664 3447 1843 3522 magnum
1870 3426 1908 3499 in

734 3545 912 3622 comitatu
937 3545 1120 3620 Senarum
1145 3545 1280 3620 distans
1311 3567 1335 3621 a
1364 3547 1510 3622 civitate
1539 3567 1606 3642 per
1635 3566 1698 3620 ser
1725 3543 1906 3637 milliaria,

733 3665 772 3739 iu
797 3664 856 3740 via
882 3684 967 3758 quae
988 3664 1088 3740 ducit
1107 3664 1342 3758 Florentiam,
1359 3671 1397 3740 et
1414 3672 1470 3740 est
1488 3665 1788 3740 circumcinctum
1807 3663 1906 3738 mul·

734 3784 779 3860 tis
805 3792 842 3860 et
866 3785 1006 3860 crebris
1023 3785 1188 3860 turribus
1204 3785 1443 3861 circulariter.
1462 3785 1694 3881 Comparatio
1719 3804 1810 3880 ergo
1835 3789 1908 3858 stat

733 3905 771 3980 in
796 3907 878 4001 hoc,
896 3905 996 4000 quud
1012 3906 1106 3981 sicut
1132 3906 1258 3980 multae
1276 3915 1398 3982 turres
1415 3907 1553 3981 suntin
1575 3905 1731 3980 circuitu
1757 3903 1906 3978 llontis-

733 4026 892 4123 regiouis
915 4027 962 4102 ad
988 4026 1203 4121 custodiam,
1221 4026 1272 4102 ita
1296 4026 1400 4100 multi
1427 4026 1604 4122 gigantes,
1626 4025 1689 4120 qui
1707 4026 1786 4120 jam
1814 4023 1906 4100 assi-

732 4144 846 4220 milati
871 4152 956 4221 sunt
980 4146 1062 4220 altis
1088 4145 1263 4238 turribus,
1285 4151 1371 4220 suut
1396 4145 1433 4219 in
1458 4145 1614 4222 circuitu
1640 4145 1740 4240 putei
1765 4143 1813 4218 ad
1837 4163 1904 4218 cu·

730 4264 884 4340 stodiam
917 4273 955 4342 et
984 4265 1053 4340 sub
1085 4263 1237 4358 pedibus
1254 4256 1304 4356 (⁵),
1337 4262 1439 4357 idest,
1465 4264 1535 4338 sub
1560 4270 1739 4359 potestate
1768 4281 1900 4337 eorum

730 4385 934 4480 puniuntur
959 4384 1173 4480 proditores.

805 4509 849 4577 nt
862 4507 898 4578 io
916 4523 1076 4595 morgen.
1102 4503 1173 4576 lsta
1199 4507 1255 4576 est
1273 4503 1434 4578 secunda
1455 4524 1540 4598 pars
1556 4501 1750 4601 generalis,
1771 4500 1809 4574 iu
1826 4520 1901 4593 qua

731 4629 841 4699 autor
866 4629 999 4698 tractat
1022 4621 1069 4698 de
1094 4642 1170 4696 uno
1195 4621 1343 4719 gigante
1368 4625 1510 4700 famoso
1539 4625 1691 4718 aanuo
1719 4620 1818 4716 apud
1842 4639 1903 4694 sa-

793 4849 821 4912 (¹)
838 4850 869 4900 B.
884 4849 948 4902 olim
964 4863 979 4900 ι
994 4849 1050 4900 oso
1065 4849 1204 4901 fulminati.
1292 4850 1319 4914 (¹)
1336 4851 1367 4904 ll.
1384 4867 1445 4904 cum
1462 4853 1638 4904 tonitruorum
1656 4849 1758 4904 cluebat
1772 4847 1885 4912 subura.

793 4924 822 4988 ι’)
837 4926 867 4976 n
883 4926 911 4978 tu
926 4939 1030 4978 marera
1045 4929 1073 4976 st
1087 4925 1259 4978 sumnum
1272 4939 1301 4978 re
1316 4927 1372 4979 sub.

793 5002 820 5066 tt
836 5003 861 5054 a
878 5017 926 5055 rex
941 5003 1145 5067 metrumne..
1292 5004 1321 5068 ι’)
1336 5005 1368 5057 n
1384 5005 1491 5070 penum
1506 5019 1599 5058 sorum
1616 5005 1767 5069 prumam.
