4550 6844
664 939 736 1007 tuti
1061 948 1267 1006 oonnnnuu
1292 951 1443 1004 inssnrn

663 1091 820 1171 ostendit
845 1092 1032 1188 quomodo
1062 1093 1234 1190 Virgilius
1261 1095 1419 1170 moverit
1431 1087 1470 1187 (¹)
1495 1111 1586 1171 eum
1609 1095 1657 1171 ad
1678 1096 1839 1190 toquen-

664 1215 755 1289 dum
781 1214 867 1309 istis,
893 1212 1039 1290 dicens:
1064 1216 1100 1286 lo
1133 1213 1226 1288 buon
1255 1221 1408 1290 maestro
1433 1222 1517 1289 tutto
1540 1219 1569 1289 s’
1578 1219 1713 1290 accolae
1737 1233 1762 1288 u
1785 1235 1841 1288 me

665 1337 832 1409 dicendo·
856 1335 945 1407 di’a
970 1336 1027 1407 tor
1051 1327 1105 1407 aii
1129 1335 1189 1407 ola
1209 1341 1245 1408 tu
1262 1337 1368 1426 mtot,
1386 1335 1489 1430 quusi
1505 1333 1622 1411 dicat:
1644 1335 1728 1410 vide
1745 1353 1840 1429 quo-

665 1455 775 1529 modo
801 1453 885 1530 lacti
910 1459 996 1528 sunt
1019 1453 1128 1548 andi,
1155 1459 1192 1529 et
1216 1455 1369 1530 audient
1392 1465 1429 1532 to
1446 1455 1611 1550 libenter,
1637 1455 1719 1531 ideo
1736 1463 1839 1551 potos

664 1595 797 1650 secure
821 1581 964 1669 petere3
990 1573 1072 1648 ideo
1097 1572 1201 1648 dicit:
1227 1581 1261 1647 et
1282 1575 1319 1646 io
1342 1577 1537 1666 omninum,
1563 1575 1691 1670 supple
1715 1573 1839 1650 dicero

665 1696 703 1768 in
728 1695 956 1790 infrascripta
981 1695 1113 1788 torma,
1134 1696 1258 1788 poncio
1282 1696 1378 1768 olt’ci
1394 1698 1499 1786 volsa
1520 1693 1622 1789 idest,
1643 1701 1838 1791 postquam

665 1817 726 1891 ille
751 1814 921 1912 Virgilius
946 1813 1123 1890 concessit
1148 1815 1236 1889 mihi
1261 1813 1443 1890 licentiam
1477 1815 1661 1910 loquendi,
1690 1823 1728 1890 et
1751 1814 1838 1908 dini,

665 1935 717 2010 sic
743 1942 893 2032 petens:
924 1937 1042 2008 numni
1070 1935 1124 2007 citi
1150 1937 1208 2007 noi
1236 1937 1317 2008 stete
1341 1957 1360 2008 e
1384 1937 1422 2008 di
1450 1937 1639 2028 elesponti,
1664 1935 1766 2028 idest,
1791 1933 1840 2010 de

666 2077 740 2150 qua
766 2055 913 2130 natione
937 2055 996 2130 vel
1022 2055 1158 2149 patria3
1176 2060 1213 2129 et
1229 2061 1351 2148 captat
1366 2055 1673 2150 benevolentiam,
1689 2056 1837 2130 dicens:

665 2198 703 2249 se
727 2179 765 2250 ta
792 2183 915 2250 nostra
943 2177 1114 2248 memorio
1144 2195 1218 2248 non
1247 2175 1409 2250 sonora
1435 2179 1485 2250 da
1513 2179 1544 2250 le
1573 2179 1678 2250 menti
1699 2195 1838 2268 umonc,

666 2296 768 2388 idest,
795 2295 823 2368 si
849 2301 972 2369 vestra
998 2295 1095 2369 lama
1120 2314 1194 2369 non
1220 2295 1423 2391 auferatur,
1451 2315 1523 2370 non
1541 2295 1717 2392 perdatur
1740 2293 1838 2390 apud

667 2416 833 2492 homines
858 2415 1035 2507 viventes,
1059 2418 1117 2489 nol
1136 2418 1255 2508 primo
1272 2419 1416 2508 mondo
1437 2417 1573 2492 scilicet
1597 2415 1779 2509 vivorum,
1800 2415 1837 2488 in

666 2556 743 2629 quo
760 2535 861 2629 prius
877 2533 994 2608 inistis
1010 2539 1048 2608 et
1064 2535 1251 2610 merentis
1264 2527 1322 2629 (²);
1348 2537 1514 2612 involare
1538 2537 1636 2611 enim
1661 2536 1759 2610 idom
1784 2541 1840 2610 est

668 2655 767 2750 quod
793 2653 920 2748 iurari,
947 2673 1007 2727 mc
1030 2657 1059 2727 ε’
1071 2657 1140 2728 etta
1165 2657 1247 2728 mou
1270 2661 1360 2729 sotto
1377 2658 1476 2729 molti
1493 2657 1581 2748 solt·
1597 2659 1636 2730 et
1651 2655 1735 2730 lacit
1752 2673 1842 2728 oon·

667 2774 897 2868 tutationem,
927 2773 1072 2850 dicens:
1108 2778 1147 2848 lo
1170 2781 1292 2848 oostm
1318 2795 1413 2868 peno
1442 2779 1583 2850 sennan
1611 2797 1631 2848 e
1655 2777 1842 2871 [montoso

666 2916 740 2969 non
756 2899 791 2968 oi
805 2897 963 2986 spanni&
978 2897 1016 2970 di
1025 2899 1210 2988 palesarsi
1231 2917 1255 2968 a
1279 2916 1344 2969 me.
1362 2895 1440 2970 Hoc
1456 2895 1556 2990 dicit,
1574 2896 1660 2990 quia
1678 2902 1734 2970 est
1753 2913 1842 2970 vere

668 3023 777 3110 turpe
801 3021 838 3090 ot
866 3015 1141 3090 abhorrendum
1172 3014 1298 3090 videre
1330 3035 1448 3088 unum
1482 3015 1701 3108 scabiosum,
1730 3033 1842 3088 exco-

668 3135 818 3229 riatum,
844 3135 1124 3230 sanguinatum3
1145 3141 1183 3209 et
1216 3135 1267 3210 sic
1293 3141 1379 3210 nota
1406 3134 1505 3228 qnod
1539 3133 1730 3208 infirmitas
1757 3151 1842 3207 cor-

667 3255 802 3352 poralis
827 3255 948 3350 inepta
982 3275 1080 3350 saepe
1110 3255 1259 3350 pohibct
1291 3254 1428 3329 homini
1459 3254 1654 3350 propalare
1688 3273 1751 3347 se;
1777 3253 1841 3328 scd

668 3375 865 3471 allegorice
890 3374 1075 3468 loquendo
1099 3374 1318 3449 Alohimistae
1343 3374 1594 3448 communiter
1617 3373 1842 3448 erubescunt

669 3495 851 3590 cognosci,
877 3501 915 3569 et
939 3491 1108 3568 laborant
1131 3493 1169 3568 in
1194 3495 1351 3586 occulto,
1370 3511 1439 3568 noo
1458 3493 1629 3588 aperiunt
1644 3492 1840 3566 artificium

669 3635 781 3688 suum
810 3615 928 3708 alteri,
955 3615 1022 3688 nisi
1047 3614 1269 3689 Alchimistae
1302 3611 1529 3688 socio-lo
1551 3615 1614 3707 lui.
1640 3612 1705 3686 llio
1732 3617 1841 3686 autor

670 3732 838 3834 ostendit,
876 3734 1063 3828 quomodo
1097 3753 1195 3808 unus
1224 3733 1370 3808 illorum
1410 3734 1572 3809 duorum
1605 3731 1843 3827 responderit,

670 3855 882 3951 specificans
915 3876 956 3932 so
986 3875 1052 3951 per
1082 3873 1229 3948 nomen,
1268 3861 1486 3930 etecusam
1522 3873 1600 3929 snae
1635 3854 1774 3946 mortis,
1807 3859 1846 3928 ot

670 3977 779 4052 aliam
806 3995 957 4051 caumrn
984 3995 1062 4050 suae
1093 3975 1346 4050 damnationis.
1372 3974 1426 4048 Ad
1460 3973 1567 4049 cuius
1599 3959 1869 4070 cognitionerffl

670 4097 911 4174 utbreviter
936 4096 1124 4172 sciendum
1151 4115 1231 4170 rem
1252 4081 1439 4190 jocosam:
1472 4093 1539 4169 init
1572 4095 1685 4191 igitur
1716 4095 1752 4168 in
1778 4113 1845 4168 no-

670 4218 733 4293 bili
769 4217 916 4292 civitate
948 4215 1129 4291 Senarnm
1174 4216 1271 4291 circa
1310 4221 1478 4310 tempora
1514 4215 1655 4289 autoris
1694 4211 1844 4308 quidam

671 4337 846 4435 magister
877 4337 1073 4412 Griiolinus
1096 4337 1144 4411 tle
1174 4336 1309 4430 noetio,
1337 4355 1494 4431 magnus
1526 4333 1703 4410 naturalis
1728 4339 1764 4408 et
1789 4333 1845 4406 al

584 4479 587 4488 ·
670 4459 849 4534 chimicns
867 4447 917 4550 (³),
954 4457 1017 4550 qui
1058 4455 1303 4532 astutissimus
1341 4455 1525 4531 contraxit
1563 4452 1845 4530 familiaritatem

671 4599 845 4676 magnam
872 4597 958 4652 curm
984 4577 1144 4671 quodam
1163 4577 1235 4651 lilio
1257 4577 1414 4673 episcopi
1433 4576 1609 4670 senensis,
1630 4573 1689 4649 cui
1709 4589 1846 4646 nomen

671 4706 754 4774 erat
779 4699 946 4791 Albanus,
975 4717 998 4771 a
1032 4718 1108 4792 quo
1133 4695 1313 4793 sagaciter
1338 4695 1565 4794 emungebat
1589 4693 1783 4790 pecuniam
1809 4696 1848 4765 et

672 4837 830 4893 munera
856 4817 984 4910 multa,
1010 4817 1097 4911 quia
1122 4816 1182 4892 ille
1211 4836 1297 4891 cum
1324 4817 1449 4913 lingua
1482 4834 1550 4888 sua
1578 4811 1735 4886 mirabili
1761 4829 1848 4908 pro-

736 5007 764 5069 (¹)
780 5009 806 5058 S.
824 5007 954 5058 monuerit
969 5019 1031 5057 enm
1047 5005 1079 5056 ad
1095 5003 1255 5070 loquendum
1273 5017 1335 5054 cnm
1353 5004 1415 5054 istis.
1541 4997 1569 5064 Ρ)
1586 5001 1616 5050 E.
1633 5005 1660 5050 et
1679 4997 1787 5050 vixistis.

736 5084 763 5148 ι’)
780 5085 811 5136 Ε.
828 5083 980 5135 alchimistn.
