4526 6836
727 953 866 1014 murus
891 955 1051 1012 nuemus
1073 954 1202 1011 nonus.
1501 941 1547 1012 ta

379 1121 524 1200 papam,
548 1121 623 1178 nou
658 1099 828 1178 obstante
857 1099 1139 1194 renuntiatione,
1163 1098 1337 1194 dicentes,
1362 1100 1462 1194 quod
1487 1099 1550 1176 tali

378 1221 542 1320 dignitati
572 1240 646 1298 non
676 1213 869 1316 poteratd)
900 1220 1126 1316 renuntiari,
1161 1229 1199 1298 et
1228 1219 1327 1314 quod
1356 1219 1439 1296 licet
1470 1219 1551 1296 Cle·

380 1362 484 1420 mens
508 1340 786 1435 renuntiaverit,
807 1346 932 1418 tamen
951 1340 1075 1416 fideles
1096 1340 1270 1418 tenebunt
1289 1359 1377 1416 eum
1394 1361 1463 1436 pro
1480 1341 1550 1416 Pa-

379 1473 446 1557 tre,
464 1469 503 1538 et
521 1467 648 1557 postea
672 1462 844 1556 oportuit,
865 1460 966 1556 quod
991 1451 1136 1554 essetl’l
1162 1480 1256 1556 papa
1281 1466 1546 1556 postmortem
1660 1461 1662 1469 “

378 1581 468 1658 Cleti
480 1570 529 1674 (³).
544 1577 762 1656 Goelsstinus
777 1599 869 1676 ergo
885 1579 923 1654 in
939 1579 1035 1656 dicto
1053 1579 1133 1656 loco
1149 1598 1282 1674 parurn
1301 1579 1410 1674 virit3
1424 1585 1461 1654 et
1476 1578 1547 1676 die,

379 1723 453 1797 qua
479 1706 648 1776 mortuus
673 1707 739 1794 est,
764 1699 833 1776 luit
856 1700 1021 1796 sepultus
1045 1698 1084 1774 in
1110 1719 1184 1775 una
1206 1685 1367 1794 parval‘)
1396 1698 1548 1774 ecclesia

378 1821 416 1898 in
440 1822 626 1915 Sulmone,
644 1840 729 1914 qne
754 1826 836 1896 erat
859 1820 908 1898 de
929 1819 1059 1896 ordine
1081 1839 1163 1914 suo,
1183 1824 1220 1893 et
1236 1818 1460 1916 paupercule
1479 1819 1547 1896 fnit

378 1941 516 2038 positus
538 1941 609 2016 sub
633 1950 734 2019 terra
746 1932 785 2034 (⁵)
810 1940 908 2017 ultra
923 1938 1053 2016 decem
1069 1938 1230 2034 brachia,
1249 1959 1296 2016 ne
1315 1939 1394 2016 eius
1412 1959 1547 2036 corpus

377 2060 613 2138 inveniretur.
640 2060 755 2158 Igitur
780 2061 910 2138 eodem
936 2080 1034 2136 anno
1059 2060 1263 2136 Boniiaeim
1289 2066 1432 2138 tantum
1457 2081 1547 2157 ope-

377 2188 479 2258 ratus
512 2187 568 2258 eet
600 2201 689 2258 cum
722 2180 967 2258 cardinalibus
995 2186 1032 2258 et
1061 2179 1259 2275 Carololl,
1292 2180 1357 2276 qui
1389 2181 1547 2260 habebat

377 2323 445 2398 pro
460 2322 502 2378 se
517 2301 710 2380 duodecim
727 2301 929 2378 cardinales
953 2301 1067 2378 motos
1090 2320 1156 2396 per
1173 2300 1422 2396 Goelestinum,
1442 2304 1543 2397 quod

377 2426 523 2498 creatam
540 2428 595 2496 est
609 2411 647 2514 (⁶)
663 2422 701 2496 in
719 2441 865 2518 papam.
883 2422 976 2498 Nam
993 2420 1129 2498 vadens
1145 2421 1192 2496 ad
1217 2421 1403 2516 carolum,
1428 2422 1540 2502 dixit:

377 2542 478 2618 Bone
501 2541 595 2618 Rex:
621 2541 723 2616 Tuus
749 2561 843 2640 papa
868 2541 1084 2618 Goelestinus
1108 2540 1224 2616 voluit
1252 2540 1393 2618 servire
1417 2541 1481 2618 tibi
1505 2542 1544 2620 in

378 2661 473 2738 belo
498 2660 637 2756 Siciliae,
662 2661 726 2738 sed
751 2661 918 2757 nescivit3
944 2661 1010 2738 sed
1031 2661 1065 2736 si
1088 2667 1128 2738 tu
1158 2660 1223 2737 das
1251 2681 1416 2758 opernm,
1446 2662 1546 2756 quod

379 2780 433 2856 tui
457 2781 566 2858 amici
589 2782 790 2860 cardinales
814 2783 950 2879 eligant
969 2803 1032 2859 me
1045 2771 1082 2876 C)
1110 2801 1255 2877 papam,
1280 2801 1352 2879 ego
1372 2781 1485 2860 seiam
1506 2789 1545 2860 et

378 2901 500 2980 volam
532 2902 672 2980 servire
699 2902 775 2997 tibi,
803 2902 1019 2998 promittens
1047 2908 1278 2979 sacramento
1306 2921 1490 2999 apponere
1503 2893 1541 2997 (⁸)

377 3028 494 3098 totum
532 3043 638 3118 posse
676 3022 846 3100 ecclesie.
883 3023 985 3098 Tune
1022 3041 1088 3098 rex
1121 3021 1288 3118 promisit
1320 3029 1359 3100 et
1394 3021 1541 3098 ordina·

375 3142 437 3237 vit,
462 3143 562 3237 quod
594 3141 788 3218 duodecim
820 3141 1022 3218 cardirrales
1050 3140 1159 3218 amici
1183 3140 1242 3216 sui
1265 3140 1395 3216 darent
1407 3131 1446 3233 (⁰)
1472 3141 1539 3218 sibi
1612 3237 1618 3246 ι

375 3281 499 3356 vocem
525 3268 562 3340 et
586 3261 760 3338 continuo
779 3261 949 3338 dominre
966 3261 1156 3338 Mattheus
1180 3259 1228 3336 de
1251 3259 1388 3336 Ursinis
1413 3266 1451 3336 et
1474 3260 1540 3336 do-

374 3381 496 3458 minus
520 3381 678 3458 lacobus
702 3380 749 3458 de
766 3382 946 3458 Columna
962 3380 1142 3478 principes
1158 3385 1344 3458 sectarum
1360 3379 1541 3457 dederunt

374 3501 440 3578 sihi
465 3521 585 3578 voees.
612 3501 656 3576 llt
680 3501 749 3578 isto
774 3501 885 3577 modo
909 3500 1126 3578 Benedictus
1148 3498 1217 3574 luit
1232 3499 1371 3582 electus
1389 3519 1483 3596 papa
1504 3501 1542 3574 in

374 3620 518 3698 civitate
543 3620 692 3718 Neapoli
717 3626 754 3696 et
779 3629 932 3698 vocatus
947 3620 1153 3698 Boniiacius
1170 3619 1246 3694 Vlll
1270 3620 1309 3694 in
1334 3619 1455 3716 vigilia
1474 3641 1541 3698 na-

374 3741 520 3818 tivitatis
544 3740 684 3816 Christi.
711 3741 781 3829 Qui
804 3740 926 3818 stetim
953 3740 1130 3818 electione
1152 3740 1261 3835 laeta,
1281 3739 1430 3818 recessit
1454 3761 1540 3816 cum

374 3859 615 3936 cardinalibus
639 3859 687 3935 de
711 3860 861 3956 Neapoli
885 3866 922 3936 et
947 3860 1047 3938 venit
1066 3860 1234 3954 Romam,
1251 3865 1290 3935 et
1307 3861 1465 3936 multum
1486 3861 1542 3938 la-

374 3973 516 4056 boravit
540 4001 607 4075 pro
631 3979 763 4058 carolo
782 4001 850 4076 pro
866 3979 1091 4074 acquirenda
1108 3979 1237 4057 Sicilia.
1255 3979 1320 4058 llic
1336 3980 1541 4061 Bonifacius

371 4098 441 4174 fuit
465 4099 593 4176 nobilis
615 4117 765 4196 genere,
784 4119 940 4196 magnus
963 4098 1100 4192 auimo,
1115 4099 1310 4193 plusquam
1327 4098 1456 4176 deceat
1479 4121 1540 4176 sa·

371 4217 569 4313 cerdotem,
595 4218 851 4312 dominativus,
871 4223 1016 4293 amator
1041 4216 1190 4292 honoris
1215 4222 1252 4292 et
1276 4222 1393 4294 status
1417 4219 1537 4296 eccle-

369 4339 449 4434 siae3
468 4345 506 4416 et
520 4359 589 4416 sua
605 4338 799 4434 prudentia
815 4345 854 4416 et
869 4337 1031 4434 potentia
1048 4338 1208 4413 multum
1225 4337 1292 4412 luit
1308 4337 1535 4434 formidatus,

369 4460 437 4536 luit
459 4461 680 4574 pecuniosus
698 4459 813 4555 valde,
833 4459 1057 4556 amplectens
1076 4459 1181 4535 lucra
1201 4458 1279 4536 sine
1303 4460 1534 4557 conscientia,

431 4691 457 4756 (¹)
474 4691 506 4742 ll.
520 4695 643 4756 potuerat
658 4692 816 4744 renuntiare.

429 4763 457 4828 (η
474 4771 527 4827 llo,
544 4771 612 4818 esset
627 4767 681 4831 ipse
696 4771 882 4831 postmortem
897 4768 984 4819 electi.
1212 4767 1239 4832 ς’)
1255 4767 1286 4819 B.
1301 4769 1387 4820 electi.

429 4843 457 4906 (⁴)
473 4845 528 4904 lto,
544 4841 742 4908 purum—li.
757 4844 867 4909 muln
883 4844 991 4900 eoeledr
1006 4844 1147 4900 Suinmu.

430 4919 457 4980 ι’)
475 4922 529 4980 rra,
546 4919 715 4971 mearam.
1210 4921 1237 4986 ι’)
1254 4925 1309 4984 rra,
1325 4927 1363 4974 est
1379 4936 1452 4988 prpe

430 4993 887 5061 (demerendorum.
1209 4997 1424 5064 dtsstnrwto·

431 5069 458 5134 (ἢ
474 5071 505 5123 ll.
521 5071 613 5126 darent
627 5072 676 5126 nlrt
691 5085 777 5138 roem,
793 5077 820 5128 el
835 5073 886 5128 blo
901 5073 988 5128 modo.
