4566 6844
707 955 779 1020 ont
1100 961 1305 1020 dommuli
1329 963 1481 1018 mmm

705 1129 780 1184 non
806 1105 938 1203 querit
951 1098 988 1199 (¹)
1015 1105 1188 1202 proditor,
1215 1112 1258 1180 ut
1281 1105 1419 1181 dictum
1449 1104 1567 1180 estin
1597 1102 1759 1200 capitulo
1783 1125 1880 1202 prle-

706 1227 859 1322 cedenti,
886 1224 950 1302 sed
976 1232 1016 1301 ut
1046 1225 1231 1323 adaugeat
1244 1217 1281 1318 (¹)
1312 1225 1500 1301 infamiam
1532 1224 1637 1299 hosti.
1668 1225 1714 1299 llt
1742 1225 1880 1302 iterum

705 1354 828 1446 captat
854 1346 1148 1423 benevolentiam
1172 1365 1195 1420 a
1220 1365 1377 1443 persona
1402 1345 1555 1440 autoris,
1580 1344 1723 1421 diceus:
1747 1347 1784 1420 io
1808 1367 1881 1422 non

705 1491 747 1542 so
762 1471 817 1542 cic·
834 1473 869 1541 tu
888 1462 1085 1560 scalpe
1105 1461 1692 1560 olemodovcnctocidqauppid:
1712 1465 1880 1544 mirabile

708 1588 808 1662 enim
833 1587 979 1662 videtur
1004 1585 1104 1680 quod
1129 1585 1274 1661 veneris
1298 1586 1405 1660 vivus
1431 1585 1478 1661 ad
1503 1584 1700 1680 infernum,
1719 1592 1756 1661 et
1782 1585 1880 1662 rodi-

707 1715 815 1782 turus
840 1706 889 1780 sis
919 1705 965 1781 ad
995 1705 1178 1780 mundum
1208 1705 1369 1801 impune.
1404 1705 1507 1782 Unde
1536 1704 1660 1781 nescio
1690 1705 1720 1780 si
1749 1705 1879 1781 venisti

706 1825 958 1922 corporaliter,
983 1825 1042 1900 vel
1068 1824 1314 1921 spiritualiter,
1332 1825 1391 1900 vel
1416 1825 1528 1920 solus,
1547 1827 1606 1901 vel
1632 1825 1802 1920 sociatus,
1820 1847 1880 1900 mc

704 1947 891 2038 fiorentiw
916 1947 965 2017 mi
988 1944 1117 2018 emtori
1132 1952 1329 2018 momente
1349 1943 1880 2036 praenominaverat

707 2063 806 2140 enim
832 2082 957 2138 oomes
981 2064 1137 2138 Dantem
1161 2063 1374 2158 loquentem
1400 2063 1605 2158 florentine,
1630 2072 1668 2141 et
1691 2084 1824 2140 amare
1839 2055 1876 2157 (⁸)

707 2182 978 2277 vituperantem
1016 2183 1120 2256 illum
1157 2183 1315 2258 Boccam
1342 2181 1566 2277 proditorem
1595 2181 1718 2278 populi
1744 2183 1880 2260 lloren-

708 2302 774 2377 tini
798 2302 999 2378 minantem
1025 2302 1074 2377 ilii
1100 2307 1318 2398 perpetuam
1350 2301 1549 2377 infamiam.
1583 2301 1668 2378 ldeo
1692 2302 1797 2378 dicit:
1825 2304 1880 2379 vi·

708 2423 806 2499 doris
832 2423 919 2498 mihi
945 2422 1159 2498 florentinus
1175 2421 1316 2496 vicinus
1334 2441 1457 2516 meus3
1475 2421 1557 2497 ideo
1576 2421 1732 2498 libenter
1751 2423 1878 2498 audies

709 2549 747 2618 et
772 2542 910 2619 reseres
935 2543 982 2617 de
1012 2541 1287 2617 crudelitatibus
1310 2541 1536 2636 pisanorum,
1562 2547 1601 2617 et
1634 2542 1744 2616 unius
1767 2543 1880 2618 Ubal·

709 2662 892 2737 dinorum.
907 2701 956 2715 -
971 2667 1029 2735 ilc.
1056 2660 1122 2736 llic
1147 2681 1271 2736 comes
1288 2660 1411 2758 incipit
1427 2681 1534 2736 suam
1552 2661 1824 2757 narrationem3
1842 2669 1879 2739 et

709 2781 830 2877 primo
856 2781 1049 2876 respondet
1072 2780 1120 2855 ad
1144 2779 1306 2875 primum
1337 2779 1533 2875 quesitum
1565 2779 1716 2876 autoris,
1745 2781 1882 2857 scilioct

710 2899 773 2994 qui
808 2887 1010 2994 iueriutl‘l,
1042 2899 1185 2974 dicens:
1224 2905 1260 2973 ta
1296 2901 1353 2973 dei
1388 2919 1495 2992 saper
1527 2902 1626 2973 cl’io
1654 2902 1753 2994 liti’l
1783 2909 1881 2976 corde

714 3021 870 3114 Upolino,
900 3018 1069 3093 domiuus
1093 3017 1273 3114 Pisarum,
1298 3039 1318 3092 c
1341 3022 1449 3116 questi
1467 3015 1505 3094 e‘c
1529 3021 1781 3094 lorcioesoovo
1806 3025 1880 3096 lio-

708 3143 811 3232 ρέω,
836 3139 882 3215 de
911 3138 1095 3214 Ubaldiuis
1114 3138 1408 3236 archiepiscopus
1428 3139 1614 3234 Pisarum3
1640 3145 1678 3216 et
1706 3137 1813 3216 oiiert
1839 3159 1880 3216 se

708 3277 975 3354 responsurum
1001 3257 1047 3334 ad
1074 3257 1290 3353 secundum,
1320 3258 1455 3334 scilicet
1487 3258 1534 3334 de
1562 3265 1714 3353 peccato
1739 3258 1879 3335 crudeli

708 3378 968 3475 archiepiscopi
995 3383 1123 3454 contra
1148 3399 1200 3472 se,
1229 3378 1376 3454 dicens:
1407 3399 1453 3452 or
1478 3382 1504 3452 ti
1534 3374 1616 3453 dird
1635 3381 1791 3472 percl'i'
1816 3401 1881 3454 son

709 3501 763 3573 tat
784 3501 911 3590 vicino
937 3499 1072 3573 malam
1098 3498 1321 3574 vicinitatem
1353 3497 1438 3573 iacit
1472 3498 1559 3572 sibi:
1590 3503 1628 3574 et
1661 3505 1703 3573 ut
1731 3499 1882 3575 brevius

710 3623 837 3692 narret
861 3617 957 3691 istud
983 3637 1161 3714 maguum
1188 3618 1341 3712 malum,
1367 3636 1415 3693 ue
1444 3617 1599 3692 toedium
1627 3617 1746 3713 pariat
1774 3617 1881 3692 audi-

710 3737 793 3832 tori,
819 3743 961 3811 resecat
991 3736 1111 3832 primo
1144 3737 1331 3831 superflua
1356 3737 1492 3831 dicens,
1522 3735 1619 3831 quod
1654 3737 1732 3810 vult
1756 3735 1879 3812 dimit-

709 3861 789 3932 tere
814 3855 913 3952 iilud‚
940 3855 1039 3949 quod
1065 3861 1120 3932 cst
1150 3862 1279 3931 uotum
1309 3856 1347 3930 in
1378 3858 1501 3952 vulgo,
1528 3857 1663 3932 scilicet
1693 3857 1881 3952 quomodo

709 3977 748 4050 in
775 3976 936 4051 tumultu
966 3975 1090 4071 populi
1119 3975 1196 4070 ipse
1226 3974 1338 4050 luerit
1370 3976 1518 4052 invasus
1549 3983 1586 4051 et
1616 3983 1744 4072 captus
1768 3997 1882 4072 opera

709 4095 793 4171 dicti
810 4087 847 4188 (⁵)
872 4095 1030 4190 Rogerii.
1061 4095 1154 4169 llicit
1183 4115 1297 4192 ergo:
1323 4097 1382 4168 dir
1413 4115 1485 4168 loon
1518 4091 1556 4170 dc
1589 4099 1750 4189 ntcstieri,
1776 4097 1879 4192 idest,

710 4236 785 4291 non
810 4221 866 4289 est
891 4214 1139 4289 necessarium
1167 4235 1235 4290 nec
1266 4216 1356 4290 utile
1381 4235 1536 4291 narrare
1570 4216 1646 4312 libi,
1671 4219 1771 4291 ct'io
1791 4221 1881 4311 sossi

703 4356 814 4432 proso
826 4358 845 4409 c
853 4337 976 4432 poscio
989 4342 1117 4427 morto,
1125 4355 1194 4428 per
1211 4337 1350 4428 teffetto
1366 4339 1507 4412 de’ncot
1518 4339 1774 4430 malpensieri;
1791 4357 1877 4412 nam

709 4453 805 4529 bene
830 4452 1001 4550 perduxit
1025 4452 1073 4528 ad
1097 4453 1270 4528 ellectum
1298 4453 1396 4549 quod
1422 4456 1520 4531 male
1547 4461 1776 4551 conceperat.
1802 4423 1917 4530 iloc-x

710 4573 797 4650 dicit
820 4593 956 4667 comes,
982 4573 1067 4666 quia
1089 4572 1223 4648 Dantes
1237 4565 1274 4666 (⁶)
1297 4583 1486 4670 umquam
1507 4576 1721 4652 florentinus
1738 4575 1879 4650 vicinus

772 4838 846 4900 (¹)13·
863 4841 972 4902 ‹iuml-
1251 4837 1280 4900 (Ἴ
1295 4840 1322 4891 S
1338 4854 1354 4891 c
1370 4841 1400 4891 lt
1417 4846 1517 4908 rupert.

771 4913 798 4976 l')
815 4915 846 4966 li.
861 4915 1029 4966 ummlulmc.
1253 4915 1281 4980 (¹)
1297 4915 1323 4967 S.
1339 4919 1383 4981 qul
1399 4917 1567 4970 tuerit-E.
1583 4917 1628 4984 qui
1644 4917 1757 4970 lucrant.

773 4991 800 5051 (¹)
816 4989 843 5041 S.
860 4989 958 5042 domini
975 4991 1080 5055 Rogerll
1097 4989 1222 5054 predicti.

772 5065 799 5126 (⁸)
815 5064 841 5118 Β.
858 5065 955 5119 Denter
970 5067 1123 5120 florentium
1139 5073 1272 5132 umqum
1289 5069 1387 5120 ricinus
1402 5074 1429 5121 ct
1444 5070 1525 5122 hortis
1540 5069 1666 5124 Pinarum.
