4534 6842
706 1000 846 1057 cunnus
871 1002 1062 1058 mersimus
1087 1001 1264 1069 nulnrus.
1493 985 1563 1056 193

397 1142 502 1235 quasi
526 1161 672 1238 semper
698 1151 805 1219 vocat
830 1165 869 1219 se
894 1151 1091 1240 pastorem,
1116 1153 1154 1221 et
1178 1163 1277 1218 nunc
1310 1149 1391 1217 erat
1421 1141 1496 1216 dur
1528 1147 1567 1215 et

396 1268 519 1357 pastor
542 1263 686 1339 Dentis:
705 1262 774 1337 luit
797 1264 908 1339 etiam
929 1263 1124 1359 aliquando
1141 1263 1399 1360 pauperculus,
1417 1261 1568 1356 quando

396 1381 464 1455 init
487 1383 662 1477 spoliatus
686 1383 790 1458 bonis
815 1385 891 1458 suis
916 1391 1084 1481 tempore
1108 1383 1275 1481 Augusti,
1301 1389 1338 1458 et
1363 1401 1461 1456 nunc
1487 1386 1567 1456 erat

397 1501 570 1597 spoliatus
594 1523 726 1598 carne;
745 1505 843 1579 unde
868 1525 979 1599 supra
1006 1503 1167 1599 capitulo
1184 1503 1277 1598 XXI,
1298 1508 1409 1577 autor
1425 1501 1569 1575 assimi-

398 1623 486 1696 lavit
510 1643 597 1698 eum
622 1625 859 1720 pauperculo,
878 1625 1044 1718 inquom
1061 1625 1210 1698 irruunt
1227 1623 1399 1699 canesad
1418 1621 1565 1696 ostium.

397 1741 482 1816 Ovis
507 1749 562 1818 est
590 1745 735 1839 Dentes,
769 1751 959 1838 tamquam
990 1744 1186 1840 discipulus
1217 1743 1434 1819 commissus
1467 1761 1568 1816 curae

399 1862 562 1958 magistri
588 1862 724 1960 Virgilii
751 1870 902 1959 paratus
927 1864 1031 1960 sequi
1057 1865 1223 1960 regimen
1255 1869 1292 1938 et
1322 1862 1475 1937 ductum
1501 1882 1568 1957 pa·

399 1982 515 2056 storis.
542 1981 652 2079 Virga
678 1982 815 2080 Virgilii
841 1991 897 2059 est
921 1983 1046 2082 lingua
1064 1985 1140 2060 sive
1158 1984 1333 2079 doctrina,
1354 1983 1414 2058 cui
1433 1984 1567 2057 Dentes

399 2110 479 2178 erat
509 2103 708 2199 subiectus,
734 2105 828 2181 sicut
853 2105 974 2179 statim
1006 2105 1153 2201 patebit,
1183 2104 1269 2199 quia
1301 2103 1446 2180 vocabit
1478 2122 1567 2177 eum

398 2223 554 2318 pullum,
580 2230 618 2298 et
641 2225 737 2299 bene
761 2225 943 2320 percutiet
968 2245 1054 2300 eum
1081 2225 1184 2322 virga
1200 2217 1248 2316 (⁴).
1275 2224 1412 2298 Pruina
1433 2233 1487 2300 est
1512 2222 1567 2295 ira

398 2363 481 2436 quae
507 2342 556 2420 ita
582 2345 704 2420 exurit
728 2353 890 2421 mentem
922 2344 1015 2423 sicut
1048 2344 1179 2441 pruina
1210 2343 1375 2419 herbam.
1401 2341 1456 2418 td
1480 2363 1568 2437 pro-

396 2464 555 2559 positum
582 2485 691 2562 ergo:
719 2465 812 2540 sicut
836 2472 960 2562 pastor
985 2466 1048 2560 qui
1075 2473 1155 2541 erat
1179 2465 1298 2561 primo
1324 2463 1493 2539 turbatus
1518 2483 1564 2538 er

397 2583 540 2678 pruina,
566 2584 676 2680 paulo
701 2591 792 2680 post,
819 2585 879 2660 illa
892 2571 1077 2680 resoluta,
1104 2587 1260 2680 letatur,
1285 2590 1324 2659 et
1348 2583 1480 2658 emittit
1504 2601 1569 2678 pe-

400 2703 603 2797 eudesius
636 2704 805 2802 Virgilius
837 2706 957 2781 bonus
990 2713 1114 2802 pastor
1145 2705 1317 2780 turbatus
1351 2703 1469 2799 primo
1501 2703 1567 2797 ira,

399 2826 508 2919 paulo
525 2831 616 2920 post,
633 2825 693 2900 illa
710 2826 874 2921 expulsa,
892 2826 1013 2902 emisit
1030 2827 1209 2923 pecudem
1224 2817 1260 2918 (¹)
1276 2832 1382 2900 extra
1401 2823 1565 2920 bulgiam

397 2943 445 3018 ad
469 2964 603 3020 novam
628 2947 780 3020 herbam
800 2946 1031 3042 pascendam,
1052 2947 1187 3022 scilicet
1203 2945 1250 3021 ad
1266 2945 1443 3041 pabulum
1462 2963 1568 3018 novae

400 3065 572 3140 materie.
587 3107 637 3122 -
651 3059 738 3140 eost.
764 3067 830 3141 llic
853 3073 964 3141 autor
994 3066 1148 3162 applicat
1179 3065 1489 3163 comparationem
1520 3064 1567 3140 ad

399 3185 637 3280 propositum,
662 3187 856 3262 ostendens
881 3186 1069 3280 quomodo
1095 3186 1265 3283 Virgilius
1289 3186 1404 3262 iratus
1430 3185 1514 3260 iecit
1528 3175 1566 3278 (³)

399 3324 486 3379 eum
512 3305 632 3400 primo
657 3306 799 3400 timere,
819 3305 965 3380 dicens:
992 3308 1026 3379 to
1052 3314 1199 3398 emoto,
1217 3305 1363 3400 scilicet,
1380 3305 1563 3402 Virgilius,

400 3425 449 3496 mi
467 3427 542 3517 fece
565 3415 636 3498 cori
659 3425 830 3516 stipotttr,
856 3423 958 3520 idest,
984 3426 1134 3501 alterari
1158 3433 1195 3500 et
1221 3425 1397 3521 timorari,
1423 3427 1566 3520 quondo

397 3545 424 3616 li
446 3545 519 3617 vidi
541 3535 571 3617 si
597 3547 722 3618 teter
738 3550 775 3619 lo
789 3549 929 3641 stent&
948 3566 1034 3621 nam
1053 3545 1223 3644 Virgilius
1241 3545 1399 3622 habebat
1415 3565 1514 3620 nunc
1528 3535 1565 3639 (⁸)

397 3661 526 3738 laciem
551 3663 815 3741 inflammatam
835 3658 872 3759 (¹⁵)
905 3667 960 3741 ira
986 3687 1033 3742 ex
1059 3667 1188 3743 fraude
1220 3667 1314 3743 iacta
1344 3665 1412 3741 sibi
1440 3688 1463 3741 a
1491 3665 1570 3740 dia·

397 3779 488 3856 bolis
502 3772 552 3878 (⁶),
578 3785 671 3859 sicut
695 3785 763 3859 init
788 3785 1036 3861 inflammatus
1062 3807 1174 3883 supra
1199 3785 1358 3882 capitulo
1380 3785 1482 3882 Vllll,
1510 3807 1570 3862 re-

397 3903 501 3996 pulsa
516 3893 553 3994 (⁷)
566 3903 651 3979 data
667 3903 733 3978 sibi
755 3905 792 3980 in
809 3906 959 3983 introitu
980 3905 1145 4001 civitatis,
1164 3912 1201 3980 et
1218 3927 1264 3981 ex
1281 3906 1342 3980 illa
1359 3904 1569 3980 turbatione

397 4019 463 4095 irae
492 4021 627 4097 Dentes
660 4031 742 4098 erat
778 4025 895 4100 lactus
927 4029 1025 4099 totus
1056 4025 1218 4118 territus,
1249 4031 1287 4099 et
1319 4024 1368 4098 ita
1392 4024 1470 4119 hic;
1505 4024 1568 4099 sed

398 4141 466 4216 ista
483 4147 537 4216 est
555 4143 675 4218 minor
699 4145 754 4220 ira
780 4150 818 4220 et
843 4143 950 4218 citius
975 4145 1122 4238 recedit,
1141 4152 1179 4219 et
1198 4145 1248 4218 ita
1273 4144 1383 4217 timor
1407 4143 1547 4218 autoris
1554 4165 1565 4238 ;

396 4259 478 4337 ideo
502 4261 659 4339 ostendit
683 4263 790 4338 istam
815 4262 1057 4358 placationem
1083 4262 1221 4360 Virgilii
1246 4282 1450 4360 perunum
1485 4281 1568 4337 me·
1599 4316 1604 4325 .

396 4385 588 4479 taplroram
623 4385 790 4479 pulcram
828 4390 864 4458 et
901 4385 1100 4479 propriam,
1134 4383 1280 4459 dicens:
1318 4405 1337 4456 e
1373 4375 1445 4457 cori
1478 4389 1565 4456 tosto

397 4505 420 4578 Γ
430 4507 614 4598 impensem
633 4507 755 4596 piram
770 4507 810 4578 at
823 4507 937 4600 mnte3
962 4505 1056 4582 sicut
1081 4505 1178 4581 enim
1197 4505 1436 4601 emplastrum
1455 4503 1566 4579 habet

397 4623 567 4720 mitigare
592 4631 778 4700 tumorem
803 4625 936 4720 carnis,
961 4624 1011 4700 ita
1041 4624 1243 4721 benignitas
1272 4624 1400 4699 frontis
1430 4623 1569 4721 Virgilii

397 4743 524 4819 habuit
550 4745 719 4842 mitigare
743 4745 914 4821 timorem
931 4735 968 4840 (⁸)
987 4745 1115 4820 mortis
1132 4745 1265 4820 Dantis.
1285 4745 1329 4818 Et
1346 4745 1477 4840 probat
1499 4746 1570 4820 hoc

459 4962 488 5025 (¹)
504 4963 539 5026 S„
556 4963 587 5014 lt.
604 4977 619 5016 e
636 4967 691 5026 tro,
707 4964 779 5028 virga
795 4977 849 5016 sue.
950 4963 976 5028 (·)
994 4968 1048 5025 tlt,
1064 4964 1191 5028 pecudem
1207 4977 1284 5014 snum
1300 4967 1382 5013 extra.

458 5035 485 5100 (“)
501 5037 532 5090 R
548 5039 647 5092 Deerlt.
725 5037 752 5104 (“)
768 5038 800 5091 lt
814 5044 887 5090 tunc.
949 5039 977 5100 (¹)
994 5043 1049 5099 tlt,
1067 5039 1183 5090 tulletum
1200 5039 1246 5088 ira.
1316 5036 1343 5100 (’)
1360 5036 1390 5086 B.
1407 5050 1422 5087 ι
1438 5035 1550 5090 diabolo.

459 5113 534 5178 <tlt
549 5129 565 5168 s
582 5121 637 5179 tlt,
653 5131 687 5170 ax
702 5117 806 5184 repulse
822 5116 889 5168 data.
950 5113 977 5178 (·)
994 5115 1019 5167 S.
1035 5128 1051 5166 a
1067 5115 1099 5168 ll.
1116 5117 1238 5169 umorem
1254 5115 1357 5167 mentis.

532 5221 562 5268 ll.
1407 5221 1435 5266 lt
