4534 6842
688 921 826 980 caurus
849 925 1040 981 vrorsruus
1064 923 1258 981 snnuunus.
1491 918 1559 986 115³

387 1074 486 1146 ursui
495 1077 749 1163 namneum
766 1091 833 1166 per
853 1073 923 1146 hoc
943 1071 1102 1167 intellige
1118 1070 1216 1163 quod
1234 1071 1461 1150 Barbariccia
1482 1076 1557 1151 dux

387 1199 425 1268 et
447 1191 619 1267 domin'us
644 1191 797 1265 istorum
814 1185 865 1285 (¹),
894 1191 986 1266 idest
1016 1191 1221 1286 principalis
1253 1194 1315 1286 qui
1332 1184 1369 1284 (¹)
1398 1194 1499 1269 ducit
1523 1203 1560 1271 et

388 1313 482 1408 regit
510 1311 654 1386 curiam
679 1312 773 1386 sicut
798 1311 969 1405 vicarius,
1001 1317 1158 1386 conatur
1190 1311 1263 1386 cito
1276 1302 1314 1404 (³)
1349 1315 1559 1409 recoperire

387 1433 473 1506 istos
498 1437 536 1506 et
561 1433 711 1506 trahere
730 1431 777 1506 de
800 1431 966 1523 iniamia3
988 1431 1069 1506 ideo
1087 1431 1208 1506 statim
1231 1432 1341 1505 mittit
1361 1434 1479 1508 socios
1496 1435 1560 1527 qui

388 1552 621 1648 interponant
644 1571 696 1644 se,
722 1557 760 1624 et
793 1555 944 1625 utantur
976 1550 1118 1625 artibus
1143 1550 1237 1644 suis;
1264 1557 1302 1626 et
1326 1551 1411 1626 iacit
1427 1542 1462 1644 (⁴)
1489 1554 1559 1628 dici

389 1671 487 1765 quod
513 1671 550 1744 in
576 1669 724 1744 nomine
748 1668 880 1745 diaboli
906 1671 1030 1744 fumus
1046 1661 1082 1760 (ὅ)
1111 1668 1197 1764 picis
1228 1671 1466 1765 pervenitad
1492 1694 1558 1748 na·

387 1811 447 1868 res
472 1790 651 1887 principis.
678 1790 722 1863 Et
747 1790 861 1887 tangit
888 1791 1040 1865 modum
1066 1791 1304 1866 succurrendi
1323 1791 1478 1866 istorum
1503 1793 1559 1867 di-

388 1931 493 1986 cens:
520 1910 588 1985 illis
612 1910 809 2004 demones,
835 1913 1008 1984 ducesero
1041 1933 1065 1982 o
1097 1915 1134 1985 ln
1162 1918 1266 2004 posto
1289 1914 1328 1985 di
1352 1933 1422 2004 quo
1447 1915 1485 1986 di
1508 1904 1557 2005 ul,

387 2031 490 2124 idest,
516 2051 563 2106 ex
588 2037 747 2124 utraque
772 2039 888 2125 parte,
913 2031 1000 2124 quia
1025 2037 1186 2124 quatuor
1216 2031 1376 2127 praedicti
1406 2053 1453 2108 ex
1483 2053 1558 2108 una

387 2157 492 2247 parte
516 2157 554 2226 et
577 2149 639 2224 alii
670 2156 831 2243 quatuor
860 2170 907 2224 ex
937 2151 1020 2244 alia,
1046 2150 1182 2228 scilicet
1211 2150 1440 2227 Barbariccia
1470 2173 1557 2227 curn

386 2273 465 2348 aliis
482 2271 610 2365 tribus,
624 2291 752 2364 porser
777 2273 803 2343 li
826 2274 942 2344 osuini
957 2273 1098 2345 moereo
1114 2272 1336 2363 limpnuiati,
1353 2271 1457 2365 idest,
1474 2291 1560 2348 ver·

387 2413 450 2467 sus
474 2391 554 2466 illos
577 2389 671 2464 duos
695 2390 888 2466 inviscatus
901 2381 938 2482 (θ)
966 2390 1003 2464 in
1029 2389 1109 2484 pice
1125 2391 1171 2464 ad
1194 2391 1461 2466 sublevandum
1482 2410 1557 2467 eos.

387 2511 432 2590 ltt
460 2510 512 2584 sic
541 2509 624 2584 vide
655 2509 753 2603 quod
787 2509 994 2585 baratarius
1026 2530 1172 2606 semper
1203 2518 1324 2606 portat
1354 2511 1488 2586 ratium
1521 2511 1559 2584 in

388 2651 514 2725 manu,
539 2631 626 2724 quia
651 2631 735 2706 licet
761 2650 834 2704 non
859 2636 1031 2705 exerceat
1056 2631 1175 2726 ipsum
1207 2651 1354 2727 semper
1378 2637 1475 2724 actu,
1502 2636 1559 2705 ta-

389 2771 476 2826 men
487 2769 634 2844 semper
646 2749 856 2845 aptitudine.
871 2750 915 2823 Et
927 2750 1110 2826 concludit
1123 2757 1233 2826 autor
1250 2757 1367 2828 totum
1388 2753 1510 2826 thema
1520 2741 1557 2842 (⁷)

388 2879 426 2948 et
450 2871 667 2967 capitulum²
696 2869 842 2946 dicens:
876 2893 895 2942 e
925 2875 986 2944 noi
1016 2874 1219 2945 Immammo
1249 2875 1306 2945 lor
1330 2864 1400 2946 cosi
1423 2875 1558 2966 impoe-

385 2995 476 3066 cioti.
504 2993 575 3066 Per
599 2993 669 3066 hoc
694 2990 757 3064 dat
783 2991 930 3087 intelligi
956 2990 1054 3085 quod
1084 2990 1153 3065 riri
1179 2991 1358 3086 sapientes
1388 3012 1461 3066 non
1486 2992 1557 3066 im-

387 3111 539 3206 pediunt
563 3130 603 3186 se
628 3110 665 3184 in
690 3109 766 3184 istis
791 3109 904 3204 lactis,
931 3111 1006 3184 imo
1031 3109 1150 3184 rident
1175 3116 1213 3185 et
1237 3109 1372 3184 habent
1397 3111 1464 3185 sibi
1489 3111 1557 3184 bo-

387 3251 478 3304 num
504 3236 661 3324 tempus,
687 3235 725 3302 et
748 3228 873 3303 dicunt
887 3230 898 3300 :¹
923 3229 1083 3304 dividant
1108 3229 1204 3304 inter
1228 3249 1268 3306 se
1298 3229 1411 3305 litem.
1438 3231 1482 3308 Et
1506 3229 1557 3304 sic

386 3349 469 3426 vide
494 3369 541 3426 er
566 3349 738 3424 omnibus
763 3349 867 3424 dietis
889 3350 926 3422 in
944 3349 1013 3424 isto
1033 3349 1203 3445 capitulo,
1221 3350 1407 3444 quomodo
1433 3349 1557 3446 magni

385 3470 558 3546 baratarii
584 3470 768 3544 barattant
793 3475 831 3545 et
853 3471 1016 3545 lacerant
1036 3471 1208 3564 minores,
1226 3477 1264 3544 et
1279 3470 1465 3564 quomodo
1487 3469 1558 3543 mi-

386 3612 455 3667 nor
475 3589 660 3666 interdum
678 3591 835 3666 seminat
859 3591 959 3666 litem
981 3591 1076 3666 inter
1096 3611 1170 3686 eos,
1192 3591 1338 3687 elingit
1362 3598 1400 3666 et
1425 3590 1555 3666 evadit

385 3712 430 3787 lit
458 3710 517 3786 hic
547 3711 676 3786 ultimo
707 3713 790 3786 volo
824 3718 861 3786 te
894 3719 1034 3805 notare,
1061 3712 1186 3806 lector,
1218 3711 1317 3806 quod
1350 3713 1474 3787 nullus
1504 3719 1559 3788 est

386 3829 567 3925 dominus,
594 3831 657 3924 qni
683 3830 794 3926 possit
819 3831 935 3906 vitare
966 3831 1228 3906 occultissimas
1257 3830 1403 3906 insidias
1434 3832 1559 3907 barat-

388 3957 551 4027 tntorum
565 3941 620 4046 (⁸);
647 3951 710 4027 sed
735 3951 895 4026 detectas
919 3952 1014 4027 bene
1031 3958 1150 4046 potest
1166 3971 1328 4047 purgare
1352 3958 1390 4025 et
1414 3951 1557 4046 punire,

388 4074 558 4169 exemplo
592 4071 786 4146 Alexandri
815 4071 1005 4166 iustissimi
1039 4071 1270 4166 imperatoris
1304 4091 1556 4145 romanorum.

387 4193 488 4268 Sicut
513 4191 609 4268 enim
636 4191 760 4266 scribit
785 4191 901 4266 AElius
926 4189 1155 4285 Lampridius
1180 4191 1216 4263 in
1236 4189 1307 4264 vita
1329 4190 1419 4285 eius,
1437 4191 1558 4266 Aure-

387 4313 458 4389 lius
482 4311 688 4388 Alexander
713 4312 840 4388 habuit
864 4311 1021 4406 optimos
1046 4311 1231 4404 officiales,
1257 4311 1352 4387 inter
1372 4331 1466 4406 quos
1491 4311 1558 4387 luit
1655 4363 1660 4370 -

387 4434 560 4529 Ulpianus
590 4431 700 4506 totius
715 4423 750 4524 (⁹)
787 4432 912 4528 legalis
945 4431 1103 4507 scientim
1133 4433 1340 4526 thesaurus,
1366 4437 1404 4506 et
1434 4438 1558 4508 manen

450 4741 478 4804 ζ’)
494 4744 548 4800 trs,
564 4753 665 4790 eorum.
675 4766 706 4777 -
716 4739 746 4790 lt.
764 4739 881 4791 illorum.
1124 4737 1151 4798 (²)
1167 4737 1193 4788 S.
1210 4737 1271 4800 qnia
1288 4736 1368 4787 ducit.

451 4815 524 4880 l'lss·
541 4819 593 4868 cito
608 4829 764 4880 recuperare
780 4816 850 4875 istos,
867 4821 894 4866 et
910 4815 1053 4866 retrahere.
1123 4814 1151 4876 (⁸)
1169 4819 1223 4874 tta,
1240 4813 1309 4863 lenit.

451 4893 479 4955 (¹)
496 4897 550 4954 tte,
562 4893 618 4956 lam
634 4891 731 4942 ltrmm.
1125 4889 1152 4950 υ)
1169 4889 1199 4939 It.
1216 4889 1334 4938 viscatos.

451 4969 479 5034 θ)
495 4969 525 5020 lt.
542 4969 629 5022 tuma
646 4968 759 5032 capituli,
776 4968 871 5019 dicens.
1125 4965 1152 5028 (⁸)
1169 4969 1215 5016 tte
1230 4977 1246 5016 ο
1262 4962 1292 5014 lt
1309 4962 1520 5016 mraeurtornrn.

452 5046 480 5109 θ)
495 5047 526 5098 li.
543 5047 622 5098 totins
637 5047 702 5110 leals
716 5059 796 5097 sacra
812 5047 957 5097 murus
