4550 6844
711 971 784 1038 lle
1112 980 1317 1038 commun
1340 981 1494 1036 mltum

709 1128 791 1202 triae
817 1126 854 1201 in
877 1125 1013 1221 aliquo,
1039 1145 1108 1234 nec
1132 1135 1215 1204 erat
1238 1126 1421 1223 obligatus
1446 1123 1630 1220 aliquibus
1656 1121 1822 1220 legibus3
1848 1129 1888 1198 et

710 1247 875 1323 breviter
900 1246 1075 1341 narravit,
1094 1246 1193 1340 quod
1218 1247 1330 1344 graeci
1351 1245 1558 1322 habuerant
1578 1249 1693 1320 totam
1718 1261 1822 1338 spem
1850 1249 1889 1318 et

569 1469 572 1472 Ι
710 1365 881 1440 fiduciam
909 1364 1056 1460 incoepti
1075 1365 1160 1440 belli
1187 1365 1225 1439 in
1250 1365 1388 1440 auxilio
1405 1365 1485 1441 deae
1501 1363 1655 1440 Palladis
1672 1381 1888 1457 usquequo

712 1485 845 1580 impius
870 1485 1064 1560 Diomedes
1080 1491 1118 1560 et
1134 1487 1269 1582 Ulyxes
1289 1485 1460 1560 inventor
1480 1484 1664 1560 scelerum
1681 1488 1888 1578 rapuerunt

710 1605 747 1679 vi
773 1610 810 1680 et
836 1603 968 1680 iraude
993 1603 1103 1679 fatale
1129 1603 1330 1679 Palladium
1352 1603 1479 1678 occisis
1495 1594 1531 1696 (¹)
1553 1600 1804 1678 sacerdotibus
1821 1619 1889 1676 cu-

711 1723 874 1798 stodibus
891 1722 986 1798 arcis
1006 1723 1217 1798 desacrata
1235 1723 1372 1818 templo
1397 1719 1509 1817 ipsius
1524 1721 1621 1796 dcae:
1640 1741 1688 1796 er
1708 1720 1769 1794 illo
1792 1725 1888 1796 tcm-

709 1827 801 1939 porc
830 1842 940 1937 coepit
970 1843 1204 1918 retrocedere
1228 1863 1310 1938 spes
1335 1862 1560 1939 gracorum,
1586 1840 1672 1936 quia
1697 1838 1767 1915 dea
1792 1839 1887 1916 irata

709 1969 747 2038 et
771 1960 958 2058 indignata
975 1967 1030 2036 est
1051 1972 1179 2038 contra
1205 1982 1280 2037 eos.
1306 1960 1410 2036 Unde
1438 1961 1588 2036 Calchas
1613 1958 1784 2034 sacerdos
1809 1962 1887 2032 sta·

709 2082 776 2156 tim
801 2081 903 2175 dixit,
936 2081 1034 2174 quod
1068 2089 1149 2156 erat
1180 2081 1428 2157 recedendum
1446 2073 1482 2173 (¹)
1509 2081 1547 2154 in
1571 2079 1764 2173 Graeciam,
1797 2077 1886 2173 quia

711 2219 917 2294 numquam
943 2201 1054 2296 graeci
1079 2207 1227 2296 possent
1250 2201 1365 2275 armis
1390 2219 1607 2297 expugnare
1632 2197 1792 2292 Troiam,
1819 2195 1887 2272 nisi

711 2327 921 2415 repeterent
945 2321 1104 2418 auguria
1119 2329 1158 2396 et
1176 2321 1364 2416 placarent
1388 2319 1524 2395 iterum
1545 2319 1654 2396 deam
1673 2339 1786 2413 quam
1805 2319 1888 2412 pla·

710 2445 888 2515 caverant
912 2439 1059 2533 quando
1084 2439 1203 2534 primo
1223 2444 1403 2514 venerant
1418 2438 1467 2513 ad
1487 2437 1645 2532 Troiam,
1662 2443 1701 2511 et
1718 2436 1800 2512 ideo
1816 2455 1884 2531 pro

711 2559 956 2634 satisfactione
979 2559 1190 2638 huiusmodi
1220 2559 1363 2632 iniuriae
1394 2558 1656 2632 ordinaverunt
1685 2556 1884 2653 imaginem

713 2679 819 2771 hanc,
845 2684 883 2752 et
907 2679 1029 2752 statim
1055 2676 1228 2753 redibunt
1252 2678 1352 2773 quod
1372 2699 1445 2752 non
1466 2675 1706 2772 perpendetis.
1733 2675 1777 2751 et
1802 2676 1885 2751 Cal·

713 2797 801 2872 chas
825 2796 910 2872 iecit
942 2797 1021 2872 lieri
1046 2817 1186 2892 equum
1217 2804 1291 2873 tam
1319 2815 1498 2893 magnum
1523 2801 1561 2870 et
1585 2795 1808 2871 immensum
1836 2814 1884 2871 ne

713 2922 835 3012 possct
860 2915 971 3011 recipi
997 2937 1064 3012 per
1087 2923 1211 3012 portas
1237 2916 1395 2991 attrahi
1409 2905 1447 3008 (³)
1475 2913 1572 2992 intra
1593 2915 1729 2990 moenia
1754 2914 1884 3008 Troiae,

712 3057 781 3112 nec
793 3042 990 3132 protegere
1008 3037 1184 3132 populum
1203 3035 1387 3112 troianum
1405 3035 1475 3110 sub
1493 3035 1680 3130 religione,
1693 3033 1788 3108 sicut
1800 3034 1884 3107 Pal-

709 3157 848 3232 ladium
875 3165 957 3234 crat
981 3157 1130 3230 solitum
1156 3156 1296 3250 lacere3
1324 3175 1410 3230 nam
1435 3153 1521 3229 dicit
1545 3153 1708 3247 Calclms,
1729 3152 1828 3247 quod
1853 3153 1886 3226 si

711 3277 897 3352 violaretis
913 3297 1027 3350 manu
1046 3276 1142 3351 istud
1157 3276 1295 3351 donum
1314 3274 1487 3350 llinerrae
1504 3294 1680 3370 magnum
1698 3271 1884 3349 excidium

711 3403 913 3472 venturum
939 3402 1036 3471 esset
1060 3396 1214 3492 imperio
1241 3395 1389 3490 Priami,
1414 3401 1452 3470 et
1481 3394 1564 3490 ipsis
1593 3393 1759 3487 troianis3
1785 3393 1886 3488 quod

712 3515 913 3611 augurium
939 3515 989 3590 dii
1014 3515 1120 3590 citius
1149 3514 1328 3590 reducant
1355 3535 1468 3611 super
1496 3514 1616 3610 ipsum
1648 3520 1686 3588 et
1715 3534 1814 3588 suos.
1846 3513 1887 3588 Si

712 3653 805 3709 vero
830 3635 1024 3710 traheretis
1054 3635 1173 3729 ipsum
1205 3635 1243 3707 in
1275 3634 1409 3709 urbem
1434 3632 1603 3708 manibus
1628 3633 1771 3728 vestris,
1796 3641 1887 3710 tunc

712 3751 821 3828 'lroia
845 3752 976 3828 victrix
1001 3753 1145 3830 reniret
1161 3759 1289 3828 contra
1306 3753 1485 3828 Graeciam
1512 3758 1550 3827 et
1571 3760 1732 3830 vastaret
1757 3753 1885 3848 ipsam.

712 3873 758 3946 Et
782 3871 965 3948 concludit
989 3873 1138 3950 tandem
1163 3873 1282 3947 Encas
1301 3873 1412 3967 quod,
1430 3871 1563 3947 talibrm
1584 3871 1719 3946 insidiis
1743 3883 1782 3948 et
1805 3880 1887 3948 arte

711 3991 851 4087 perjuri
869 3991 1022 4088 Sinonis,
1037 4013 1097 4068 res
1114 3993 1253 4068 credita
1273 3993 1351 4088 tuit,
1369 3999 1407 4068 et
1427 3991 1559 4067 troiani
1577 3991 1671 4087 capti
1688 3999 1775 4066 sunt
1794 3992 1886 4068 dolis

713 4119 750 4188 et
774 4111 958 4210 lacrymis,
985 4132 1079 4207 quos
1103 4132 1173 4188 nec
1198 4110 1403 4207 Diomedes,
1424 4131 1494 4186 noc
1518 4111 1684 4206 Achilles,
1705 4131 1774 4186 nec
1798 4111 1888 4187 anni

711 4233 853 4326 decem,
878 4251 947 4308 nec
972 4232 1072 4308 mille
1096 4252 1210 4307 naves
1235 4231 1388 4306 domare
1412 4236 1620 4327 potuerant.
1640 4231 1732 4306 Nam
1755 4231 1887 4307 troiani

710 4350 834 4428 tractis
847 4351 965 4424 muris
982 4357 1020 4425 et
1037 4350 1173 4446 apertis
1189 4351 1303 4445 portis
1316 4351 1352 4424 ri
1370 4357 1565 4426 traxerunt
1583 4350 1728 4426 letalem
1744 4370 1884 4445 equum

710 4471 748 4545 in
773 4470 937 4546 medium
963 4470 1078 4565 urbis,
1100 4475 1138 4544 et
1162 4469 1287 4544 caecati
1315 4489 1388 4544 uon
1413 4471 1686 4566 perpenderunt
1710 4469 1757 4543 de
1782 4473 1884 4543 tanta

712 4589 854 4684 lraudc,
872 4595 908 4664 ct
926 4590 1201 4664 collocaverunt
1226 4588 1345 4684 ipsum
1372 4590 1410 4664 in
1435 4609 1542 4664 sacro
1560 4589 1695 4682 templo
1714 4586 1886 4661 Minerva

713 4729 800 4785 cum
826 4728 962 4805 magno
987 4708 1123 4806 gaudio
1147 4714 1185 4784 et
1209 4709 1312 4785 testo.
1339 4709 1410 4784 Sed
1443 4715 1551 4783 nocte
1581 4707 1749 4801 sequenti
1773 4707 1887 4782 adve-

713 4829 850 4924 niente,
869 4849 956 4904 cum
982 4828 1108 4904 omnia
1133 4829 1375 4924 quiescerent,
1394 4827 1506 4923 graeci
1531 4825 1670 4902 reversi
1695 4832 1782 4900 sunt
1808 4825 1887 4899 lur-

1781 4993 1887 5002 ...—

776 5077 803 5140 lli
820 5076 851 5128 lt.
866 5078 938 5128 casis
953 5077 1138 5129 sacerdotibus.
1204 5077 1232 5141 (¹)
1248 5077 1278 5127 li.
1295 5077 1467 5129 redeundum.
1535 5077 1562 5142 (⁸)
1578 5077 1609 5128 li.
1624 5081 1653 5130 st
1666 5077 1766 5128 intrare
1780 5071 1884 5124 monia.
