4580 6844
742 979 881 1036 murus
905 981 1097 1036 morsurus
1122 981 1305 1036 subrutus.
1542 965 1614 1034 313

443 1124 637 1218 veternus,
654 1123 748 1199 sicut
765 1126 889 1201 scribit
906 1126 1043 1200 Plinius
1064 1125 1277 1199 innaturali
1299 1123 1460 1200 historia.
1485 1125 1530 1197 Et
1557 1121 1616 1196 hic

442 1250 541 1338 nota,
570 1244 696 1338 lector,
734 1245 832 1339 quod
869 1246 983 1320 lmola
1012 1245 1099 1320 olim
1125 1251 1255 1320 vocata
1280 1250 1335 1319 est
1360 1244 1499 1320 Forum
1525 1243 1616 1318 Cor-

443 1363 538 1438 nolii.
557 1363 660 1438 Unde
674 1364 864 1461 Augustus
877 1359 913 1458 (⁸)
936 1365 974 1439 in
990 1363 1282 1461 cosmographia,
1300 1383 1413 1459 quam
1432 1363 1516 1440 lecit
1533 1361 1615 1438 fieri

441 1484 489 1559 de
514 1491 591 1559 toto
615 1485 719 1577 orbe,
745 1495 919 1562 numerat
933 1485 1073 1560 Forum
1091 1484 1248 1560 Cornelii
1268 1484 1362 1559 inter
1379 1483 1543 1560 civitates
1561 1483 1615 1556 la-

442 1623 575 1697 mosas,
601 1603 694 1680 sicut
718 1603 843 1680 scribit
866 1605 1037 1680 hibertus
1066 1623 1223 1701 magnus
1253 1603 1291 1677 in
1320 1623 1389 1678 suo
1415 1602 1536 1677 libello
1568 1601 1616 1676 de

442 1724 583 1798 Natura
607 1723 686 1800 loci.
712 1723 797 1799 idco
813 1735 939 1802 autem
965 1725 1016 1800 sic
1041 1724 1179 1798 dictum
1197 1729 1264 1817 est,
1285 1722 1372 1816 quia
1397 1743 1420 1797 a
1447 1719 1616 1796 Cornelio

445 1861 599 1918 romano
624 1841 671 1918 de
695 1843 898 1917 clarissima
922 1842 1058 1917 lamilia
1083 1841 1351 1934 Corneliorum,
1368 1840 1415 1915 de
1435 1859 1509 1934 qua
1535 1838 1616 1912 lue·

445 1967 534 2035 runt
558 1961 789 2036 illustrissimi
814 1961 1010 2056 Scipiones,
1036 1959 1254 2036 edificatum
1286 1966 1351 2036 est.
1386 1961 1518 2035 Postea
1547 1978 1617 2032 au-

445 2087 520 2155 tem
539 2085 682 2155 mutato
702 2081 851 2156 nomine
866 2081 962 2156 dicta
979 2090 1035 2157 est
1053 2081 1169 2155 lmola
1189 2081 1237 2154 ab
1257 2079 1454 2174 imolando,
1470 2076 1619 2174 quando

445 2218 624 2275 conversa
648 2205 703 2274 est
727 2200 775 2275 ad
800 2199 921 2294 tidem,
949 2199 1047 2275 unde
1070 2198 1209 2273 dictum
1232 2205 1307 2274 est:
1324 2201 1432 2272 imola
1458 2203 1533 2271 Deo
1556 2217 1619 2270 sn-

444 2321 614 2411 crificium
638 2321 775 2412 lnudb3
800 2319 848 2394 ab
873 2319 985 2394 imolo
1010 2338 1102 2414 ergo
1126 2317 1266 2413 optimo
1292 2318 1418 2412 verbo,
1444 2337 1519 2412 quo
1546 2316 1620 2392 ire-

445 2444 604 2532 quenter
640 2438 784 2512 utimur
819 2437 960 2512 orando
995 2437 1042 2511 ad
1073 2438 1214 2531 Deum,
1253 2443 1294 2510 ut
1331 2437 1416 2512 dicit
1454 2435 1620 2526 ecclesia,
1734 2517 1738 2526 ,

448 2558 653 2653 praesertim
679 2557 716 2632 in
741 2557 870 2632 diebus
892 2557 1179 2653 pontificalibus:
1206 2577 1284 2631 oum
1305 2559 1439 2650 pascito
1463 2563 1620 2630 monum

446 2681 609 2752 imolato
633 2684 684 2752 est
710 2679 876 2770 choto,
901 2678 1016 2752 imola
1040 2677 1274 2753 denominata
1300 2683 1365 2752 est.
1396 2678 1482 2752 llaec
1506 2675 1620 2770 siqui-

449 2796 534 2870 dem
560 2817 675 2892 parva
700 2796 825 2872 civitas
850 2817 947 2892 saepe
979 2817 1114 2893 magna
1145 2803 1183 2871 et
1212 2795 1346 2873 nobilia
1371 2795 1540 2892 producit
1565 2795 1622 2868 in-

448 2915 577 3011 genia;
603 2913 667 2990 sed
692 2935 740 2990 ne
764 2922 956 3011 suspectus
982 2915 1082 2991 testis
1112 2916 1237 2991 videar
1263 2917 1300 2990 in
1325 2936 1436 2992 causa
1462 2914 1622 3010 propria,

448 3033 535 3109 audi
560 3035 720 3110 breviter
745 3027 896 3129 qnodl')
923 3035 1021 3112 dicat
1044 3035 1213 3131 Magister
1230 3035 1504 3130 legendarum:
1529 3040 1623 3122 orat,

449 3153 578 3248 inquit,
608 3155 842 3227 Gomtelicnses
865 3157 1005 3245 ingenio
1028 3174 1188 3245 sapaces,
1211 3156 1381 3248 semodio
1400 3145 1437 3246 (³)
1463 3157 1625 3244 cloquen-

449 3278 512 3362 tes,
538 3272 813 3366 mensores,
839 3273 967 3346 ommt's
997 3275 1162 3363 audaces,
1195 3267 1363 3346 emelina
1390 3273 1460 3366 fide
1486 3273 1626 3364 pollcit-

450 3395 499 3464 tes
523 3397 583 3465 cto.
610 3389 653 3464 Et
677 3390 828 3468 adverte
853 3390 953 3485 quod
978 3397 1087 3467 autor
1111 3392 1213 3487 ponit
1238 3393 1323 3467 istas
1342 3392 1435 3466 duas
1460 3391 1625 3466 civitates

450 3509 571 3603 simul,
598 3509 683 3604 quia
709 3529 754 3584 eo
781 3516 948 3605 tempore
973 3516 1078 3585 erant
1103 3511 1173 3585 sub
1199 3531 1275 3586 uno
1299 3510 1461 3586 dominio
1486 3509 1625 3607 blaghi-

450 3628 571 3722 nardi;
597 3635 635 3703 et
659 3638 746 3705 sunt
770 3628 876 3704 valde
902 3629 1115 3726 propinquae
1142 3649 1208 3725 per
1236 3650 1390 3726 parvam
1416 3629 1624 3704 distantiam

451 3757 536 3824 octo
566 3748 832 3824 milliariorum.
866 3749 911 3822 Et
939 3749 1061 3824 subdit
1090 3758 1200 3825 autor
1233 3771 1361 3845 unum,
1389 3750 1487 3844 quod
1513 3750 1625 3844 vulgo

452 3867 598 3942 videtur
622 3867 755 3944 cedere
769 3857 818 3961 (⁴),
840 3868 886 3944 ad
914 3868 1100 3944 inlamiam
1120 3870 1216 3944 illius
1237 3869 1472 3966 blaghinardi,
1491 3869 1627 3943 scilicet

453 3984 553 4080 quod
577 3991 659 4060 erat
682 3985 901 4081 ghibellinus
921 3987 958 4061 in
977 3989 1228 4084 llomandiola,
1246 3995 1283 4064 et
1299 3989 1481 4086 guelphus
1498 3987 1535 4061 in
1551 3987 1627 4060 Tu·

453 4105 552 4197 scia3
579 4104 678 4178 unde
701 4103 810 4178 dicit:
836 4108 896 4179 cte
925 4112 1021 4179 muto
1051 4113 1154 4199 porto
1178 4111 1228 4182 do
1255 4111 1292 4181 to
1323 4114 1410 4181 stote
1439 4109 1479 4180 ol
1506 4125 1626 4179 verno.

454 4225 532 4299 Hoc
556 4244 625 4319 pro
650 4230 750 4298 tanto
775 4222 872 4317 dicit,
899 4224 986 4318 quia
1010 4225 1249 4302 llomandiola
1266 4225 1384 4323 magis
1404 4224 1549 4321 respicit
1569 4197 1639 4299 se?

454 4343 751 4440 ptemptrionom,
769 4344 851 4419 ideo
876 4349 932 4420 est
956 4342 1074 4442 magis
1091 4345 1240 4444 lrigida;
1257 4347 1387 4422 Tuscia
1404 4365 1494 4421 vero
1512 4344 1629 4442 magis

455 4463 600 4559 respicit
626 4463 829 4558 meridiem,
856 4474 893 4542 et
917 4483 984 4559 per
1017 4484 1248 4560 consequens
1278 4467 1396 4564 magis
1425 4466 1552 4542 calida.
1588 4465 1632 4539 Et

455 4582 514 4657 hic
539 4589 637 4677 nota,
663 4583 790 4677 lector,
817 4583 916 4677 quod
949 4603 1023 4659 non
1055 4584 1181 4680 miror,
1208 4585 1237 4659 si
1271 4606 1369 4660 unns
1395 4586 1441 4662 de
1465 4585 1631 4660 Calabria

455 4720 530 4775 non
555 4701 721 4800 intelligit
746 4703 843 4779 istud
868 4704 1083 4799 capitulum,
1101 4726 1189 4780 cum
1214 4705 1280 4802 ipsi
1306 4707 1529 4783 habitatores
1546 4726 1634 4802 pro·

455 4817 583 4894 vincite
609 4841 706 4917 saepe
732 4823 901 4919 ignorent
931 4825 1025 4903 lacta
1056 4825 1379 4920 domesticaque
1410 4833 1497 4902 sunt
1528 4833 1631 4923 gesta

518 5006 546 5064 υ)
563 5009 609 5059 rro
624 5019 640 5058 ο
656 5007 682 5058 s.
700 5008 870 5072 nummus
995 5009 1024 5072 t't
1040 5009 1066 5060 S·
1082 5010 1145 5074 qum
1161 5009 1238 5060 arur.
1255 5033 1285 5048 -
1302 5010 1333 5060 Β·
1349 5010 1412 5076 qun
1427 5011 1497 5062 Μ

520 5083 746 5148 plurumum
996 5088 1204 5152 (pumen.
