4580 6844
721 975 861 1032 cunnus
884 973 1079 1032 manemus
1101 973 1272 1031 ocrnvus.
1513 963 1587 1034 3¹15

344 1175 347 1180 -
408 1121 507 1197 viam
533 1139 641 1196 suam
666 1121 872 1216 postellus,
898 1141 994 1195 come
1014 1141 1174 1215 persam
1197 1123 1299 1194 trium
1315 1143 1335 1194 e
1351 1129 1471 1198 meda.
1488 1125 1587 1200 Fue-

409 1249 468 1318 rat
491 1240 591 1316 euim
615 1241 705 1317 clim
730 1241 836 1316 lctus
860 1243 898 1316 in
924 1261 1061 1338 magno
1086 1242 1177 1316 dure
1203 1259 1288 1316 cum
1314 1241 1451 1317 familia
1475 1245 1588 1318 Lam-

408 1361 601 1436 berturum
618 1354 654 1452 (¹)
680 1367 769 1435 anie
792 1360 889 1436 istud
913 1359 1106 1435 consilium
1132 1378 1257 1455 snum,
1277 1360 1341 1436 sed
1367 1368 1492 1456 postea
1519 1363 1587 1438 luit

407 1480 530 1575 tristis,
554 1479 676 1556 etalii
701 1480 811 1555 simul
836 1501 980 1575 secum,
1004 1481 1098 1556 sicul
1120 1491 1234 1556 auter
1262 1500 1436 1576 expresse
1461 1482 1589 1557 scribit

409 1601 569 1676 Paradisi
594 1600 754 1695 capitulo
775 1601 874 1674 lllll:
893 1607 1084 1697 reputatus
1101 1599 1223 1676 luerat
1242 1608 1329 1676 aule
1345 1599 1500 1697 sapiens,
1520 1601 1585 1677 sed

408 1727 492 1815 pust
513 1719 610 1794 istud
639 1720 778 1794 lactum
804 1726 996 1815 reputatus
1027 1719 1095 1794 luit
1124 1739 1272 1815 semper
1303 1719 1473 1815 insanus;
1505 1721 1588 1796 talis

410 1831 581 1934 asterga
606 1837 749 1918 fructus
773 1840 884 1933 quale
913 1859 1041 1914 semen
1056 1830 1104 1931 (¹).
1119 1845 1244 1913 -llc
1273 1843 1319 1913 ic.
1346 1840 1451 1915 Nunc
1475 1847 1588 1915 aulor

410 1959 583 2037 describit
607 1977 724 2033 unum
751 1959 865 2034 alium
891 1959 1061 2054 erinitum
1079 1959 1314 2054 modernum,
1340 1959 1387 2035 de
1411 1979 1487 2055 quo
1511 1957 1586 2034 dixi

411 2080 510 2174 quud
535 2079 729 2155 seminavit
752 2079 969 2154 discordiam
996 2079 1092 2154 inter
1117 2087 1298 2176 parentes,
1324 2081 1463 2156 scilicet
1490 2082 1589 2157 inter

411 2197 555 2296 paean
579 2198 769 2274 etlilium.
795 2201 839 2273 Et
864 2199 952 2295 quia
977 2198 1131 2272 intendit
1154 2198 1367 2274 describere
1380 2191 1417 2292 (³)
1437 2221 1585 2296 poenam

412 2340 545 2395 novam
576 2326 615 2395 el
643 2319 847 2396 mirabilem
881 2318 1067 2415 praemiltit
1093 2319 1369 2394 excusationem
1398 2339 1519 2414 suam,
1546 2327 1589 2394 ut

413 2440 543 2516 reddat
564 2439 744 2516 leemrem
768 2446 964 2533 attentum,
993 2445 1034 2513 et
1055 2439 1275 2514 continuans
1299 2439 1395 2515 dicia
1415 2440 1586 2536 dicendis,

410 2560 517 2636 den:
542 2581 602 2634 mu
626 2563 662 2634 iu
685 2561 812 2634 mnudi
836 2581 861 2632 a
887 2561 1089 2651 mmmdcc
1116 2562 1152 2632 lu
1182 2563 1307 2652 smum,
1334 2559 1438 2655 quasi
1469 2560 1587 2635 dicat:

411 2681 535 2764 llusca
560 2679 757 2756 recedente
780 2699 868 2754 cum
900 2679 981 2754 cive
1011 2695 1108 2773 meo,
1134 2698 1207 2776 egu
1236 2699 1309 2754 uon
1342 2679 1487 2774 recessi,
1512 2680 1590 2754 imo

413 2797 573 2872 remansi
597 2798 645 2873 ad
668 2798 976 2874 considerandum
1006 2798 1224 2894 exercitum,
1250 2798 1354 2892 idest,
1384 2798 1589 2873 multitudi-

414 2935 501 2992 nem
526 2938 777 3013 numerosam,
803 2918 840 2993 in
866 2938 940 3013 qua
970 2917 1042 2992 vidi
1072 2917 1182 2993 aliam
1213 2937 1363 3014 poenam
1389 2919 1588 2994 miraculo-

414 3057 515 3132 sam3
534 3039 633 3113 unde
647 3038 752 3114 dicit:
774 3059 794 3111 e
814 3041 887 3113 uidi
903 3059 1002 3129 cmc,
1018 3057 1223 3133 numquam
1246 3039 1361 3113 visam
1379 3058 1446 3134 per
1461 3039 1588 3133 alium,

412 3158 509 3232 elliu
542 3160 643 3231 acrei
673 3178 798 3250 paura
832 3160 870 3232 di
908 3160 1071 3232 cmdurlc
1107 3160 1185 3230 scio
1217 3177 1327 3230 senze
1361 3152 1424 3250 pid
1453 3179 1587 3251 mccc,

414 3296 527 3370 quum
543 3264 579 3368 (ἕ)
608 3277 653 3350 sil
676 3277 796 3351 solum
827 3276 1079 3351 mstimunium
1111 3295 1206 3352 meae
1237 3276 1589 3371 rossemanne

414 3415 548 3473 rerum
582 3397 694 3472 habel
729 3396 860 3472 melem
891 3395 1082 3491 mendacii,
1113 3417 1150 3470 re
1179 3417 1253 3470 nuri
1289 3399 1350 3470 cle
1379 3397 1473 3472 dona
1503 3419 1591 3472 cen-

413 3520 555 3592 scientiu
579 3519 626 3589 m'
639 3518 814 3608 mactra,
830 3536 916 3612 qum
937 3524 994 3591 est
1013 3517 1135 3592 bonus
1154 3518 1273 3612 testis3
1291 3519 1391 3595 unde
1414 3518 1500 3594 dicit
1524 3537 1592 3614 ap-

412 3636 587 3734 positive:
606 3639 643 3710 lc
659 3637 775 3710 dumea
792 3641 1017 3729 compendia,
1035 3637 1128 3714 idest
1144 3658 1231 3733 quae
1247 3639 1345 3714 hona
1369 3638 1589 3714 conscientia

413 3766 470 3834 eet
493 3758 613 3833 hunus
629 3757 755 3832 'socius
765 3749 803 3849 (⁸)
820 3757 972 3852 homini,
988 3758 1039 3833 ila
1056 3760 1156 3853 quud
1172 3759 1233 3836 illa
1250 3760 1461 3854 eomitante,
1479 3778 1592 3834 num-

415 3898 530 3972 qucm
555 3879 668 3952 hemo
692 3884 812 3974 polest
837 3897 918 3954 esse
941 3880 1042 3953 solus
1058 3899 1127 3954 nec
1144 3879 1304 3973 timidus,
1322 3882 1383 3953 cie
1399 3882 1592 3974 denelae·

414 3999 489 4088 nia,
515 3996 602 4091 quia
632 3995 716 4072 lacit
747 3997 913 4072 animum
943 3998 1100 4073 heminis
1133 3998 1291 4074 liberum
1326 4010 1364 4076 et
1396 3998 1589 4092 audacem,

416 4123 505 4190 sudu
529 4117 728 4207 lemnae,
744 4116 838 4193 idest
860 4119 931 4193 sub
953 4118 1191 4213 protectione,
1211 4121 1250 4192 di
1263 4119 1404 4193 sendrsi
1421 4139 1592 4212 nuru.-

416 4239 459 4311 lo
483 4239 565 4311 eidi.
591 4236 656 4311 llic
672 4242 782 4312 autur
799 4239 989 4334 premissa
1005 4238 1177 4313 laudabili
1195 4238 1433 4314 excusatione
1452 4239 1591 4315 descri-

417 4357 470 4432 un
493 4358 608 4452 ipsam
633 4377 781 4452 poenam
809 4359 1006 4434 noenum
1021 4349 1072 4452 (⁶).
1099 4359 1153 4435 nu
1181 4359 1288 4434 cuns
1315 4341 1603 4457 intelligentiae?

418 4477 558 4552 cleram
583 4483 728 4572 oportet
756 4478 940 4573 prescire,
971 4478 1071 4574 quud
1094 4479 1163 4555 isle
1187 4477 1420 4554 scismaticus.
1440 4479 1592 4555 ultimus

385 4596 602 4671 ,commisit
630 4597 831 4692 pessimum
870 4598 1094 4694 particulare
1130 4599 1274 4676 scisma.
1307 4598 1390 4673 Fun
1427 4598 1538 4697 igilur
1551 4589 1589 4692 (⁷)

418 4715 567 4809 quidam
593 4716 722 4790 nobilis
748 4717 852 4792 miles
876 4717 923 4792 de
947 4718 1088 4816 Anglia,
1106 4720 1165 4794 vel
1190 4726 1233 4793 ul
1257 4719 1318 4794 alii
1333 4709 1369 4813 (⁸)
1391 4719 1528 4814 dicunt,
1545 4719 1591 4794 de

1483 4863 1590 4874 ...ι-.-

479 4933 508 4995 t')
524 4933 553 4984 ll.
570 4933 738 4986 Uberlernm.
857 4935 885 4996 (⁸)
902 4939 932 4989 lc
949 4949 1036 4990 meu
1056 4939 1205 4990 est-illa.
1334 4937 1361 4998 ε’)
1377 4938 1408 4987 ll.
1424 4899 1566 4986 declarare.

479 5006 506 5070 l'l
521 5007 548 5060 S·
564 5023 731 5075 numquam.
857 5013 885 5074 (η
902 5013 932 5064 lc
950 5013 1031 5064 saun
1334 5011 1361 5072 υ)
1377 5011 1409 5060 Β,
1425 5011 1548 5062 nemum.

478 5082 506 5145 Ρ)
522 5087 577 5147 lle,
593 5088 662 5138 enlm
678 5087 793 5152 quidum.
857 5089 886 5152 (⁸)
901 5090 927 5141 s.
944 5090 989 5140 alii
1005 5089 1105 5142 volunt.
1115 5088 1186 5139 -E.
1205 5088 1286 5152 adqui
1302 5089 1400 5140 deuel.
1459 5129 1463 5135 ,
