4526 6836
734 991 872 1047 CANTUS
897 989 1054 1047 DECIMUS
1077 991 1207 1046 NONUS.
1501 983 1546 1048 55

380 1133 493 1228 vanis,
523 1135 573 1209 ita
603 1131 772 1211 Clemens
802 1135 1076 1233 burdegalensis
1107 1137 1191 1212 iecit
1220 1129 1267 1212 de
1299 1137 1451 1213 ecclesia
1482 1139 1549 1214 liei

379 1252 634 1349 postribulum,
647 1261 686 1334 et
701 1247 909 1332 sacerdotes
925 1263 1121 1350 sequentes
1137 1255 1217 1332 eius
1233 1255 1443 1352 exemplum
1464 1256 1547 1332 iacti

379 1379 464 1447 suut
490 1373 624 1467 lascivi,
642 1373 818 1469 dissoluti,
835 1381 873 1450 et
897 1375 1077 1450 dederuut
1102 1395 1143 1450 se
1157 1368 1195 1467 (¹)
1220 1376 1331 1451 lucris
1357 1375 1485 1451 illicitis
1511 1383 1549 1450 et

380 1485 491 1566 rebus
515 1491 725 1587 inhonestis,
742 1491 792 1567 ita
813 1493 912 1586 quod
932 1499 1061 1570 omnes'
1077 1495 1326 1588 baractabant‚
1345 1495 1439 1571 siout
1456 1495 1562 1569 scri-

380 1610 432 1685 bit
454 1609 673 1687 llicobnldus
698 1611 924 1690 iorruricnsis
949 1614 986 1687 in
1003 1615 1176 1690 chronica
1200 1635 1278 1690 sua.
1306 1617 1359 1691 lia
1374 1615 1443 1690 isto
1460 1615 1543 1690 (lle-

379 1727 503 1806 mente
527 1737 565 1806 et
589 1729 664 1806 suis
689 1731 906 1806 vasconibus
935 1733 1080 1808 dicetur
1109 1733 1229 1809 adhuc
1257 1733 1418 1809 Paradisi
1446 1735 1547 1830 cupi·

381 1851 459 1928 tulo
482 1851 620 1924 xxvii.
648 1851 718 1926 Sed
743 1851 831 1945 quid
855 1851 1002 1928 dixisset
1030 1853 1164 1932 Dentes
1196 1853 1224 1928 si
1254 1854 1401 1930 vidisset
1433 1851 1546 1929 alium

380 1970 603 2046 Clementem
635 1971 692 2064 Vl,
722 1971 786 2065 qui
815 1970 883 2045 init
914 1971 1032 2066 multo
1061 1973 1269 2069 corruptior
1300 1983 1338 2050 et
1366 1973 1548 2048 carnaiior

380 2111 490 2184 quum
517 2091 724 2186 praedictus,
749 2081 957 2185 quinorum
982 2092 1199 2167 thesaurum
1225 2113 1404 2190 magnum
1429 2095 1549 2169 ecole-

379 2211 441 2284 site
465 2209 592 2286 eiiudit
616 2209 653 2284 in
678 2210 880 2286 subsidium
907 2212 1079 2286 iohannis
1105 2211 1201 2308 regis
1232 2213 1395 2288 Fraude
1419 2218 1548 2287 contra

379 2349 505 2426 regem
522 2331 685 2427 hugliae3
710 2331 774 2404 sed
798 2335 923 2405 tamen
949 2338 987 2406 et
1009 2331 1164 2426 pecunia
1189 2337 1226 2406 et
1250 2331 1403 2406 victoria
1428 2339 1549 2406 truns-

369 2449 512 2524 ivitati
537 2451 699 2546 anglicos
727 2451 806 2546 ipso
831 2471 921 2547 rege
944 2451 1124 2526 debellato
1149 2451 1185 2525 iu
1211 2471 1342 2546 campo
1367 2458 1405 2527 ot
1428 2457 1545 2546 capto.

451 2575 492 2642 lo
516 2589 587 2642 oon
612 2591 664 2642 oo.
681 2571 752 2644 ista
769 2576 833 2646 cst·
845 2581 976 2664 quarta
993 2590 1078 2665 pars
1094 2571 1276 2667 generalis
1292 2571 1329 2644 in
1348 2591 1421 2665 qua
1438 2581 1548 2645 autor

379 2694 503 2764 noster
527 2688 690 2783 increpat
715 2689 929 2784 predictum
954 2711 1086 2785 papum
1110 2689 1300 2764 Nicolaum
1322 2690 1386 2784 qui
1410 2690 1548 2765 iecerat

379 2813 454 2881 tam
481 2809 627 2904 longam
654 2808 877 2884 mentionem
903 2808 949 2885 de
974 2806 1136 2886 simoniis
1150 2801 1188 2903 (¹)
1212 2811 1289 2884 suis
1313 2821 1352 2887 et
1374 2809 1546 2906 aliorum,

379 2933 417 3001 ot
443 2927 533 3002 aiios
561 2927 788 3024 simoniacos,
813 2928 979 3004 similiter
1009 2929 1237 3024 exprobrans
1262 2929 1314 3006 eis
1338 2929 1543 3024 improbam

378 3047 588 3142 avaritiam3
613 3053 650 3123 ct
674 3049 795 3142 primo
821 3069 861 3124 se
888 3049 1095 3124 eucusntsi
1125 3049 1307 3124 maiehch
1321 3040 1371 3143 (⁸),
1396 3050 1541 3126 dicens:

378 3169 419 3240 io
442 3187 515 3241 nou
538 3189 579 3241 so
603 3171 632 3241 ε’
644 3171 680 3242 io
704 3171 754 3242 mi
774 3172 829 3264 liri
852 3171 911 3261 qui
934 3177 1060 3261 boppo
1081 3169 1178 3262 sotio,
1195 3168 1287 3243 idest
1312 3169 1541 3244 temerarius.

377 3285 453 3361 lloc
476 3307 545 3382 pro
568 3293 671 3362 tanto
695 3288 793 3382 dicit,
811 3289 897 3382 quia
924 3308 996 3362 non
1014 3288 1159 3364 videtur
1175 3289 1371 3363 honestum
1388 3307 1549 3384 urguere

377 3406 570 3501 prelatum
604 3407 760 3502 publice,
787 3414 865 3481 tum
899 3407 987 3502 quia
1019 3413 1128 3503 poeta
1160 3415 1226 3502 est,
1258 3415 1296 3482 ot
1327 3407 1414 3502 quia
1449 3407 1547 3482 veri·

378 3533 432 3601 tas
456 3525 620 3600 stimulat
643 3545 744 3622 oum,
771 3547 845 3601 oon
869 3525 986 3623 parcit
1004 3526 1086 3621 iliis,
1112 3528 1211 3602 unde
1234 3527 1339 3602 dicit:
1365 3529 1459 3601 cir’io
1476 3547 1548 3620 pur

375 3649 504 3740 riopoo
527 3651 576 3721 lui
598 3667 624 3719 u
647 3655 765 3740 questo
785 3655 914 3721 mdiu:
935 3647 1028 3724 idest
1047 3647 1190 3722 versui:
1207 3650 1273 3722 dell
1290 3650 1399 3720 orori
1415 3649 1474 3740 di',
1492 3649 1547 3721 lo-

376 3767 502 3861 quitur
526 3767 768 3863 deprecative,
786 3767 892 3862 quasi
908 3766 1023 3841 dicat:
1044 3787 1137 3863 rogo
1157 3774 1205 3862 te,
1226 3767 1285 3843 dic
1305 3768 1413 3861 mihi3
1431 3769 1547 3842 immo

377 3887 538 3981 loquitur
564 3887 717 3981 irrisive,
743 3887 973 3984 indignative,
1000 3894 1039 3964 et
1061 3887 1142 3962 vult
1170 3887 1294 3962 dicere
1324 3888 1424 3981 quod
1448 3881 1547 3962 maie

377 4013 582 4098 sequuntur
597 3993 635 4099 (⁴)
659 4007 872 4101 exemplum
897 4005 1039 4099 Christi,
1066 4005 1129 4098 qui
1143 3997 1181 4098 (⁵)
1209 4005 1351 4102 primus
1374 4007 1547 4082 lundutor

377 4128 550 4223 ecciesiae,
576 4129 721 4224 quando
753 4129 938 4204 constituit
963 4130 1115 4202 Petrum
1144 4129 1307 4222 primum
1337 4129 1545 4224 pontificem

376 4249 574 4345 principem
588 4251 850 4346 apostolorum,
863 4248 952 4322 nihil
969 4246 1070 4343 petiit
1086 4247 1133 4322 ab
1149 4269 1196 4326 co
1211 4249 1279 4322 nisi
1296 4249 1397 4344 quod
1414 4269 1548 4344 seque-

376 4376 480 4444 retur
504 4387 603 4444 cum.
630 4369 732 4445 Unde
755 4368 861 4443 dicit:
884 4375 1016 4460 meanto
1036 4375 1151 4441 tesoro
1166 4371 1256 4442 ocae
1272 4375 1393 4446 omiro
1419 4373 1547 4461 Simio-

375 4507 428 4580 re,
444 4487 583 4564 scilicet
601 4487 775 4582 hilurius,
801 4491 850 4562 do
865 4495 968 4562 soatio
986 4493 1105 4579 Petro,
1128 4487 1248 4582 primo
1272 4509 1376 4585 papa,
1401 4493 1439 4566 io
1459 4493 1546 4582 oria

376 4609 427 4682 cu
438 4611 470 4683 ei
488 4629 637 4702 ponente
661 4611 692 4682 u
716 4611 834 4684 obium
858 4611 896 4682 iu
919 4629 985 4682 stro
1010 4601 1114 4682 balio.
1133 4607 1187 4684 oo
1209 4609 1284 4684 istis
1303 4609 1467 4685 clavibus
1491 4611 1548 4684 di·

375 4735 481 4804 cetur
505 4730 612 4823 piene
636 4729 843 4826 Purgatorii
872 4729 1031 4825 capitulo
1060 4729 1134 4802 lli:
1164 4736 1202 4804 el
1234 4730 1408 4805 continuo
1436 4738 1546 4806 autor

435 4942 463 5008 (¹)
479 4943 509 4996 E.
525 4957 553 4996 oe
568 4943 637 4996 ludis
653 4943 759 5005 illicitis,
776 4949 803 4996 et
818 4945 899 4996 lucris
914 4950 941 4995 et
957 4944 1035 4996 rebus
1050 4945 1200 4997 inhonestis.

435 5017 463 5082 i¹i
481 5023 535 5079 ¹¹⁰.
552 5019 698 5072 timonioei·
713 5020 774 5070 tuis
1033 5018 1063 5081 i'l
1079 5023 1126 5071 iio
1141 5034 1157 5071 a
1173 5021 1204 5071 Ε.
1219 5020 1358 5072 niutau

434 5093 462 5156 (¹)
479 5094 508 5146 li.
524 5095 650 5161 mquitur.
1036 5095 1064 5158 (⁸)
1080 5096 1106 5147 s.
1122 5097 1167 5160 qui
1182 5096 1233 5148 m
1246 5097 1356 5160 pm...
