4550 6844
718 947 791 1016 t32
1116 961 1320 1020 comruu
1344 963 1498 1018 nrrrnru

716 1109 782 1184 das
805 1127 896 1185 vere
920 1116 977 1183 est
1000 1107 1214 1184 delectabile
1237 1110 1365 1186 bibere
1389 1109 1528 1186 homini
1552 1107 1702 1202 sitienti;
1728 1106 1811 1182 ideo
1835 1107 1893 1183 di-

717 1227 788 1304 cit:
818 1230 969 1322 [mendo
997 1229 1012 1301 i
1042 1229 1100 1301 tor
1124 1231 1243 1304 cmwtt
1266 1252 1286 1303 c
1306 1231 1470 1326 [reddis
1498 1231 1608 1320 molli,
1637 1226 1794 1304 labendo
1824 1247 1891 1325 per

718 1345 877 1422 mundos
901 1339 1090 1442 lapillosl⁴l
1115 1368 1201 1424 oum
1232 1349 1331 1424 dulci
1359 1369 1556 1425 murmure
1586 1347 1746 1424 salientis
1771 1366 1891 1442 aque,
1935 1341 1937 1351 ’

717 1487 855 1560 smpre
869 1469 919 1540 nti
933 1474 1060 1540 sunno
1075 1470 1237 1560 inmnzt,
1264 1468 1399 1544 scilicet
1423 1475 1510 1544 ante
1534 1469 1663 1543 oculos
1687 1467 1891 1560 memorie,

640 1577 641 1580 ‘
717 1594 756 1662 et
779 1585 887 1663 dicit:
913 1608 933 1659 e
956 1606 1027 1660 non
1052 1589 1221 1681 tudone,
1239 1587 1342 1682 idest,
1362 1607 1437 1664 nou
1457 1588 1621 1684 impune,
1639 1587 1725 1683 quis
1750 1586 1798 1661 ad
1821 1606 1892 1661 au-

716 1714 938 1805 gumentum
973 1691 1071 1783 meae'
1099 1708 1186 1803 sitis,
1218 1708 1317 1784 unde
1346 1707 1455 1784 dicit:
1481 1710 1542 1782 cle
1571 1712 1608 1782 tu
1638 1710 1792 1799 tmepore
1820 1709 1890 1798 tor,

715 1829 820 1922 idest,
846 1813 1070 1925 ima'giuatio,
1090 1832 1149 1903 vin
1161 1824 1224 1922 piri
1241 1832 1287 1902 m'
1299 1832 1458 1922 metron,
1475 1829 1579 1924 idest,
1597 1817 1714 1925 magis
1731 1848 1793 1903 ure
1810 1848 1891 1904 nru-

716 1957 819 2026 cerat
842 1957 881 2026 et
909 1950 1079 2044 exsiccat,
1106 1952 1166 2024 cte
1181 1952 1208 2023 't
1235 1953 1319 2042 mut,
1344 1949 1492 2044 scilioet,
1518 1948 1733 2047 hydropisis,
1758 1951 1841 2024 ond’
1854 1952 1890 2022 io

714 2073 764 2144 net
787 2073 954 2144 dtscorno
978 2072 1036 2144 net
1059 2072 1147 2160 viso,
1173 2069 1276 2164 idest,
1295 2068 1397 2164 quod
1413 2069 1491 2166 ipsa
1507 2069 1584 2144 sitis
1609 2089 1684 2144 uon
1709 2076 1765 2145 est
1788 2075 1889 2144 unta

713 2210 823 2286 poeuu
848 2190 1047 2287 hydropioo
1072 2190 1110 2264 in
1136 2211 1187 2286 se,
1213 2189 1309 2265 sicut
1333 2197 1389 2266 est
1417 2189 1544 2266 videre
1568 2209 1708 2285 aquam
1734 2191 1889 2288 refrige-

714 2309 870 2384 rativam
896 2309 934 2383 in
960 2309 1036 2406 ipsa
1061 2309 1130 2404 siti,
1158 2317 1195 2386 et
1220 2330 1294 2385 uon
1319 2329 1426 2406 posse
1449 2309 1643 2407 attingere.
1661 2311 1706 2384 Et
1722 2310 1781 2386 hio
1802 2317 1887 2386 uota

714 2427 813 2524 quod
825 2435 936 2504 autor
946 2421 1130 2524 accepit(¹)
1145 2451 1168 2504 a
1184 2429 1344 2523 Lucano,
1362 2429 1427 2524 qui
1443 2429 1568 2505 scribit
1584 2429 1683 2524 quod
1699 2430 1788 2504 duur
1809 2431 1889 2506 Ce-

714 2568 776 2622 sar
796 2549 834 2622 in
854 2549 1023 2646 Hispania
1040 2549 1211 2625 citeriore
1227 2549 1430 2625 inclusisset
1447 2550 1484 2624 in
1502 2551 1577 2626 alto
1597 2557 1723 2628 monte
1739 2558 1777 2627 et
1793 2551 1889 2627 sicco

715 2668 901 2744 Petreium
928 2680 966 2747 et
985 2669 1195 2746 ¹llll'rauium
1221 2670 1360 2768 legatos
1376 2670 1541 2766 Pompei,
1557 2671 1604 2746 ud
1622 2671 1729 2746 cuius
1750 2671 1890 2748 radices

716 2790 854 2865 lluebat
877 2790 1012 2865 fluvius
1036 2791 1106 2866 sub
1130 2791 1247 2866 oculis
1271 2810 1416 2885 eorum,
1434 2790 1484 2865 illi
1501 2790 1665 2869 videntes
1689 2812 1826 2887 aquarn
1852 2800 1890 2868 et

714 2929 788 2984 nou
814 2911 977 2987 valentes
1001 2911 1184 3009 attingere
1208 2911 1326 3008 magis
1345 2910 1643 2986 accendebantur
1662 2911 1732 3006 siti,
1750 2917 1788 2986 et
1809 2931 1889 2986 rna-

712 3029 768 3126 gis
793 3029 1054 3106 cruciabantur
1079 3050 1192 3127 quam
1218 3031 1248 3106 si
1272 3030 1480 3106 fuissentin
1497 3031 1662 3126 partibus
1678 3030 1802 3127 Lybie
1818 3052 1886 3127 op-

711 3150 838 3246 positae
863 3151 987 3226 calidis
1011 3159 1049 3228 et
1072 3151 1187 3246 siccis,
1207 3151 1270 3225 uhi
1287 3158 1343 3226 est
1362 3151 1575 3227 omnimoda
1595 3151 1885 3247 penuriaeque.

711 3271 845 3346 Similis
869 3282 925 3350 est
949 3273 1036 3347 huie
1050 3272 1127 3346 sitis
1144 3271 1295 3347 Tantali.
1314 3273 1358 3346 llt
1378 3271 1497 3348 reddit
1511 3263 1547 3364 (³)
1566 3271 1682 3347 ndum
1705 3271 1884 3348 rationem

710 3413 843 3488 poenae,
867 3391 1015 3468 dicens:
1042 3395 1079 3466 tu
1102 3395 1223 3484 rtptdu
1238 3395 1416 3484 mudum,
1434 3390 1583 3486 scilicet,
1609 3391 1744 3487 divino,
1763 3393 1824 3466 cle
1839 3395 1889 3466 mi

709 3515 834 3608 (rupo,
851 3510 954 3606 idest,
971 3518 1107 3608 purgat
1123 3517 1161 3586 et
1180 3511 1296 3608 punit,
1315 3519 1441 3603 trappe
1459 3515 1587 3603 copton
1606 3513 1664 3586 det
1686 3515 1762 3585 loco
1787 3513 1886 3585 oo’to

705 3635 841 3726 peccat,
866 3631 1013 3725 scilicet,
1038 3630 1085 3706 de
1110 3631 1316 3726 casentino,
1341 3639 1366 3704 o
1391 3639 1511 3706 meter
1530 3627 1595 3726 pol
1619 3635 1645 3705 o·
1669 3635 1736 3706 met
1757 3633 1888 3724 sospito·

711 3755 748 3826 in
770 3756 872 3848 lupe
898 3751 1002 3847 idest,
1024 3771 1109 3828 mea
1133 3750 1312 3828 desideria
1338 3752 1455 3850 magis
1480 3752 1591 3850 longe
1614 3771 1637 3826 a
1662 3771 1736 3846 me,
1753 3758 1795 3825 ut
1812 3771 1886 3826 nou

712 3873 856 3948 valeam
881 3873 1056 3968 consequi
1082 3871 1182 3968 quod
1207 3879 1303 3968 opto.
1317 3876 1442 3946 -lvt
1473 3873 1540 3947 llic
1567 3872 1743 3969 magister
1769 3871 1885 3948 Adam

713 3992 921 4069 manifestat
948 3994 1073 4067 locum
1106 3991 1314 4090 specialem,
1341 3992 1405 4068 ubi
1439 3992 1517 4088 ipse
1545 3991 1708 4086 deliquit,
1737 3991 1884 4068 dicens:

711 4120 881 4206 Remoto,
907 4133 992 4210 quo
1017 4120 1073 4189 est
1097 4119 1197 4189 terra
1223 4113 1350 4209 pulcra
1376 4112 1414 4185 in
1439 4112 1645 4207 casentino,
1662 4111 1728 4186 ubi
1754 4131 1887 4209 reguo-

710 4234 799 4309 bant
830 4240 918 4310 tuuc
951 4233 1102 4309 comites
1130 4232 1326 4326 Gnidones,
1357 4237 1395 4306 et
1426 4238 1482 4307 est
1512 4231 1582 4306 sita
1606 4230 1715 4327 juxta
1746 4231 1884 4306 llumen

710 4354 810 4450 Arni,
834 4350 872 4430 dc
895 4357 956 4446 toi,
981 4353 1084 4447 idest,
1109 4354 1147 4426 iu
1172 4351 1377 4448 casentino,
1398 4341 1436 4424 td
1460 4355 1587 4426 dov’to
1609 4354 1719 4448 [uun
1743 4353 1780 4424 la
1804 4354 1884 4442 lopo

708 4477 915 4568 suppettuto,
940 4473 1044 4569 idest,
1069 4473 1277 4567 informata,
1294 4473 1352 4546 del
1370 4475 1520 4565 Buttsto,
1537 4471 1637 4568 quod
1661 4476 1716 4546 eu
1739 4467 1883 4546 dicere:

710 4596 774 4670 ubl
798 4615 870 4693 ego
894 4582 1126 4686 falsificaril‘)
1153 4593 1312 4668 florenos
1336 4593 1384 4670 de
1407 4593 1603 4687 Florentia,
1620 4591 1658 4664 in
1675 4589 1811 4685 quibus
1827 4571 1907 4664 eso

709 4716 851 4838 sculpta
875 4715 999 4812 imago
1024 4706 1197 4790 Iohannis
1221 4713 1391 4809 Baptistre
1420 4713 1484 4810 qui
1512 4718 1570 4788 est
1597 4717 1775 4807 patronus
1800 4710 1885 4784 Flo-

711 4835 849 4912 rentioe.
871 4837 916 4909 llt
939 4833 998 4909 hio
1023 4839 1121 4929 uota,
1138 4832 1239 4929 quod
1260 4833 1355 4908 siout
1371 4833 1497 4908 scribit
1513 4831 1748 4928 philosophus
1764 4829 1885 4925 primo

774 5025 803 5085 (¹)
818 5023 849 5076 rt
865 5023 971 5088 lrpldss
1095 5019 1125 5084 Ρ]
1142 5024 1220 5073 llos
1236 5021 1267 5072 ll.
1283 5021 1384 5084 woeplt
1398 5020 1450 5071 hoe
1466 5033 1481 5070 ι
1497 5020 1603 5070 Lucano
1618 5021 1664 5083 qul
1679 5017 1790 5081 rodult.

773 5099 801 5164 Γ)
817 5101 848 5152 Ε.
866 5101 951 5154 reddit
966 5101 1105 5166 quamam
1122 5099 1250 5150 rollonem
1267 5099 1326 5150 tulis
1341 5109 1432 5162 pou.
1557 5095 1584 5156 ι’)
1600 5096 1631 5147 ll.
1646 5094 1743 5147 fabul.
