4606 6840
674 981 813 1038 enudus
838 979 1029 1036 vlumus
1053 978 1229 1047 obeuntis.
1464 964 1532 1030 221

365 1131 617 1230 praeiudicium
644 1149 722 1203 suae
747 1134 868 1222 terrae,
889 1128 1172 1202 immiscuerunt
1188 1146 1229 1200 se
1246 1123 1332 1199 buic
1348 1121 1538 1198 discordiae

365 1253 556 1346 intestinae,
582 1258 630 1354 et
644 1255 885 1325 extraxerunt
910 1250 957 1324 de
982 1248 1136 1323 Pistorio
1158 1259 1357 1340 utramque
1382 1250 1556 1340 partem,

365 1381 403 1449 et
437 1373 617 1448 miserunt
646 1370 868 1445 Florentiam
899 1369 945 1444 ad
977 1369 1144 1464 confinia,
1175 1375 1251 1443 tam
1282 1367 1368 1442 caeci
1396 1363 1540 1461 judices

365 1486 638 1584 futurorumt),
657 1490 743 1585 quia
764 1489 884 1566 statim
906 1490 974 1564 ista
992 1489 1161 1586 contagio
1182 1488 1304 1564 iniecit
1329 1506 1460 1561 eorum
1488 1483 1541 1557 ci·

367 1615 535 1707 vitatem;
558 1611 594 1684 in
620 1633 694 1704 qua
719 1611 841 1686 statim
867 1611 972 1685 lactae
990 1617 1074 1684 sunt
1091 1601 1126 1702 (¹)
1150 1610 1228 1684 istae
1247 1607 1387 1685 eaedem
1404 1612 1540 1702 partes,

367 1734 414 1808 de
439 1732 572 1828 quibus
594 1732 700 1826 plene
717 1730 855 1806 dictum
874 1735 928 1804 est
944 1751 1058 1826 supra
1076 1731 1235 1825 capitulo
1253 1730 1309 1804 Vl.
1328 1729 1432 1802 Anno
1449 1746 1540 1800 vero
1615 1721 1619 1728 '

370 1853 538 1948 sequenti
568 1871 652 1947 pars
677 1850 767 1925 niba
793 1851 936 1953 Pistorii
961 1852 1007 1926 de
1033 1873 1159 1927 mense
1184 1851 1271 1925 maii
1297 1871 1383 1925 cum
1413 1848 1541 1922 lavore

371 1979 408 2048 et
436 1972 572 2047 auxilio
601 1971 714 2068 partis
740 1971 851 2065 dlbae,
878 1992 962 2064 quae
997 1972 1143 2068 vigebat
1167 1971 1372 2064 Florentiae,
1405 1965 1543 2063 pepulit

374 2099 518 2188 partem
544 2091 707 2189 Nigram,
735 2100 772 2167 et
796 2092 1060 2167 destruxerunt
1073 2085 1110 2186 (³)
1137 2093 1269 2189 palatia
1296 2099 1332 2168 et
1357 2091 1453 2166 bona
1480 2109 1544 2163 eo-

373 2235 470 2286 rum.
496 2213 597 2309 Nigri
614 2211 746 2288 deinde
762 2221 945 2288 venerunt
962 2222 1089 2288 contra
1109 2214 1318 2308 Pistorium,
1335 2213 1431 2287 duce
1448 2211 1545 2284 blar-

373 2333 466 2408 oello
491 2333 704 2407 marchione
724 2333 939 2429 Malaspina3
966 2338 1093 2408 contra
1119 2355 1212 2428 quos
1238 2333 1433 2408 exiverunt
1454 2329 1545 2422 dlbi,

374 2457 411 2527 et
426 2452 596 2528 debellati
613 2459 699 2527 sunt
714 2453 752 2526 in
770 2473 912 2548 campo,
930 2454 1024 2528 sicut
1040 2455 1149 2528 autor
1167 2453 1312 2528 videtur
1324 2438 1491 2541 discredi
1508 2449 1545 2522 in

373 2573 490 2648 litera.
516 2573 585 2648 Alii
609 2580 733 2648 tamen
759 2576 888 2648 volunt
903 2574 1037 2669 dicere,
1056 2574 1155 2670 quod
1173 2579 1283 2649 autor
1306 2572 1475 2668 respiciat
1500 2569 1546 2645 ad

375 2691 507 2766 duram
524 2684 561 2785 (⁵)
579 2693 804 2768 obsidionem
831 2701 868 2768 et
887 2695 1092 2790 captionem
1107 2695 1260 2790 Pistorii,
1279 2715 1364 2787 quae
1381 2692 1449 2765 luit
1466 2697 1547 2786 post

375 2813 515 2907 aliquot
531 2833 656 2888 annos.
672 2814 774 2889 Unde
791 2815 946 2890 ulterius
963 2816 1047 2891 volo
1065 2823 1102 2890 te
1118 2816 1212 2891 scire
1228 2814 1326 2909 quod
1343 2815 1380 2887 in
1398 2810 1548 2888 MCCCV

377 2953 462 3008 cum
487 2953 571 3028 pars
590 2934 680 3008 Alba
705 2942 801 3009 esset
825 2937 977 3030 expulsa
999 2936 1046 3012 de
1066 2936 1261 3029 Florentia,
1280 2941 1316 3010 et
1342 2931 1447 3027 quasi
1467 2929 1550 3005 ubi·

378 3073 452 3145 que
468 3053 514 3128 de
534 3061 609 3128 tota
625 3054 766 3148 Tuscia,
785 3060 1033 3150 preterquam
1059 3057 1105 3130 de
1130 3055 1275 3132 civitate
1291 3051 1446 3146 Pistorii,
1464 3070 1548 3144 quae

379 3181 466 3248 tunc
492 3174 687 3250 tenebatur
711 3195 778 3271 per
803 3183 944 3271 partem
971 3176 1111 3270 Albam,
1137 3197 1223 3251 cum
1249 3176 1377 3250 lavore
1402 3172 1549 3268 pisano·

381 3314 478 3387 rum,
504 3294 745 3391 aretinorum,
771 3303 808 3370 et
833 3297 944 3371 etiam
976 3297 1269 3390 bononiensium,
1296 3295 1357 3370 ubi
1374 3285 1410 3387 (⁸)
1438 3292 1549 3368 etiam

381 3413 527 3510 rigebat
552 3436 636 3510 pars
651 3414 752 3510 trba,
775 3417 955 3492 florentini
983 3417 1201 3514 dubitantes,
1223 3439 1270 3493 ne
1287 3421 1471 3493 cresceret
1487 3435 1553 3490 eo-

381 3555 466 3609 rnm
491 3535 665 3630 potentia,
690 3543 918 3611 vocaverunt
942 3537 979 3612 in
1005 3538 1238 3633 capitaneum
1258 3523 1462 3614 Robertum
1483 3535 1554 3608 du-

381 3675 461 3731 cem
488 3655 676 3765 Calabriae,
703 3657 817 3731 lilium
845 3659 965 3733 Caroli
990 3661 1031 3755 ll,
1056 3661 1120 3753 qui
1145 3667 1269 3756 postea
1296 3661 1364 3734 luit
1389 3680 1455 3734 rex
1481 3659 1555 3732 Ro-

380 3775 532 3870 bertus3
558 3785 596 3852 et
621 3777 788 3854 lecerunt
813 3781 1016 3854 exercitum
1048 3802 1160 3876 super
1176 3771 1211 3874 (⁷)
1246 3783 1442 3857 Pistorium
1468 3802 1554 3856 cum

382 3896 592 3972 lucensibus
605 3903 642 3972 et
655 3897 733 3972 aliis
746 3899 852 3973 sociis
862 3901 1021 3994 'lusciae3
1037 3902 1259 3997 etbreviter,
1272 3922 1408 3998 magno
1421 3908 1555 3976 conatu

384 4017 579 4092 cinxerunt
596 4037 680 4094 eam
707 4018 803 4093 vallo
818 4009 855 4110 (⁸)
874 4025 911 4094 et
932 4020 1041 4114 fosso,
1067 4019 1116 4092 ita
1142 4020 1240 4113 quod
1267 4020 1388 4094 nullus
1413 4025 1557 4116 poterat

383 4137 522 4213 intrare
547 4159 670 4234 neque
694 4140 817 4233 exire,
837 4139 899 4215 sed
922 4139 1020 4213 intus
1042 4145 1122 4214 erat
1139 4140 1288 4235 quidam
1306 4141 1475 4215 dominus
1488 4141 1558 4215 To-

385 4250 586 4351 losattusff)
611 4260 658 4335 de
682 4260 826 4336 Ubertis
852 4281 939 4335 cum
965 4260 1136 4337 trecentis
1161 4261 1345 4356 equitibus
1370 4268 1408 4336 et
1432 4260 1558 4335 multis

385 4379 576 4474 peditibus.
598 4381 745 4455 interim
764 4402 858 4478 papa
875 4380 1043 4457 Clemens
1059 4381 1155 4455 misit
1174 4382 1267 4457 duos
1281 4373 1334 4477 (¹⁰)
1354 4381 1559 4457 ambascia-

387 4505 486 4575 tores
503 4521 690 4595 vascones,
708 4502 886 4576 mandans
911 4502 1090 4578 exercitui
1116 4509 1151 4578 et
1174 4503 1270 4600 duci,
1290 4505 1391 4599 quod
1408 4503 1561 4580 recede-

388 4625 470 4694 rent
494 4621 542 4696 ab
566 4621 764 4698 obsidione.
790 4622 973 4698 Robertus
994 4623 1144 4698 recessit
1159 4624 1307 4701 dimisso
1328 4626 1507 4722 exercitu,
1524 4636 1562 4703 et

451 4813 478 4873 (¹)
495 4811 526 4861 Β·
541 4823 643 4865 eorum·
1062 4817 1090 4882 (¹)
1105 4819 1135 4870 tt.
1153 4825 1213 4871 sunt
1228 4821 1336 4872 eudem.

450 4885 478 4948 (¹1
493 4887 526 4938 tt.
541 4889 669 4942 destruxit
684 4891 779 4956 palatin
793 4906 895 4945 eorum.
1063 4894 1091 4960 (⁸)
1105 4895 1132 4947 S.
1149 4897 1216 4948 velle
1232 4897 1328 4948 dicare.

452 4962 479 5026 (⁸)
496 4963 526 5015 tt.
541 4977 622 5016 unam
638 4967 806 5020 obsidionem.
1064 4971 1091 5034 ω
1109 4973 1139 5023 E.
1156 4973 1201 5024 ubl
1216 4973 1326 5037 rigebat.

451 5040 479 5104 θ)
495 5041 526 5094 ll.
544 5049 635 5096 eontra
651 5044 800 5098 Platorium.
1067 5048 1094 5114 Γ)
1109 5050 1136 5101 S.
1152 5063 1247 5115 magno
1263 5049 1332 5102 vallo
1347 5054 1374 5101 et
1390 5048 1468 5102 lonso.

454 5116 481 5181 θ)
498 5119 529 5170 li.
546 5119 698 5174 Totumne.
1058 5125 1094 5190 (¹0)
1111 5127 1141 5179 E.
1157 5141 1225 5180 suos.
