4566 6844
726 933 796 1020 570
1123 943 1325 1000 couuuruu
1350 945 1503 999 rurunnr

724 1109 860 1185 magno
886 1086 1085 1162 ministerio
1110 1085 1214 1162 tinxit
1238 1107 1278 1164 se
1301 1089 1395 1163 inira
1424 1094 1594 1163 centrum
1628 1094 1737 1164 terrae
1770 1089 1893 1163 locum

722 1227 884 1284 vacuum
918 1205 1092 1302 iuvenire,
1123 1212 1160 1282 et
1192 1214 1267 1283 tam
1301 1209 1471 1285 celeriter
1502 1215 1647 1283 tantum
1663 1201 1700 1300 (¹)
1735 1208 1894 1304 spatium

723 1334 996 1422 transcurrere;
1014 1347 1099 1402 uam
1125 1334 1168 1402 ut
1194 1329 1282 1403 mibi
1299 1329 1444 1404 videtur
1464 1329 1540 1424 ipse
1562 1334 1680 1402 lotum
1705 1327 1892 1404 internum

724 1453 800 1521 tam
825 1447 1005 1522 laboriose
1031 1469 1142 1541 quam
1169 1468 1317 1524 morose
1341 1448 1535 1544 percurrit,
1553 1467 1724 1543 quaerens
1746 1448 1895 1524 investi-

724 1587 815 1666 gare
834 1572 874 1641 ct
888 1569 1081 1662 propalare
1098 1569 1240 1665 singula
1258 1569 1430 1664 supplicia
1448 1569 1632 1644 vitiorum.
1651 1570 1784 1645 Nolens
1803 1589 1894 1666 ergo

725 1687 845 1762 redire
870 1707 937 1781 per
961 1687 1129 1762 eamdem
1155 1689 1253 1763 viam
1279 1709 1383 1765 more
1402 1689 1502 1763 canis
1525 1687 1742 1765 revertentis
1758 1690 1805 1763 ad
1826 1709 1894 1762 vo-

725 1806 880 1901 mitum3
907 1806 970 1881 sed
995 1809 1120 1882 volens
1145 1828 1210 1903 per
1235 1808 1504 1904 purgatorium,
1529 1808 1566 1880 in
1591 1807 1753 1882 inferiori
1776 1809 1894 1882 bemi-

723 1927 843 2022 sperio
860 1927 1030 2022 positum,
1044 1927 1260 2024 internoque
1277 1927 1495 2023 oppositum,
1510 1926 1630 2001 redire
1647 1927 1684 2000 iu
1702 1927 1891 2025 regionem

723 2068 830 2122 suam
856 2069 941 2142 quae
965 2049 1102 2122 coelum
1121 2056 1186 2142 est,
1205 2049 1350 2144 cogitur
1366 2047 1507 2143 lingere
1523 2049 1645 2122 locum
1664 2048 1891 2143 periuratum

722 2171 759 2241 et
783 2167 952 2262 pervium
978 2187 1045 2263 per
1069 2187 1181 2262 quem
1208 2167 1339 2243 evadat
1364 2166 1409 2242 ad
1436 2187 1605 2261 super0s3
1631 2167 1713 2242 ideo
1744 2168 1892 2264 elegan-

722 2288 859 2363 tissime
884 2288 987 2386 lingit
1011 2290 1110 2383 quod
1135 2289 1202 2364 iste
1226 2290 1329 2363 locus
1355 2287 1504 2362 interior
1529 2287 1574 2362 sit
1599 2307 1751 2383 uacuus,
1771 2293 1810 2362 et
1829 2309 1894 2361 su-

721 2409 844 2504 perior
869 2408 915 2483 sit
938 2409 1068 2504 plenus
1098 2408 1292 2484 animabus
1316 2408 1595 2501 damnatorum3
1625 2414 1663 2482 et
1693 2408 1776 2483 ideo
1813 2415 1890 2482 tam

722 2529 891 2604 celeriter
916 2536 1026 2603 autor
1054 2529 1236 2625 percurrit
1250 2520 1288 2621 (²)
1315 2529 1423 2602 istum
1455 2528 1578 2604 locum
1606 2547 1779 2623 vacuum,
1805 2528 1892 2623 quia

724 2648 809 2723 nibil
826 2649 964 2723 invenit
982 2647 1041 2723 bic
1057 2648 1157 2742 quod
1175 2649 1330 2724 baberet
1346 2649 1536 2744 speculari.
1555 2648 1640 2724 ideo
1658 2647 1761 2723 dicit:
1780 2655 1890 2740 tunm,

723 2768 850 2865 supple
874 2767 1061 2842 salivimus
1086 2773 1123 2842 et
1147 2769 1377 2844 ascendimus
1406 2788 1473 2864 pcr
1502 2769 1602 2843 illam
1634 2767 1731 2844 viam
1757 2769 1892 2843 obscu-

725 2909 805 2964 ram
830 2888 1090 2982 absconditam,
1117 2891 1216 2962 ct'io
1241 2891 1313 2962 uidi
1336 2891 1422 2963 delle
1445 2909 1523 2962 cose
1547 2889 1631 2963 cette
1655 2891 1714 2962 cte
1734 2895 1842 2981 porra
1866 2892 1894 2963 tt

722 3010 798 3099 ciel,
823 3007 957 3084 scilicet
981 3027 1136 3102 corpora
1162 3008 1334 3103 coelestia,
1361 3029 1444 3103 quse
1469 3014 1553 3083 suut
1582 3008 1804 3104 pulcerrima
1831 3028 1892 3083 re-

723 3134 849 3222 spectu
865 3118 901 3218 (³)
928 3133 1175 3222 terrenorum,
1196 3143 1264 3220 per
1288 3149 1336 3201 un
1358 3129 1518 3222 patonis
1545 3131 1664 3220 undo,
1691 3128 1793 3223 idest,
1824 3149 1892 3224 per

721 3247 855 3321 ostium
880 3255 1079 3344 angustum
1106 3247 1206 3322 istius
1226 3249 1304 3322 sani
1331 3248 1435 3324 locati
1460 3249 1639 3344 spericte
1663 3250 1795 3340 datad,
1822 3248 1892 3322 sci·

721 3367 804 3443 licet
829 3387 896 3463 per
920 3367 1016 3442 istud
1040 3387 1083 3443 os
1109 3367 1371 3443 loraminosum
1387 3357 1437 3463 (⁸),
1463 3371 1629 3443 mammo
1654 3389 1678 3441 a
1702 3370 1893 3442 eduae

721 3489 826 3577 sude,
852 3486 997 3580 scilicet,
1023 3497 1240 3583 apparentes
1272 3487 1309 3562 in
1343 3507 1481 3563 aurora
1510 3489 1547 3562 iu
1577 3488 1638 3563 illo
1671 3487 1893 3582 hemisperio

720 3605 893 3700 interiori,
919 3607 1159 3682 sicutstatim
1190 3607 1378 3704 apparebit
1409 3608 1528 3702 primo
1559 3607 1718 3702 capitulo
1750 3607 1893 3704 Purga-

719 3724 813 3800 torii.
844 3724 902 3800 Sic
931 3725 1043 3824 igitur
1072 3725 1165 3821 vide,
1198 3728 1324 3822 lector,
1350 3729 1449 3821 quod
1483 3733 1592 3802 autor
1624 3748 1710 3803 cum
1744 3747 1891 3802 summa

720 3845 923 3922 festinantia
950 3845 1086 3922 recedit
1115 3869 1138 3922 a
1167 3848 1248 3922 loco
1280 3848 1529 3944 tenebrarum,
1556 3853 1594 3924 at
1625 3869 1711 3923 cum
1744 3867 1892 3922 summa

721 3967 841 4042 laetitia
868 3968 1006 4044 accedit
1029 3968 1076 4042 ud
1102 3967 1303 4044 claritatem
1333 3970 1533 4064 stellarum,
1564 3969 1666 4062 idest,
1700 3969 1891 4042 virtutum.

719 4087 773 4161 Ad
798 4106 958 4181 quarum
984 4088 1104 4164 lucem
1132 4109 1198 4164 uos
1223 4089 1379 4164 transire
1400 4088 1577 4164 concedat
1597 4109 1620 4163 a
1641 4087 1736 4163 vitiis
1756 4086 1893 4182 quiesi

719 4208 796 4303 lur,
822 4207 906 4302 rita,
934 4208 992 4282 via
1017 4214 1054 4283 at
1079 4209 1214 4284 veritas
1238 4209 1276 4282 iu
1301 4208 1425 4283 secula
1450 4209 1672 4284 seculorum.
1699 4207 1827 4282 Amen.

815 4397 963 4488 Jamque
987 4395 1110 4468 domm
1134 4357 1275 4486 Seppius
1298 4401 1332 4468 et
1355 4343 1468 4467 tristiu
1492 4413 1606 4486 repam
1629 4395 1800 4486 demun

817 4509 1201 4605 comessoribus
1226 4533 1340 4607 opor5
1355 4516 1438 4606 jum
1463 4517 1572 4588 nocta
1595 4514 1641 4586 ud
1665 4517 1736 4588 imo

819 4636 970 4706 carm
991 4635 1106 4726 sedeas
1130 4635 1269 4708 rectem
1294 4635 1445 4710 monor
1470 4637 1520 4708 ud
1543 4655 1664 4708 aluos

721 4788 766 4812 -.

781 4896 810 4958 (¹)
826 4898 857 4948 lt.
874 4903 967 4950 totum.
1153 4899 1182 4961 θ)
1198 4901 1232 4952 tt.
1249 4903 1384 4966 perquirit.

783 4975 810 5037 ι’)
825 4975 856 5026 tt
873 4980 991 5042 respectu
1007 4977 1189 5032 munierum
1206 4983 1380 5032 temporum.

782 5051 809 5113 (⁸)
825 5051 856 5103 li.
872 5051 986 5106 lomtn
1002 5065 1048 5106 reu
1065 5053 1261 5108 mimum.
