4566 6844
707 929 709 936 ’
729 903 799 970 568
1118 911 1321 966 COMENTUM
1345 911 1496 965 nonnum

726 1059 833 1136 valde
859 1059 971 1154 lortis,
997 1065 1035 1133 et
1059 1057 1144 1132 dicit
1159 1049 1220 1150 dl:
1246 1080 1265 1132 c
1289 1061 1326 1132 iu
1351 1065 1449 1132 terra
1467 1059 1527 1132 cte
1542 1060 1630 1150 prta
1654 1062 1686 1132 si
1709 1081 1832 1152 morse
1856 1063 1894 1134 u·

725 1201 809 1274 qua,
834 1181 935 1275 idest,
962 1200 1045 1274 quae
1072 1179 1229 1254 removit
1253 1199 1293 1256 se
1317 1180 1365 1252 ab
1386 1178 1453 1253 istu
1474 1179 1758 1280 parteintcriori
1780 1187 1816 1254 et
1837 1201 1899 1256 re-

726 1303 836 1378 traxit
862 1322 902 1377 se
926 1321 1089 1394 sursum,
1111 1303 1165 1393 see
1189 1301 1247 1373 del
1270 1321 1351 1372 mur
1381 1302 1468 1391 nelo,
1495 1299 1597 1394 idest,
1628 1300 1831 1376 claustrum
1862 1309 1900 1378 et

726 1422 972 1512 obstaculum,
998 1421 1084 1514 quia
1110 1420 1243 1496 velavit
1268 1440 1308 1496 se
1333 1419 1438 1514 merl,
1458 1441 1527 1513 per
1553 1441 1674 1513 potira
1703 1425 1741 1496 dt
1764 1425 1825 1514 uu,
1853 1443 1900 1498 ne

727 1542 979 1640 egrederetur,
1005 1563 1024 1614 e
1049 1561 1156 1613 omne
1172 1561 1197 1612 a
1213 1543 1431 1633 l'cmispen‘o
1455 1548 1591 1631 twstro,
1610 1539 1674 1614 ubi
1691 1540 1825 1616 scilieet
1843 1547 1899 1616 est

727 1664 955 1758 discooperta
980 1660 1202 1755 habitabilis3
1229 1660 1279 1734 ita
1304 1659 1401 1755 quod
1429 1659 1507 1734 vult
1527 1659 1649 1734 dicere
1674 1661 1774 1753 quod
1799 1667 1900 1736 terra

728 1784 765 1858 in
792 1793 914 1859 nostra
939 1787 1044 1876 parte
1069 1781 1255 1875 intumuit,
1281 1787 1319 1856 et
1343 1800 1366 1854 e
1390 1800 1568 1856 converso
1585 1801 1670 1875 pars
1695 1786 1804 1856 terrie
1829 1801 1899 1855 au-

728 1904 821 2001 lugit
845 1923 911 1998 per
936 1880 1055 1996 ipsum
1082 1901 1261 1995 toramen,
1279 1900 1378 1994 quod
1394 1900 1477 1976 lecit
1493 1900 1637 1976 Lucifer
1654 1901 1744 1974 durn
1766 1901 1835 1976 iret
1852 1901 1899 1976 ad

728 2031 909 2116 centrum,
936 2027 973 2096 et
1002 2041 1048 2096 ex
1078 2021 1154 2116 ipsa
1187 2021 1303 2096 lactus
1334 2026 1390 2096 est
1421 2040 1527 2094 mons
1556 2021 1770 2118 purgatorii.
1802 2021 1897 2096 Gon·

727 2151 831 2220 strue
856 2143 929 2216 sic:
956 2163 974 2214 e
999 2143 1111 2238 puella
1135 2143 1195 2213 cte
1214 2127 1289 2233 par
1313 2143 1351 2214 di
1374 2159 1457 2232 qua,
1476 2138 1622 2234 scilicet,
1639 2146 1741 2215 terra
1767 2141 1898 2216 montis

728 2261 942 2359 purgatorii,
973 2281 1085 2355 quem
1119 2259 1319 2336 ascendere
1351 2261 1534 2354 volumus,
1568 2252 1675 2332 lusctd
1705 2263 1765 2356 put
1795 2263 1899 2351 luopo

728 2390 821 2474 voto,
848 2380 992 2476 scilicet,
1019 2381 1124 2456 istarn
1151 2381 1248 2455 viam
1274 2381 1429 2456 iuratam
1448 2401 1514 2476 per
1529 2399 1643 2474 quam
1665 2380 1767 2456 exire
1793 2361 1900 2457 volu-

730 2523 824 2596 mus,
837 2523 905 2594 pcr
919 2500 1047 2594 'suppt'r
1069 2503 1128 2592 lui,
1145 2500 1248 2594 idest,
1271 2501 1397 2576 rolens
1422 2500 1552 2596 lugere
1576 2521 1599 2574 a
1625 2500 1717 2578 iacie
1742 2501 1900 2578 Luciferi

732 2622 880 2698 recessit
906 2621 1001 2714 inde,
1025 2642 1044 2693 e
1067 2623 1201 2694 n'corse
1224 2641 1280 2712 su,
1306 2621 1407 2713 idest,
1427 2619 1521 2694 saliit
1545 2639 1694 2693 sursum
1721 2627 1758 2694 et
1783 2621 1902 2696 erexit

731 2742 832 2817 sein
863 2740 1091 2815 altitudinem
1116 2740 1219 2815 istius
1250 2740 1383 2815 montis
1413 2739 1626 2836 purgatorii.
1654 2740 1697 2818 Et
1726 2741 1784 2816 hic
1815 2749 1901 2818 nota

732 2862 832 2957 quod
847 2867 956 2936 autor
977 2861 1060 2936 iecit
1073 2852 1111 2953 (²)
1128 2861 1187 2936 hic
1210 2861 1469 2956 pulcerrimum
1487 2859 1685 2954 fictionem,
1702 2880 1768 2955 per
1785 2882 1898 2955 quam

731 2985 866 3080 figurat
891 2981 989 3076 quod
1014 2988 1090 3056 tota
1116 2988 1215 3058 terra
1240 2981 1443 3058 habitabilis
1474 2988 1529 3058 est
1562 2980 1706 3056 subdita
1730 2983 1899 3076 potestati

730 3102 873 3196 diaboli,
900 3101 986 3195 quia
1011 3101 1087 3196 ipse
1115 3101 1248 3176 dicitur
1272 3101 1439 3197 princeps
1468 3100 1607 3194 mundi,
1632 3100 1695 3176 sed
1725 3099 1784 3174 illa
1816 3121 1900 3195 pars

731 3243 815 3317 quae
841 3221 999 3315 recessit,
1026 3241 1122 3314 non3
1148 3223 1218 3296 hoc
1243 3228 1298 3296 est
1327 3222 1426 3316 quod
1458 3221 1670 3298 recedentes
1695 3241 1717 3296 a
1745 3219 1901 3295 uitiiset

731 3343 918 3418 tendentes
943 3340 990 3416 ad
1015 3341 1179 3436 virtutes,
1206 3343 1334 3435 quales
1359 3349 1445 3415 sunt
1469 3342 1665 3416 existentes
1694 3341 1731 3414 in
1761 3361 1901 3436 purgu-

731 3461 837 3556 tnri0,
862 3461 1039 3538 recedunt
1069 3484 1092 3538 a
1122 3481 1238 3560 regno
1267 3461 1412 3556 diaboli,
1438 3468 1475 3536 et
1500 3462 1653 3536 tendunt
1678 3482 1827 3534 sursum
1853 3460 1900 3535 ad

732 3583 881 3674 coelum,
894 3581 988 3658 sicut
1004 3583 1217 3657 ostendetur
1234 3581 1441 3678 plenissime
1458 3581 1495 3654 in
1512 3581 1604 3656 libro
1620 3582 1787 3675 sequenti
1805 3583 1901 3656 Pur-

732 3699 874 3798 gatorii.
889 3705 1052 3774 -Loco
1086 3701 1151 3775 liic
1184 3701 1353 3798 Virgilius
1383 3700 1467 3776 lacit
1496 3701 1783 3798 topographiam,
1809 3701 1901 3776 idest

732 3819 1011 3915 descriptionem
1037 3819 1182 3896 insilit
1206 3821 1253 3896 ad
1279 3821 1388 3895 huius
1412 3821 1528 3896 literae
1553 3821 1655 3896 tortis
1680 3821 1899 3896 evidentiam

734 3941 816 4015 volo
843 3947 880 4014 te
904 3945 1044 4034 notare,
1062 3939 1161 4034 quod
1180 3940 1282 4016 locus
1308 3940 1375 4016 iste
1399 3939 1540 4016 foratus
1561 3960 1626 4035 per
1648 3961 1761 4035 quern
1787 3941 1902 4016 habe-

732 4062 820 4136 bant
845 4060 1001 4134 transire
1026 4066 1062 4134 et
1086 4059 1189 4134 exire
1214 4061 1301 4134 ioris
1316 4051 1352 4154 (³)
1384 4069 1440 4136 est
1469 4061 1562 4136 infra
1596 4069 1765 4138 centrum
1792 4069 1902 4138 terrae

733 4179 923 4274 usquead
948 4179 1177 4274 superficiem
1204 4179 1313 4255 aliam
1340 4187 1449 4256 terrae
1476 4180 1678 4276 interioris3
1706 4181 1770 4276 qul
1799 4183 1902 4258 locus
1964 4185 1967 4190 ’

733 4307 789 4377 est
814 4306 923 4374 tantae
938 4301 1116 4376 distantiae
1141 4308 1178 4376 et
1204 4301 1448 4396 longitudinis,
1466 4306 1612 4395 quante
1637 4311 1694 4380 est
1717 4303 1820 4378 locus
1838 4325 1904 4376 sn-

732 4443 799 4517 pra
824 4426 993 4496 centrum
1020 4420 1209 4514 usquead
1236 4422 1467 4516 superficiem
1498 4420 1600 4496 istius
1630 4427 1763 4498 nostrae
1790 4429 1901 4498 terre

731 4541 941 4638 superioris,
962 4541 1012 4615 ita
1037 4542 1136 4636 quod
1161 4549 1330 4617 centrum
1357 4548 1467 4617 terrae
1492 4541 1754 4636 equidistanter
1778 4542 1903 4618 dividit

733 4662 819 4736 istas
842 4661 935 4736 duas
959 4661 1184 4738 medietates.
1210 4663 1294 4738 ldeo
1319 4663 1415 4740 bene
1439 4662 1524 4737 dicit
1549 4662 1676 4736 litera:
1703 4665 1780 4736 loco
1804 4658 1842 4738 de
1866 4653 1904 4735 ld

731 4777 791 4874 ptri
815 4785 942 4856 ttmoto
965 4783 1015 4854 da
1039 4778 1200 4875 Belzebd,
1218 4782 1321 4877 idest,
1340 4804 1363 4856 a
1389 4781 1567 4876 Lucifero,
1587 4775 1700 4871 tuoto,
1715 4790 1845 4873 munio
1866 4785 1903 4856 lu

797 5031 824 5094 (¹)
840 5030 871 5082 lt.
886 5035 913 5080 et
929 5031 978 5083 dic.
1135 5031 1162 5093 t't
1178 5032 1209 5083 R
1225 5045 1241 5084 e
1257 5035 1312 5094 llo,
1328 5031 1398 5082 lecit.
1553 5029 1580 5096 θ)
1596 5031 1627 5082 lt
1642 5043 1658 5084 ο
1674 5033 1728 5092 llo,
1746 5029 1822 5082 lom
