4526 6836
781 920 1149 992 crurussrronsruus.
1501 913 1548 980 85

381 1063 517 1165 pnos(¹)
536 1073 735 1163 suspectos,
753 1073 858 1142 extra
882 1088 948 1162 per
974 1067 1121 1142 castella
1145 1067 1192 1142 ad
1216 1059 1362 1144 certum
1388 1076 1546 1165 tempus,

379 1191 509 1286 etipse
526 1188 673 1264 interim
686 1189 848 1283 placaret
860 1187 994 1263 iuriam
1011 1188 1240 1283 plebeiorum
1259 1191 1451 1266 iratorum.
1466 1191 1549 1278 Quo

380 1309 474 1384 lacto
491 1329 576 1384 curn
595 1327 731 1402 magno
759 1307 921 1380 tumultu
947 1313 984 1381 et
1007 1307 1138 1401 plausu
1164 1309 1300 1402 populi,
1320 1309 1397 1404 ipse
1414 1310 1545 1386 invasit

378 1427 579 1502 dominium
606 1427 778 1518 llantuae;
804 1432 842 1499 et
866 1425 1040 1501 continue
1064 1427 1262 1502 crudeliter
1287 1429 1545 1505 exterminavit
1651 1411 1655 1418 ¹

379 1546 484 1642 quasi
508 1565 637 1622 omnes
663 1543 817 1620 familias
842 1543 980 1620 nobiles
1005 1555 1043 1622 et
1067 1545 1224 1622 ramosas
1250 1546 1360 1641 lerro,
1386 1555 1424 1622 et
1449 1548 1544 1644 igne,

377 1669 507 1743 domos
539 1671 719 1757 evertens,
750 1664 849 1740 viros
874 1672 1038 1740 mactans
1063 1673 1101 1740 et
1126 1667 1305 1763 relegans,
1332 1668 1427 1743 inter
1452 1688 1547 1762 quos

377 1787 529 1863 luerunt
552 1785 703 1860 comites
728 1784 775 1860 de
798 1783 915 1860 Casuli
940 1785 1032 1880 Alto,
1059 1787 1108 1880 illi
1134 1786 1181 1861 de
1205 1787 1305 1882 Ripa,
1331 1787 1381 1862 illi
1406 1787 1453 1863 de
1477 1787 1547 1861 Ar-

377 1907 469 2000 lotis,
500 1905 550 1980 illi
580 1905 627 1979 de
656 1905 854 2000 Gaularris,
885 1905 937 1980 illi
961 1906 1008 1982 de
1033 1907 1226 2001 Zaueoalis‚
1253 1907 1301 1980 illi
1326 1907 1374 1981 de
1397 1907 1547 1984 Caecia-

377 2025 527 2120 draccis,
558 2024 607 2098 illi
641 2024 688 2100 de
719 2025 853 2119 Bobius,
888 2025 1000 2119 aliqui
1033 2026 1080 2100 de
1113 2027 1323 2123 llipolytlriS‚
1356 2027 1467 2121 aliqui
1498 2028 1546 2104 de

376 2145 531 2240 Sariola,
565 2151 603 2220 et
633 2145 693 2219 alii
723 2145 882 2241 plurimi.
915 2145 1007 2220 Dicit
1038 2165 1130 2242 ergo
1158 2147 1275 2222 bene:
1302 2151 1333 2221 te
1356 2151 1450 2240 penti
1472 2169 1546 2240 soc,

376 2266 510 2342 scilicet
522 2266 679 2339 Mantuae
692 2257 743 2360 (²),
756 2269 819 2359 sur
831 2261 894 2358 ptrl
913 2287 1028 2358 spesse
1043 2269 1187 2359 dentro,·
1203 2288 1290 2341 uam
1307 2268 1429 2362 audio,
1446 2269 1547 2362 quod

377 2388 454 2462 lere
487 2385 751 2482 qninquaginta
784 2385 928 2460 lamiliae
954 2388 1104 2461 luerunt
1128 2387 1324 2463 destructae
1347 2411 1414 2485 per
1439 2390 1547 2466 Pina-

378 2497 564 2602 monte(³),
593 2509 713 2599 pena
743 2507 804 2580 cle
834 2509 872 2580 to
900 2510 1035 2598 omnio,
1060 2506 1151 2584 idest
1165 2496 1201 2600 (⁸)
1229 2513 1378 2582 motato
1407 2512 1543 2584 macno

378 2635 548 2700 motnto:
580 2627 667 2722 quia
698 2646 823 2701 comes
852 2626 912 2702 illc
942 2627 1009 2700 luit
1034 2627 1084 2701 ita
1115 2627 1269 2723 simplex
1299 2637 1337 2704 et
1361 2629 1545 2726 crenulus,

378 2753 421 2820 ut
444 2746 580 2822 dictum
606 2752 671 2822 est
698 2745 817 2840 Aliqui
843 2752 968 2821 umen
992 2745 1129 2840 dicunt,
1154 2747 1254 2840 quod
1278 2747 1386 2823 debet
1410 2748 1492 2842 dici,
1509 2753 1545 2822 to

375 2869 487 2959 nata,
511 2867 603 2942 idest
626 2866 749 2959 natio;
776 2865 839 2940 sed
864 2864 922 2940 isti
947 2866 1075 2940 volunt
1098 2866 1293 2942 honestare
1312 2868 1462 2963 dictum,
1481 2869 1545 2944 sed

374 2987 481 3064 debet
497 2986 577 3081 (lici,
592 2991 629 3060 lo
641 2989 763 3060 molto
779 3005 951 3060 renovasse
968 2989 1126 3076 inponno
1138 2988 1188 3059 do
1201 2989 1418 3078 Pioomontc,
1432 2989 1496 3081 qui
1504 2981 1543 3080 (⁵)

378 3107 452 3182 luit'
469 3107 723 3200 astutissimus,
741 3113 778 3181 et
797 3107 876 3200 iste,
893 3112 931 3180 et
957 3105 1006 3180 illi
1030 3105 1077 3179 de
1101 3105 1212 3178 domo
1237 3127 1305 3180 sua
1324 3105 1384 3181 diu
1404 3127 1539 3203 regna-

377 3233 520 3303 verunt.
535 3229 579 3301 Et
592 3227 721 3302 ultimo
734 3225 905 3322 Virgilius
917 3226 1011 3300 lacta
1026 3225 1134 3320 longa
1148 3225 1358 3300 narratione
1370 3226 1543 3302 admonet

374 3354 556 3442 autorem,
571 3355 614 3421 ut
628 3345 797 3422 defendat
814 3347 1007 3420 veritatem
1018 3335 1054 3437 (⁶)
1074 3345 1322 3440 praesoriptam
1340 3345 1387 3420 de
1403 3347 1545 3442 origiue
1580 3445 1583 3452 .

375 3469 531 3542 llantuoe
548 3467 578 3540 si
594 3465 790 3560 aliquando
806 3470 1081 3560 perverteretur
1098 3464 1281 3558 abaliquo
1298 3465 1357 3539 vel
1373 3485 1421 3540 er
1439 3465 1545 3560 igno-

378 3586 506 3682 rantia,
533 3587 591 3662 vel
615 3586 765 3678 malitia,
785 3585 880 3660 sicut
895 3584 1002 3659 video
1021 3583 1068 3659 de
1085 3585 1179 3658 lacto
1197 3584 1301 3678 quasi
1319 3584 1356 3657 iu
1373 3585 1545 3658 omuibus

375 3707 494 3802 terris,
520 3706 615 3782 sicut
638 3706 710 3780 dixi
742 3727 853 3801 supra
878 3704 925 3779 de
950 3703 1132 3778 Florentia
1157 3703 1316 3798 capitulo
1341 3704 1417 3798 xv,
1442 3704 1545 3778 sirni-

376 3826 457 3902 liter
472 3825 519 3902 dc
535 3826 625 3901 aliis.
651 3826 743 3901 Dicit
768 3845 882 3921 ergo:
906 3817 994 3916 percl
1011 3826 1204 3914 tossomo,
1221 3823 1313 3900 idest
1330 3845 1465 3900 moneo
1482 3825 1542 3901 vel

375 3947 490 4023 doceo
513 3955 561 4042 te,
586 3950 646 4020 otc
670 3951 767 4020 nullo
793 3965 1001 4036 ntenzopoo,
1027 3943 1119 4018 idest
1135 3944 1278 4018 nullum
1296 3945 1542 4040 mendacium,
1591 3997 1593 4002 .

371 4069 471 4160 frodi
494 4068 531 4139 to
554 4057 679 4158 verita,
704 4065 839 4142 scilicet
859 4066 937 4160 jnm
963 4063 1109 4157 dictum,
1133 4084 1172 4136 se
1196 4069 1231 4136 to
1256 4067 1318 4138 odi
1341 4068 1414 4138 mot
1429 4068 1543 4156 unpr-

374 4205 445 4258 nor
469 4187 506 4258 tc
529 4187 602 4258 orio
626 4193 726 4259 terro
749 4185 955 4274 olncntcnti,
982 4201 1094 4275 quam
1117 4181 1255 4255 dictum
1274 4182 1329 4256 sit.
1348 4184 1392 4256 Et
1408 4185 1543 4258 Dentes

375 4303 596 4378 confirmans
620 4303 758 4377 dictum
784 4301 921 4398 Virgilii
944 4301 1046 4396 pouit
1061 4322 1169 4376 suam
1186 4302 1470 4397 responsionem,
1488 4302 1543 4377 di-

375 4443 483 4499 cens:
509 4431 542 4497 ct
562 4426 612 4514 io,
637 4423 772 4498 scilicet
797 4441 868 4518 ego
892 4423 1027 4497 Dantes
1045 4420 1224 4516 respondi,
1240 4424 1254 4494 ι’
1271 4425 1318 4496 tot
1333 4427 1542 4517 orpomcntt,

377 4543 467 4618 idest
486 4548 550 4616 tua
570 4541 756 4617 ratiocinia
778 4560 879 4633 vera,
897 4543 946 4612 mi
969 4561 1035 4612 son
1058 4533 1089 4612 sl
1112 4542 1198 4612 certi
1215 4543 1409 4632 eprendon
1424 4535 1454 4616 st
1470 4547 1542 4617 mic

372 4663 461 4758 sede,
487 4663 573 4758 quia
604 4667 717 4738 totam
743 4659 852 4733 iidem
879 4657 1026 4753 praebeo
1051 4655 1153 4732 dictis
1178 4659 1262 4754 tuis,
1288 4661 1348 4732 cte
1371 4662 1421 4752 pti
1445 4663 1542 4756 altri,

437 4880 465 4945 (¹)
481 4881 511 4932 R·
529 4883 658 4946 pmtpuo
673 4885 813 4944 mopeclos
1016 4879 1044 4942 l‘l
1060 4879 1092 4930 lt.
1109 4881 1264 4930 Mantum.

438 4957 463 5018 m
480 4957 510 5008 li.
527 4958 704 5008 Dlonmorrlom
721 4957 865 5020 prodlllooe
879 4969 933 5006 sua.
1014 4955 1041 5018 p)
1057 4955 1095 5006 lt:
1105 4956 1177 5015 itloot,
1194 4969 1266 5006 m
1277 4961 1396 5013 mro,
1413 4961 1539 5008 matrum.

436 5031 464 5096 t't
481 5039 534 5095 rto,
551 5036 612 5099 qut·
626 5034 685 5086 nrt
1013 5030 1041 5094 (¹)
1056 5031 1088 5082 Β.
1104 5031 1238 5083 murm
1254 5032 1287 5082 ro
1302 5032 1410 5096 ortam
