4534 6842
718 923 787 992 136
1112 933 1316 990 conamen
1340 933 1491 988 manum

713 1081 798 1157 dem
824 1079 1014 1176 desperate
1037 1078 1223 1174 suspendit
1247 1099 1287 1154 se
1311 1078 1456 1174 laqueo,
1481 1079 1529 1154 ita
1550 1079 1648 1173 quod
1670 1077 1778 1154 debet
1801 1097 1882 1152 esse

713 1199 967 1278 arboridcatus
991 1199 1028 1272 in
1052 1199 1190 1274 circulo
1215 1199 1462 1274 uiolentomm
1487 1209 1615 1276 eontra
1631 1217 1681 1273 se.
1701 1200 1771 1273 lste
1789 1218 1904 1294 ergo.

714 1321 807 1394 lilius
831 1324 983 1395 vocatus
1008 1324 1065 1394 est
1095 1317 1242 1394 nomine
1271 1319 1489 1414 Ciampoius,
1515 1338 1627 1412 quem
1664 1324 1783 1393 mater
1812 1338 1879 1394 sua

713 1439 842 1515 nobilis
857 1438 1005 1513 domina
1022 1438 1141 1533 posuit
1157 1437 1204 1513 ad
1216 1440 1385 1514 standum
1403 1458 1490 1513 eum
1509 1438 1669 1531 quodam
1686 1437 1797 1530 nobili
1817 1430 1879 1534 (¹);

713 1560 777 1654 qui
801 1557 904 1633 scivit
928 1557 979 1631 ita
1003 1557 1182 1655 sagaciter
1203 1577 1245 1634 se
1263 1559 1412 1650 habere,
1429 1557 1528 1653 quod
1553 1558 1669 1632 lactus
1690 1564 1744 1634 est
1769 1558 1817 1632 illi
1844 1559 1881 1632 in

713 1678 815 1753 brevi
833 1677 1060 1770 carisdmus3
1087 1683 1123 1752 et
1148 1678 1199 1752 sie
1224 1679 1321 1755 lama
1340 1684 1577 1774 prosperante
1602 1684 1640 1752 et
1664 1677 1791 1752 lavore
1815 1677 1882 1753 du-

714 1799 800 1872 mini
831 1797 1082 1891 coadiuvante,
1114 1798 1182 1874 iste
1218 1797 1365 1875 intravit
1396 1797 1538 1873 curiam
1570 1797 1668 1894 regis
1696 1798 1879 1894 Thebaidi,

713 1917 776 2012 qui
801 1917 896 1994 ultra
922 1937 1028 2014 reges
1047 1917 1233 1992 Navarriae
1254 1918 1321 1992 luit
1337 1918 1393 1994 vir
1406 1909 1444 2011 (²)
1471 1917 1664 2014 singularis
1675 1917 1825 2014 justitia
1842 1925 1880 1992 et

712 2037 926 2132 clementias,
952 2044 989 2112 et
1013 2057 1160 2112 summa
1183 2039 1381 2135 sagacitate
1397 2043 1473 2112 lam
1491 2037 1703 2114 mirabiliter
1727 2037 1881 2132 adeptus

712 2164 768 2232 est
792 2157 948 2258 gratiam
974 2163 1012 2232 et
1035 2156 1200 2232 savorem
1227 2158 1342 2255 regis:
1369 2158 1432 2252 qui
1459 2178 1525 2233 rex
1551 2165 1739 2232 amoratus
1764 2157 1810 2232 de
1835 2179 1881 2233 eo

712 2277 893 2352 commisit
930 2282 1044 2352 tutam
1083 2277 1225 2353 curiam
1267 2278 1467 2375 regendam
1500 2277 1668 2352 manibus
1702 2277 1792 2372 eius,
1831 2278 1880 2354 ita

711 2397 811 2491 quod
835 2397 1046 2472 uenierehat
1062 2397 1237 2474 beneficia
1254 2388 1304 2494 (³),
1325 2405 1362 2474 et
1378 2398 1501 2473 omnia
1522 2398 1759 2472 ministrabat.
1778 2399 1880 2474 Tune

714 2517 822 2612 coepit
842 2517 1062 2592 astutissime
1086 2517 1258 2592 baratare
1282 2524 1319 2592 et
1343 2516 1599 2610 accumulare3
1625 2523 1662 2590 et
1682 2517 1765 2592 licet
1782 2537 1879 2612 saepe

714 2635 819 2712 lieret
844 2635 996 2728 querela
1020 2636 1067 2710 de
1091 2657 1148 2730 en,
1180 2657 1244 2712 rex
1278 2636 1365 2712 nihil
1390 2636 1543 2712 credere
1571 2636 1733 2730 volebat3
1763 2644 1801 2712 et
1825 2637 1908 2744 sic*

714 2755 887 2831 continuo
922 2756 1108 2830 crescebat
1136 2757 1289 2831 audacia
1318 2755 1570 2846 audacissimo,
1596 2757 1700 2830 Nunc
1724 2756 1770 2830 ad
1796 2756 1877 2831 lite-

713 2897 815 2950 ram:
840 2874 925 2949 dicit
950 2875 1156 2971 Ciampoius
1182 2875 1347 2972 Virgilio:
1376 2881 1415 2949 lo
1436 2879 1490 2970 fui
1519 2879 1577 2950 del
1602 2897 1714 2968 reprm
1739 2878 1777 2950 di
1802 2881 1878 2950 Na·

714 3017 827 3069 varra
852 3002 946 3068 nate.
972 2995 1139 3090 Hispania
1165 2995 1264 3071 enim
1289 2996 1399 3070 habet
1428 2995 1592 3090 quinque
1623 3015 1738 3092 regna
1764 2995 1801 3068 in
1825 3015 1877 3090 se,

711 3115 847 3190 scilicet
882 3135 1038 3211 regnum
1072 3115 1246 3210 Castellae,
1272 3115 1504 3211 Armeniam,
1534 3113 1761 3208 Navarriam,
1788 3115 1879 3189 Por-

712 3236 905 3333 iugalium,
931 3245 969 3312 et
993 3235 1203 3329 Grannum,
1229 3254 1313 3329 quae
1342 3245 1397 3310 est
1428 3233 1591 3330 infidelis,
1618 3235 1703 3328 quia
1728 3254 1795 3329 per
1820 3255 1880 3308 sa·

711 3375 865 3431 racenos
881 3355 1028 3434 detenta
1042 3343 1091 3448 (⁸).
1109 3355 1152 3428 Et
1170 3355 1283 3452 tangit
1300 3375 1405 3431 suam
1424 3354 1622 3448 fortunam,
1639 3353 1785 3428 dicens:
1804 3358 1876 3428 mia

711 3479 835 3550 madre
858 3478 919 3549 cde
942 3479 987 3549 m'
1000 3497 1090 3549 uvea
1106 3482 1272 3567 pennae
1291 3479 1381 3549 d’un
1396 3477 1549 3566 ribaldo,
1567 3481 1603 3550 et
1627 3494 1696 3571 ego
1717 3495 1791 3549 uon
1810 3475 1876 3550 de-

710 3595 897 3694 generavi,
923 3594 1009 3690 quia
1034 3595 1086 3668 lui
1101 3586 1138 3688 (⁵)
1164 3595 1336 3670 ribaldior
1360 3615 1418 3690 eo,
1445 3615 1530 3669 nam
1552 3615 1662 3670 omne
1679 3601 1802 3669 ortum
1820 3602 1877 3670 at·

713 3719 867 3789 testatur
879 3713 960 3808 ei‚a
978 3734 1052 3809 quo
1068 3714 1205 3808 oritur3
1223 3717 1453 3806 diremptor
1468 3717 1507 3788 di
1521 3713 1560 3789 se*
1574 3737 1593 3788 e
1608 3717 1647 3788 di
1657 3735 1718 3787 sue
1732 3705 1875 3808 msel⁰);

711 3833 762 3908 sic
788 3853 877 3906 usus
911 3839 966 3908 est
990 3833 1123 3928 duplici
1151 3833 1333 3928 violentia,
1366 3855 1391 3906 a
1418 3855 1521 3908 seruo
1555 3837 1650 3908 d’un
1678 3835 1802 3924 ripum
1830 3837 1881 3907 mi

708 3975 813 4047 pose:
837 3953 940 4048 idest,
964 3953 1011 4028 ad
1036 3953 1268 4029 serviendum
1296 3954 1442 4029 cuidam
1476 3954 1587 4029 nobili
1612 3961 1692 4050 pest
1718 3961 1875 4029 mortem

710 4073 831 4168 patris.
858 4072 995 4148 Deinde
1020 4074 1135 4171 tangit
1159 4073 1322 4149 officium
1349 4095 1459 4149 suum
1491 4094 1577 4149 cum
1610 4074 1717 4148 dicit:
1739 4077 1805 4167 poi
1825 4077 1880 4170 piri

707 4195 867 4289 [amiplie
899 4196 957 4267 del
983 4195 1075 4267 deon
1105 4215 1147 4266 re
1185 4195 1344 4268 Tednlde.
1375 4195 1419 4267 Et
1448 4194 1507 4268 hie
1542 4200 1638 4288 nota,
1673 4193 1771 4287 quod
1806 4195 1877 4267 hoc

711 4318 880 4387 notanter
904 4313 1030 4408 tangit,
1056 4313 1142 4406 quia
1168 4313 1276 4387 tacite
1300 4314 1380 4387 vult
1404 4312 1494 4398 dare
1514 4311 1686 4408 intelligi:
1714 4312 1798 4387 licet
1820 4333 1879 4388 es-

710 4453 788 4508 sem
802 4422 840 4526 (⁷)
871 4430 988 4506 iactor
1016 4431 1142 4527 optimi
1166 4432 1315 4530 domini,
1343 4440 1466 4508 tamen
1497 4453 1601 4508 eram
1624 4422 1661 4525 (⁸)
1687 4433 1877 4528 pessimus.

710 4553 754 4625 Et
778 4551 829 4627 sic
852 4558 909 4626 est
924 4551 1028 4626 valde
1045 4551 1304 4648 periculosum,
1321 4553 1468 4647 quande
1486 4553 1656 4627 dominus
1673 4559 1727 4628 est
1748 4553 1879 4648 bonus,

770 4803 799 4868 (¹)
815 4805 854 4865 s„
871 4808 917 4856 ild
932 4818 948 4856 e
964 4804 991 4856 s.
1006 4805 1086 4858 ueilll
1102 4813 1230 4872 mumulo,
1248 4809 1301 4874 qul.
1368 4807 1396 4873 (Ἴ
1412 4809 1443 4860 12„
1459 4807 1510 4860 lull
1524 4821 1571 4859 rex
1587 4807 1732 4873 duguhrls.

770 4879 1166 4943 (ilsosomnumdm.
1368 4885 1565 4950 eluderent·
1579 4885 1686 4936 utltt

771 4955 799 5019 (⁸)
815 4955 846 5007 Β.
862 4956 923 5020 qula
938 4957 996 5010 llrlt.
1368 4961 1396 5024 ι’)
1412 4963 1442 5014 ll.
1459 4975 1525 5020 mm
1541 4975 1574 5013 ex
1588 4961 1686 5026 unpltd
1702 4959 1834 5016 violentia.

771 5032 799 5098 ω
813 5031 845 5086 li.
860 5037 935 5086 aaut.
1370 5037 1398 5106 θ)
1414 5039 1445 5091 E.
1460 5043 1525 5094 met
