4606 6840
769 941 908 996 caurus
932 941 1124 998 morsurus
1148 942 1292 997 serras.
1532 923 1601 992 287

438 1084 501 1157 tati
526 1083 574 1159 ab
599 1104 644 1159 ea
669 1084 707 1156 iu
732 1083 894 1160 diversas
924 1085 1061 1160 formas
1090 1084 1316 1160 animalium.
1343 1083 1413 1158 Sed
1444 1082 1604 1177 prudens

434 1203 568 1300 Ulyxes
592 1211 717 1300 postea
743 1206 1004 1302 superveniens
1034 1227 1107 1280 non
1133 1212 1188 1280 est
1210 1211 1372 1279 mutatus
1401 1203 1439 1277 in
1464 1200 1602 1296 aliquo,
1745 1242 1752 1253 ι

434 1325 509 1398 imo
534 1325 740 1421 impetravit
764 1328 812 1402 ab
838 1347 882 1402 ea
909 1326 1207 1403 reformationem
1234 1325 1434 1419 sociorum;
1452 1331 1489 1399 et
1507 1322 1604 1399 stetit

434 1439 570 1538 cum(¹l
598 1448 702 1524 Circe
727 1448 774 1523 ad
798 1454 955 1542 tempus,
974 1454 1010 1522 et
1027 1447 1155 1545 genuit
1171 1467 1216 1522 ex
1241 1467 1285 1521 oa
1311 1445 1427 1521 filium
1453 1444 1602 1518 nomine

435 1567 674 1664 Telegonum,
704 1567 767 1661 qui
798 1575 923 1663 postea
955 1567 1134 1643 interfecit
1167 1567 1289 1662 ipsum
1322 1585 1388 1663 per
1422 1583 1603 1658 errorem,

437 1693 478 1759 ut
503 1687 645 1762 dicetur
670 1687 707 1762 in
732 1688 807 1763 fine
829 1688 987 1784 capituli.
1014 1689 1068 1763 De
1099 1688 1165 1761 ista
1195 1689 1299 1763 Circe
1324 1687 1464 1762 eteius
1489 1685 1605 1759 male-

437 1807 526 1883 ficiis
542 1808 684 1884 dicetur
700 1809 906 1906 Purgatorii
924 1809 1082 1904 capitulo
1097 1809 1184 1882 xlv.
1203 1795 1247 1882 Et
1264 1808 1346 1883 ideo
1363 1807 1447 1882 dicit
1459 1807 1606 1902 Ulyxes,

438 1933 580 2023 quondo
597 1933 645 2002 mi
659 1933 862 2023 diporti’do
882 1933 1001 2023 Ciroe;
1023 1935 1059 2004 et
1076 1929 1227 2005 adverte
1248 1929 1347 2022 quod
1374 1928 1505 2025 Ulyxes
1532 1947 1605 2000 non

437 2050 548 2145 coepit
580 2071 735 2127 narrare
765 2072 787 2125 a
820 2050 993 2145 principio
1028 2071 1106 2124 suae
1143 2048 1468 2146 peregrinationis3
1502 2039 1631 2143 prius'

438 2171 535 2244 enim
554 2177 705 2246 steterat
721 2191 807 2246 cum
826 2171 896 2244 alia
923 2191 1055 2266 magna
1082 2189 1191 2265 maga
1216 2169 1253 2242 iu
1277 2168 1415 2243 Graecia
1441 2167 1606 2263 pluribus
1682 2157 1684 2160 ’

438 2291 552 2387 annis,
586 2313 671 2385 quae
703 2298 832 2367 vocata
861 2301 917 2368 est
950 2291 1111 2388 Calypso.
1143 2291 1187 2364 st
1218 2289 1321 2365 dicit:
1353 2293 1412 2363 cle
1440 2295 1606 2362 sotirasse

438 2433 505 2504 me,
539 2412 675 2487 scilicet
707 2433 730 2486 a
762 2411 1055 2508 peregrinatione
1085 2431 1180 2505 mea,
1211 2406 1271 2504 ptri
1302 2413 1336 2483 d’
1355 2431 1404 2484 uo
1425 2430 1534 2501 anno,
1569 2418 1607 2485 et

441 2531 556 2626 tangit
581 2531 702 2605 locum
725 2530 954 2606 habitationis
969 2521 1006 2623 (²)
1024 2529 1146 2606 Circes
1171 2530 1376 2626 paralium
1402 2531 1525 2604 locum
1552 2529 1608 2603 vi·

441 2649 563 2724 cinum
598 2649 713 2748 magis
746 2657 874 2725 notum
907 2673 993 2726 cum
1036 2652 1144 2727 dicit:
1177 2642 1213 2726 tt
1251 2673 1373 2745 presso
1404 2673 1428 2724 α
1462 2653 1606 2724 Goirlto.

439 2769 542 2845 Unde
574 2777 671 2864 nola,
704 2771 804 2865 quod
832 2772 991 2848 Circaeus
1024 2779 1078 2847 est
1112 2792 1218 2846 mons
1242 2773 1353 2846 ltaliae
1381 2773 1608 2868 propinquus

440 2889 599 2983 Caiettae,
625 2891 662 2964 in
687 2891 792 2965 cuius
819 2893 1031 2967 summitate
1062 2891 1192 2966 dicitur
1225 2892 1310 2966 olim
1342 2893 1454 2966 luisse
1487 2892 1608 2966 nobile

441 3010 631 3085 castellum
647 3000 697 3104 (³),
724 3016 760 3085 et
792 3017 872 3085 erat
896 3011 955 3085 illa
981 3017 1080 3086 terra
1106 3011 1223 3084 insula
1257 3032 1329 3084 non
1359 3010 1472 3084 divisa
1502 3009 1607 3103 mari,

444 3129 507 3204 sed
532 3129 734 3225 paludibus,
761 3140 798 3206 ct
822 3137 952 3205 vocata
978 3141 1033 3207 est
1057 3131 1176 3226 primo
1203 3131 1285 3226 lita,
1318 3131 1463 3206 tandem
1499 3130 1610 3204 Linus

445 3249 606 3324 delluens
644 3271 688 3324 ex
726 3249 910 3325 montibus
941 3251 1092 3345 albanis,
1118 3252 1263 3348 repletis
1288 3251 1492 3346 paludibus,
1527 3250 1610 3326 lecit

429 3376 609 3444 -montem
636 3369 851 3444 continuum
878 3377 998 3446 terre.
1025 3371 1116 3448 Nota
1142 3372 1251 3446 etiam
1279 3371 1377 3465 quod
1401 3371 1538 3446 Caietia
1556 3381 1611 3446 est

444 3491 571 3585 pulcra
598 3490 725 3566 civitas
750 3491 787 3565 in
812 3493 941 3586 Apulia
974 3492 1026 3567 sic
1053 3493 1287 3567 denominata
1316 3514 1337 3566 a
1370 3491 1505 3568 Caietta
1541 3513 1612 3565 nu-

444 3609 535 3684 trice
552 3609 660 3685 Eneae
686 3610 734 3684 ibi
760 3617 908 3685 mortua
935 3618 971 3688 et
997 3612 1150 3707 sepulta,
1168 3611 1261 3687 siout
1280 3611 1404 3686 scribit
1429 3611 1609 3709 Virgilius,

444 3731 580 3805 Plinius
599 3739 635 3807 et
655 3731 714 3806 alii
733 3733 848 3807 multi.
867 3733 910 3805 ut
927 3733 1009 3809 ideo
1026 3733 1111 3809 dicit
1127 3733 1279 3830 Ulyxes:
1298 3737 1420 3828 primo
1440 3735 1498 3806 cle
1515 3738 1613 3806 Enoc

444 3853 480 3923 lo
513 3871 674 3924 oomusse
705 3845 747 3944 si,
782 3853 869 3945 quia
900 3853 969 3930 ista
1007 3860 1107 3928 terra
1141 3855 1304 3928 nondum
1337 3860 1416 3929 crat
1447 3853 1496 3927 ibi
1528 3861 1614 3928 ante

443 3974 619 4044 eventum
634 3959 671 4062 (⁴)
696 3971 817 4066 lineae,
848 3971 911 4046 sed
938 3972 1114 4047 aedificata
1143 3973 1191 4048 ab
1222 3993 1267 4048 eo
1297 3973 1348 4048 sic
1381 3973 1615 4048 denominata

444 4089 511 4163 luit
536 4109 558 4164 a
584 4089 741 4165 muliere
765 4093 945 4186 predicta.
971 4094 1089 4168 Encas
1115 4094 1212 4169 enim
1234 4095 1382 4189 erravit,
1408 4093 1611 4170 secundum

446 4209 628 4285 fictionem
654 4210 801 4307 Virgilii,
821 4217 959 4307 septem
981 4212 1096 4287 anuis.
1124 4213 1255 4309 Ulyxes
1282 4235 1382 4308 vero,
1409 4215 1611 4290 secuudum

445 4329 662 4425 Homerum,
687 4330 815 4405 decem
848 4332 962 4406 annis.
978 4374 1027 4387 -
1044 4339 1112 4406 lla.
1140 4333 1204 4408 llio
1230 4333 1400 4431 Virgilius
1433 4333 1613 4429 specificat

445 4449 776 4548 peregrinationem
803 4473 921 4547 suam,
947 4460 983 4528 et
1008 4453 1113 4528 dicit:
1141 4474 1228 4529 vere
1252 4455 1352 4528 nulla
1378 4455 1522 4530 vincula
1548 4475 1614 4549 po-

445 4576 598 4646 tuerunt
624 4593 685 4647 me
702 4593 886 4668 coercere,
907 4594 966 4646 mo
985 4575 1063 4647 miri
1083 4595 1135 4646 me
1145 4596 1215 4667 per
1236 4577 1343 4648 l’olto
1361 4597 1460 4650 more
1477 4583 1614 4670 operto,

446 4701 488 4768 ut
512 4713 631 4768 essem
657 4693 868 4790 expeditior,
893 4697 950 4768 sol
972 4717 1038 4768 coo
1058 4717 1110 4768 on
1126 4698 1241 4789 loono,
1260 4697 1361 4792 idest,
1382 4698 1501 4772 solum
1529 4719 1616 4772 cum

510 4913 536 4978 (ί)
553 4915 584 4966 ll.
600 4929 660 4966 cum
677 4917 731 4979 ipsa
746 4915 819 4968 (irco
833 4917 947 4968 venefica
963 4919 994 4968 ad
1011 4923 1121 4982 tempus.

509 4988 537 5054 (¹)
554 4996 608 5052 llll,
626 4992 927 5055 peregrinationis-Il.
942 4995 1106 5048 habitationis
1121 4993 1210 5048 circis.

512 5067 539 5130 t'l
555 5067 585 5118 R
602 5072 725 5120 mirum·
1011 5071 1037 5135 tl)
1055 5072 1085 5123 lt.
1103 5073 1251 5125 adrentum.
