4550 6844
653 935 658 944 ¹
733 963 804 1032 too
1125 973 1329 1037 domnum
1353 980 1505 1036 mmm

732 1127 905 1216 attentus,
930 1122 981 1195 od
1003 1124 1204 1216 accedas&
1228 1129 1267 1200 et
1289 1124 1349 1202 bic
1374 1131 1473 1220 nota,
1499 1124 1601 1221 quod
1623 1125 1821 1222 aliquando
1846 1125 1906 1202 vir

731 1241 874 1337 sapiens
898 1241 1102 1320 delectatur
1125 1243 1256 1320 audire
1280 1245 1371 1320 tales
1395 1245 1459 1340 qui
1480 1251 1558 1321 tam
1572 1246 1792 1340 eloquenter
1807 1245 1904 1322 inter

730 1382 773 1438 se
796 1361 1031 1437 contendunt
1057 1361 1151 1440 Sunt
1166 1363 1266 1440 enim
1282 1364 1396 1460 aliqui
1414 1365 1532 1462 quiin
1549 1365 1800 1442 maledicendo
1817 1373 1905 1442 sunt

732 1481 946 1558 mirabiliter
962 1481 1104 1579 diserli3
1122 1490 1160 1560 et
1175 1483 1206 1559 si
1226 1483 1336 1560 detur
1351 1485 1406 1561 eis
1423 1506 1543 1561 unum
1560 1486 1758 1562 honestum
1778 1485 1904 1562 tbema

729 1601 897 1678 nesciunt
921 1602 1009 1697 quid
1037 1602 1176 1680 dicant:
1203 1613 1242 1682 et
1271 1624 1362 1680 vere
1389 1605 1605 1682 delectabile
1633 1611 1690 1682 est
1704 1597 1742 1697 ι’)
1775 1603 1905 1682 audire
1947 1621 1952 1634 ·

729 1722 823 1798 duos
852 1722 1030 1816 falsarios,
1046 1722 1207 1818 lenones,
1232 1723 1449 1820 baratarios,
1472 1733 1663 1819 tamquam
1689 1724 1905 1802 meretrices

729 1843 894 1920 intense
922 1843 1202 1939 contendentem
1229 1847 1360 1938 quand
1373 1847 1407 1920 et
1437 1853 1591 1920 mcestro
1615 1849 1732 1922 dicre:
1762 1865 1807 1920 or
1830 1863 1904 1938 pur

728 1965 836 2055 mia,
856 1963 960 2058 idest,
980 1983 1068 2040 cum
1093 1964 1336 2042 admiratione
1351 1966 1520 2042 ausculta
1537 1966 1660 2061 inepta
1676 1964 1792 2042 uerba
1814 1964 1902 2041 isto-

729 2103 827 2178 rum,
853 2087 913 2158 clle
932 2105 1002 2178 per
1019 2105 1112 2178 poco
1132 2082 1154 2162 e*
1172 2087 1232 2160 cire
1248 2093 1407 2160 morton
1426 2087 1595 2176 aririrso,
1621 2084 1726 2179 idest,
1751 2085 1814 2160 vir
1839 2105 1901 2162 mc

727 2205 897 2280 contineo
923 2203 1023 2299 quod
1045 2224 1120 2280 non
1135 2204 1295 2282 altercer
1314 2211 1450 2282 tecum.
1465 2245 1515 2260 -
1530 2208 1691 2294 Qumdu
1708 2204 1775 2280 liic
1790 2211 1901 2282 antor

727 2324 885 2400 ostendit
909 2347 1017 2400 suam
1040 2325 1200 2402 subitam
1217 2325 1498 2421 correctionem,
1516 2325 1604 2421 quia
1620 2324 1743 2402 statim
1760 2324 1827 2398 luit
1844 2323 1901 2400 in·

727 2444 887 2522 credibili
914 2446 1053 2522 rubore
1077 2445 1263 2540 coniusus,
1288 2446 1388 2523 unde
1417 2446 1527 2522 dicit:
1560 2448 1697 2522 vobtmi
1724 2465 1827 2520 cerro
1851 2446 1901 2520 lui

726 2585 794 2638 coo
819 2568 871 2639 tol
893 2585 1087 2657 oerqopon,
1113 2564 1215 2659 idest,
1234 2571 1309 2642 tam
1327 2565 1482 2660 ardenti,
1502 2568 1554 2640 cb'
1566 2585 1681 2640 oocor
1689 2585 1759 2658 per
1774 2567 1811 2638 lo
1826 2584 1899 2638 ma·

727 2686 845 2760 morio
861 2686 910 2758 mi
924 2687 956 2757 si
969 2686 1067 2776 piru,
1085 2684 1172 2778 quia
1188 2684 1325 2761 scilicet
1341 2686 1462 2763 adbuc
1478 2705 1554 2762 non
1570 2685 1719 2762 reoeoeit
1735 2703 1759 2760 a
1775 2689 1900 2760 mente

728 2825 823 2898 mea,
849 2805 990 2896 quondo
1013 2807 1041 2878 it
1063 2807 1197 2880 rcao'a
1222 2825 1277 2880 me
1294 2809 1430 2898 portur
1457 2825 1525 2880 coa
1555 2809 1638 2878 tra.-
1661 2806 1775 2881 bomo
1799 2803 1897 2880 enim

726 2924 890 3000 maxime
918 2923 1101 3000 erubescit
1129 2924 1176 3001 de
1206 2945 1276 3000 suo
1310 2945 1440 3002 errore
1468 2945 1596 3002 eoram
1629 2925 1804 3020 sapiente,
1834 2921 1898 3017 qui

726 3044 836 3120 babet
860 3043 995 3119 bonam
1020 3043 1229 3138 opinionem
1253 3044 1301 3120 de
1325 3065 1381 3120 eo.
1407 3046 1452 3119 Et
1481 3043 1689 3120 manifestat
1712 3041 1898 3120 conlude-

725 3184 813 3240 nem
838 3163 1058 3238 immensam
1084 3184 1150 3259 per
1175 3185 1289 3240 unam
1315 3165 1628 3262 comparationem
1648 3161 1754 3238 valde
1779 3159 1897 3238 subti-

725 3285 812 3377 lem,
837 3289 875 3358 et
899 3283 1160 3359 sententialiter
1184 3284 1264 3359 vult
1287 3283 1422 3380 dicore,
1440 3285 1540 3380 quod
1556 3304 1654 3360 nunc
1670 3281 1800 3358 accidit
1816 3279 1896 3372 sibi,

724 3405 820 3481 sicut
846 3403 1043 3498 aliquando
1068 3404 1160 3480 solet
1184 3405 1352 3482 accidere
1377 3406 1586 3500 somnianti,
1611 3405 1675 3500 qui
1700 3404 1738 3478 in
1763 3421 1896 3478 mmno

725 3523 823 3600 videt
846 3523 995 3616 aliquod
1021 3544 1198 3620 magnum
1229 3525 1437 3620 periculum
1464 3524 1524 3601 vel
1553 3525 1729 3600 damnum
1763 3543 1895 3616 suum;

725 3651 763 3720 et
787 3643 872 3718 dicit
888 3643 925 3718 in
942 3643 1019 3738 ipso
1036 3643 1180 3720 somnio
1204 3643 1300 3720 intra
1316 3653 1478 3720 mentem
1499 3663 1606 3718 suam
1627 3642 1894 3740 angustiatum:

725 3783 750 3840 o
776 3763 916 3839 utinam
943 3762 1038 3840 istud
1062 3769 1159 3840 esset
1182 3763 1369 3840 somnium
1398 3769 1437 3838 et
1466 3783 1541 3837 uon
1565 3783 1656 3838 vera
1681 3783 1758 3858 res,
1784 3760 1897 3837 etita

725 3883 837 3960 babet
861 3883 960 3978 quod
977 3882 1088 3979 cupit,
1114 3883 1201 3978 quia
1218 3901 1308 3959 vere
1325 3882 1510 3958 somnium
1528 3889 1603 3978 est3
1621 3890 1659 3958 et
1679 3888 1802 3958 tamen
1819 3900 1895 3956 nou

724 4005 840 4082 credit
864 4005 1014 4099 babere,
1039 4003 1127 4099 quia
1151 4002 1268 4080 credit
1293 4009 1437 4078 tantum
1463 4002 1561 4098 quod
1584 4002 1733 4078 realiter
1751 4007 1790 4078 et
1805 4021 1896 4078 vere

723 4124 774 4200 sic
799 4125 845 4204 sit
870 4131 910 4200 ut
928 4125 1046 4219 videt3
1064 4123 1167 4200 etita
1185 4123 1224 4198 in
1243 4123 1428 4220 proposito
1446 4123 1533 4199 dicit
1549 4128 1678 4198 autor:
1697 4143 1768 4220 ego
1787 4131 1895 4218 opta·

721 4245 807 4321 bam
834 4265 1014 4322 excusare
1030 4263 1093 4320 me
1117 4254 1156 4322 et
1178 4242 1414 4338 excusabam,
1430 4243 1567 4320 scilicet
1582 4243 1768 4318 mediante
1784 4263 1894 4319 vere·

721 4365 854 4440 cundia
884 4385 1032 4461 magna,
1058 4369 1096 4438 et
1125 4369 1249 4438 tamen
1281 4382 1355 4437 non
1386 4363 1582 4438 credebam
1617 4381 1796 4438 excusare
1827 4381 1892 4436 me

720 4485 956 4562 sufficienter.
983 4485 1088 4559 Nunc
1111 4483 1160 4558 ad
1183 4482 1340 4578 literam,
1357 4481 1443 4558 dicit
1462 4491 1590 4560 autor:
1608 4505 1627 4558 c
1643 4486 1695 4556 tut
1713 4483 1761 4556 mi
1781 4483 1891 4575 sec'io

720 4627 792 4679 noo
805 4607 957 4698 poteodo
966 4607 1133 4696 portare,
1150 4602 1287 4678 scilicet
1303 4623 1380 4698 prae
1397 4603 1510 4680 nimia
1528 4601 1760 4695 verecundia,
1774 4602 1891 4694 quote,

721 4724 850 4819 supple
875 4722 926 4818 iit,
951 4725 1029 4816 quei
1052 4725 1113 4796 cle
1131 4743 1196 4797 saro
1211 4724 1416 4816 dooocppio
1431 4745 1559 4816 ropac,
1576 4722 1680 4816 idest,
1697 4721 1762 4816 qui
1778 4741 1892 4796 suum

721 4843 900 4919 damnum
925 4842 1093 4938 somniat,
1113 4845 1174 4917 cte
1196 4845 1383 4936 roprcuodo
1407 4845 1571 4918 madero
1594 4863 1762 4935 sequare,
1785 4835 1893 4918 sicle

783 5107 810 5170 τ’)
826 5107 857 5160 li.
872 5113 912 5160 ert
927 5107 1059 5160 interdum
1073 5108 1165 5160 rodim
1180 5109 1246 5160 duos
1261 5107 1397 5161 iuniores
1413 5107 1526 5161 lenense
