4526 6836
717 917 763 986 42
1113 925 1317 983 commin
1341 923 1493 982 mmm
1600 927 1605 934 '

716 1073 907 1151 vendendo
935 1093 1031 1166 eam,
1063 1081 1102 1147 et
1130 1073 1320 1170 tyrannice
1351 1072 1551 1150 tractando.
1582 1073 1636 1148 Ad
1665 1073 1885 1155 evidentiam

715 1198 850 1271 horum
866 1196 1013 1291 plenam
1027 1199 1082 1268 est
1095 1193 1296 1289 sciendum,
1310 1193 1409 1289 quod
1422 1213 1520 1268 auno
1532 1193 1676 1268 Domini
1689 1195 1885 1271 dccxciv

716 1337 803 1392 cum
829 1315 1030 1392 cardinales
1047 1321 1169 1390 esseut
1185 1314 1222 1388 in
1240 1313 1386 1389 civitate
1406 1313 1546 1388 Perusii
1573 1315 1733 1390 mullum
1754 1317 1887 1397 arctati

716 1458 739 1512 a
763 1436 953 1532 perusinis,
978 1433 1066 1531 quia
1097 1434 1249 1511 ecclesia
1277 1434 1399 1512 linerat
1432 1433 1510 1510 sine
1541 1440 1689 1530 pastore
1719 1436 1888 1531 pluribus

717 1557 861 1633 duobus
889 1555 1004 1651 aunis,
1034 1577 1108 1630 nou
1142 1556 1305 1633 valentes
1334 1554 1561 1632 concordare
1592 1554 1630 1628 iu
1658 1555 1794 1651 aliquo,
1825 1556 1888 1651 qui

717 1684 813 1754 esset
837 1677 883 1758 de
907 1677 1077 1774 Codeffl'o,
1095 1675 1250 1758 finaliter
1269 1676 1468 1773 velegerunt
1493 1675 1691 1769 quemdam
1717 1683 1886 1753 smctum

718 1799 852 1892 virum,
885 1797 949 1892 qui
980 1803 1132 1872 vocatus
1162 1803 1218 1872 esi
1245 1796 1360 1872 irater
1389 1797 1520 1872 Petrus
1551 1796 1598 1872 de
1628 1797 1790 1872 llorono.
1822 1797 1889 1873 ilic

718 1924 798 1994 erat
823 1917 869 1993 de
893 1915 1061 2013 llpruti03
1087 1917 1151 2012 qui
1176 1937 1290 2014 agens
1315 1916 1578 2012 punientiam,
1602 1916 1776 1992 ordinatis
1804 1919 1889 2012 plu·

719 2038 820 2112 ribus
845 2037 1075 2113 momsteriis
1109 2037 1166 2111 sui
1199 2035 1346 2131 ordinis,
1372 2036 1436 2111 ivit
1467 2036 1513 2114 ad
1538 2043 1682 2112 montes
1712 2036 1887 2132 Murenis,

719 2176 804 2252 quae
828 2164 1024 2234 montanea
1049 2164 1104 2231 est
1127 2176 1240 2254 supra
1265 2156 1490 2232 Sulmonem.
1517 2157 1589 2232 lste
1613 2163 1765 2232 vocatus
1793 2177 1887 2253 papa

718 2276 992 2356 Coelestinusll
1029 2277 1169 2352 creavit
1203 2275 1396 2352 duodecim
1435 2275 1636 2353 cardinales
1673 2275 1721 2352 de
1759 2296 1888 2352 meuse

718 2397 933 2494 septembris
958 2417 1026 2493 pro
1050 2417 1184 2494 magna
1213 2403 1318 2493 parte
1350 2396 1641 2470 ultramontanos
1673 2395 1720 2471 ad
1745 2395 1889 2492 petitio-

720 2539 806 2594 nem
823 2517 943 2592 Caroli
968 2516 1017 2610 113
1036 2537 1111 2610 quo
1136 2515 1231 2593 lacto
1256 2515 1320 2592 ivit
1344 2536 1430 2591 cum
1450 2515 1556 2592 curia
1574 2516 1773 2612 Neapolim.
1800 2517 1889 2590 Erat

603 2647 607 2656 “
721 2644 847 2713 autem
885 2637 942 2710 vir
978 2635 1148 2732 simplex,
1187 2636 1393 2732 illiteratus,
1428 2636 1593 2710 inhabilis
1626 2636 1772 2731 offici03
1806 2636 1889 2712 ideo

722 2757 913 2853 querebat
941 2755 1038 2832 viam
1071 2775 1177 2852 posse
1211 2744 1424 2832 renuntiare
1451 2756 1608 2853 papatui.
1640 2757 1738 2832 luter
1767 2755 1887 2832 cardi-

720 2879 822 2954 nales
849 2883 931 2953 erat
962 2876 1111 2972 quidam
1137 2876 1307 2952 domiuus
1335 2875 1551 2952 Benedictus
1584 2875 1630 2951 de
1662 2876 1803 2952 Anauia
1834 2877 1888 2952 ci-

720 2998 830 3072 vitate
855 2997 901 3072 de
921 2997 1112 3093 provincia
1136 2996 1355 3093 Campaniae,
1378 2996 1436 3071 vir
1461 3016 1527 3091 per
1551 2995 1757 3091 oppositum
1783 3001 1887 3071 astu-

720 3117 890 3212 tissimus,
921 3117 1087 3192 literatus
1118 3117 1361 3194 habilissimus
1391 3115 1439 3190 ad
1469 3133 1716 3210 quecumque
1751 3136 1886 3212 magua

720 3238 840 3314 officia
856 3244 894 3313 et
911 3237 1062 3333 imperia
1082 3237 1226 3331 mundi;
1245 3237 1307 3331 qui
1327 3255 1475 3311 summe
1489 3234 1684 3311 affectabat
1700 3256 1886 3312 summam

719 3357 942 3453 dignitatem.
969 3358 1041 3432 lste
1064 3357 1243 3454 sagaciter
1272 3356 1460 3452 explorata
1489 3356 1679 3432 voluntate
1706 3357 1825 3432 Caroli
1850 3363 1889 3432 et

720 3476 973 3574 cardinalium,
986 3478 1050 3572 qui
1066 3477 1239 3575 optabant
1251 3497 1379 3553 omues
1397 3483 1543 3553 mutare
1558 3475 1780 3574 pontificem,
1802 3499 1888 3576 per-

721 3598 835 3672 suasit
852 3597 1058 3692 Coelestiuo,
1076 3603 1118 3672 ut
1134 3597 1271 3672 faceret
1286 3616 1400 3671 unam
1425 3597 1659 3693 decretalem,
1683 3598 1782 3692 quod
1804 3599 1887 3694 qui-

721 3719 808 3794 libet
833 3739 926 3815 pupa
951 3727 1071 3813 posset
1099 3717 1312 3793 renuntiare
1336 3717 1497 3813 papatui,
1522 3718 1691 3815 exemplo
1717 3719 1887 3796 Clemen-

721 3839 766 3914 tis
782 3839 807 3911 l.
834 3839 915 3927 Quo
940 3838 1048 3934 lacto,
1072 3838 1189 3914 dictus
1211 3837 1426 3915 Coeloetiuus
1445 3838 1482 3912 in
1506 3837 1598 3914 leste
1623 3839 1741 3914 beatae
1766 3839 1890 3915 luciae

720 3960 974 4055 inpraesentia
1005 3958 1244 4034 cardinalium
1274 3957 1439 4056 spoliavit
1470 3979 1511 4034 se
1541 3958 1716 4055 dignitate
1744 3959 1892 4056 pontill-

720 4080 801 4176 cali,
818 4086 855 4156 et
872 4080 1080 4155 renuntiato
1096 4079 1242 4176 papatui
1253 4072 1303 4174 (¹),
1322 4078 1452 4155 redivit
1467 4078 1514 4156 ad
1534 4078 1785 4175 penitentiam
1804 4101 1891 4158 cum

721 4221 856 4297 magua
880 4201 1078 4296 alacritate,
1103 4207 1299 4296 postquam
1332 4200 1477 4276 sederat
1507 4200 1694 4275 memibus
1724 4201 1893 4298 quinque

721 4321 850 4397 diebus
874 4328 968 4442 opto.
996 4321 1066 4394 Sed
1084 4327 1210 4417 postea
1227 4320 1433 4396 Bouilacius
1450 4320 1534 4396 lecit
1557 4321 1676 4417 ipsum
1693 4311 1730 4415 (¹)
1753 4323 1832 4420 cupi
1853 4323 1891 4397 in

721 4448 846 4516 moute
870 4441 984 4514 sancti
1009 4439 1135 4538 lngell
1160 4441 1198 4514 iu
1224 4440 1353 4536 llpulia
1373 4441 1409 4515 in
1431 4441 1522 4536 loco,
1541 4443 1604 4516 ubi
1620 4432 1657 4535 (³)
1679 4442 1890 4539 reduxerat,

720 4570 758 4638 et
782 4560 924 4656 private
948 4561 1068 4656 posuit
1091 4579 1179 4634 eum
1211 4560 1248 4635 in
1278 4580 1365 4636 arce
1395 4560 1579 4637 Sulmonis
1609 4559 1646 4636 iu
1679 4562 1891 4660 Campania,

720 4701 768 4756 ue
792 4680 852 4756 ille
866 4669 903 4772 (⁸)
930 4681 1056 4756 vivens
1081 4687 1202 4775 posset
1226 4680 1467 4777 prejudicare
1490 4701 1569 4756 sure
1594 4681 1771 4757 electioni.
1795 4681 1889 4758 Nam

721 4800 828 4875 multi
849 4799 1034 4875 christiani
1052 4802 1270 4897 reputabant
1286 4801 1522 4876 Caelestinum
1540 4821 1673 4878 verum
1690 4809 1728 4878 ct
1745 4809 1888 4878 rectum

782 4990 810 5052 (¹)
824 4988 850 5040 s.
867 5003 882 5040 a
899 4988 928 5038 li.
944 4992 1047 5052 papatu.
1342 4985 1372 5052 (¹)
1388 4992 1442 5050 ilc,
1458 5000 1474 5039 e
1490 4988 1521 5040 B.
1536 5001 1609 5040 eun.

783 5061 810 5126 (ἢ
828 5068 881 5126 ilc,
898 5063 942 5115 ubi
958 5063 1139 5116 summat
1153 5067 1181 5124 et
1195 5063 1316 5128 privatim
1332 5065 1417 5128 posuit
1432 5075 1460 5116 aa
1476 5065 1502 5116 ln
1518 5077 1587 5116 arcs.
1673 5062 1701 5126 (¹)
1715 5063 1742 5118 8.
1758 5063 1822 5116 illle.
