4544 6834
700 985 837 1043 caurus
862 986 1054 1042 monemus
1078 984 1261 1040 smmuus
1493 971 1564 1040 325

395 1127 568 1204 rniiacium
606 1129 818 1225 superbum.
853 1132 894 1205 ln
927 1133 997 1206 troc
1029 1129 1161 1206 eodem
1198 1135 1324 1204 monte
1356 1127 1462 1216 tatuit
1498 1149 1564 1224 per

394 1247 582 1322 biennium
606 1248 782 1324 Amulius
807 1258 963 1346 patmus
987 1250 1108 1325 Caroli
1132 1249 1269 1346 magni,
1296 1247 1423 1325 relicto
1449 1267 1564 1344 regno

394 1367 557 1443 Franeiae
570 1368 696 1464 Pipino
712 1369 814 1444 iratri
830 1391 900 1446 suo
912 1363 962 1463 (¹).
976 1371 1021 1444 Et
1035 1369 1165 1444 ultimo
1182 1375 1281 1464 nota,
1298 1367 1398 1463 quod
1414 1388 1565 1464 compu-

395 1487 490 1564 rutio
501 1489 649 1584 proprie
661 1489 773 1565 servit
790 1491 992 1586 proposito:
1006 1489 1094 1584 quia
1111 1489 1205 1564 sicut
1221 1487 1478 1563 Constantinus
1494 1488 1564 1562 im·

396 1614 544 1702 perator
557 1608 723 1702 quesivit
740 1609 956 1685 Silvestrum
975 1630 1108 1706 papam
1121 1629 1332 1704 romanum,
1348 1609 1413 1703 qui
1428 1609 1567 1684 hietat

397 1729 492 1805 intra
505 1734 669 1804 montem
681 1729 728 1804 ad
741 1730 921 1827 agendam
931 1729 1246 1825 pmnitentiam,ut
1259 1727 1432 1804 liberaret
1444 1729 1566 1824 ipsum

397 1869 421 1923 a
445 1850 565 1944 lepra3
591 1850 641 1924 ita
665 1851 871 1926 Boniiacius
895 1871 989 1945 papa
1013 1869 1191 1924 romanus
1208 1847 1375 1942 quesivit
1391 1848 1565 1922 comitem

397 1967 601 2044 Guidonem
629 1969 848 2064 urbinatem,
874 1971 938 2064 qui
956 1976 1037 2045 erat
1052 1969 1148 2043 intra
1166 1969 1370 2043 claustrum
1386 1968 1433 2043 ad
1449 1989 1566 2066 agen·

398 2087 483 2162 dam
515 2089 870 2184 contemplationem,
904 2099 947 2165 ut
973 2097 1123 2164 curaret
1152 2088 1270 2182 ipsum
1303 2108 1327 2162 a
1357 2109 1426 2162 sua
1455 2088 1568 2176 febre,

399 2207 490 2284 idest
514 2230 538 2284 a
560 2209 719 2304 superba
744 2207 960 2284 ambitione:
983 2214 1022 2282 et
1045 2207 1140 2283 sicut
1156 2207 1329 2282 Silvester
1345 2207 1498 2282 dmebat
1514 2208 1570 2282 ire

398 2327 445 2403 ad
470 2327 751 2402 Constantinum·
772 2327 905 2402 timore
925 2327 1053 2404 mortis
1069 2327 1269 2422 corporatis
1286 2327 1450 2420 (timebat
1468 2327 1567 2402 enim

400 2467 448 2521 ne
472 2446 577 2521 tieret
602 2453 755 2541 martyr,
780 2446 874 2520 sicut
899 2447 1004 2541 quasi
1028 2466 1157 2522 omnes
1180 2446 1467 2542 prodecessores
1483 2447 1568 2540 sui),

400 2565 450 2638 ita
474 2583 599 2639 nomes
628 2563 746 2639 Guido
775 2565 970 2640 recusabat
984 2556 1022 2657 (²)
1054 2565 1232 2641 accedere
1265 2564 1312 2640 ad
1341 2565 1568 2641 Boniiacium

401 2684 535 2757 timore
559 2683 687 2758 mortis
704 2683 881 2760 mentalis.
900 2683 971 2759 Sed
987 2683 1160 2759 silvester
1177 2685 1275 2760 dedit
1291 2685 1415 2760 sanius
1424 2675 1461 2779 (³)
1481 2705 1569 2760 oon·-

402 2801 535 2895 silium,
561 2807 599 2877 et
623 2802 745 2876 utilius
771 2802 976 2878 remedium
994 2803 1241 2898 Constantino,
1258 2824 1372 2898 quam
1395 2792 1567 2896 comes(⁴)

402 2921 606 3015 Bouiiacio;
631 2921 718 3016 quia
743 2922 803 2997 itte
826 2922 951 2998 docuit
975 2923 1252 3000 Constantinum
1282 2943 1474 3000 assumere
1505 2944 1570 3000 ve-

402 3063 485 3117 ram
516 3041 649 3134 fidem,
675 3042 733 3117 hic
767 3062 857 3118 vero
890 3043 1015 3118 docuit
1046 3043 1273 3118 sonnacium
1309 3044 1434 3120 indere
1459 3043 1569 3120 iidem

402 3160 551 3254 datam3
576 3167 614 3235 et
637 3161 810 3256 declarat,
844 3162 1031 3256 quomodo
1064 3163 1262 3257 requisitus
1300 3162 1378 3258 iuit,
1404 3169 1442 3240 et
1476 3184 1570 3257 quo-

404 3277 513 3353 modo
546 3279 750 3376 denegavit,
780 3280 926 3356 dicens:
959 3283 1223 3354 dommodomtni
1254 3283 1423 3377 montotto
1456 3287 1502 3356 ed
1536 3287 1571 3356 io

404 3401 528 3490 tocetti,
558 3397 692 3474 scilicet
720 3399 839 3495 prima
867 3399 960 3475 tocie
998 3419 1185 3495 recusans,
1199 3399 1382 3493 perutile
1409 3423 1470 3476 stre
1500 3423 1573 3495 po·

403 3521 479 3591 rote
498 3539 635 3611 partor
659 3520 773 3612 come,
798 3519 902 3613 idest,
929 3519 1042 3595 ebrie
1067 3520 1122 3595 ira
1147 3527 1186 3594 et
1211 3522 1576 3598 malevolentia-E

398 3640 471 3731 poi.
501 3637 566 3712 liic
600 3657 725 3712 comes
754 3638 921 3733 ostendit,
952 3639 1137 3733 quomodo
1169 3639 1375 3716 Boniiacius
1399 3661 1573 3718 excusse-

404 3759 451 3832 rit
475 3757 730 3854 suspicionem,
758 3779 870 3852 quam
886 3750 923 3851 (⁵)
952 3758 1096 3834 videbat
1120 3767 1241 3834 ortam
1270 3760 1309 3834 in
1340 3762 1465 3836 auimo
1489 3783 1569 3857 suo,

404 3896 489 3971 quae
517 3876 709 3951 videbatur
746 3877 924 3972 impedire
962 3897 1177 3972 responsum
1216 3879 1316 3973 eius;
1342 3880 1439 3956 unde
1464 3881 1572 3956 dicit:

404 3998 510 4087 epos·
538 3997 588 4067 mi
616 3997 731 4068 disse.-
756 3996 902 4088 scilicet,
928 4015 1015 4070 cum
1053 3995 1188 4069 nollem
1225 3996 1292 4070 sibi
1329 3997 1419 4074 dare
1455 3999 1574 4074 consi·-

260 4167 263 4174 .
405 4114 508 4207 dum,
534 4120 591 4186 tro
615 4133 679 4186 cor
703 4133 776 4186 aon
799 4116 951 4205 sospetti,
975 4111 1079 4207 idest,
1105 4133 1179 4188 non
1203 4112 1346 4192 dubitet
1358 4105 1396 4208 (θ)
1424 4133 1575 4212 respon·

405 4233 495 4310 dere
519 4231 608 4306 mihi
625 4235 775 4328 propter
799 4237 1003 4326 peecatum,
1016 4231 1116 4327 quia,
1138 4234 1252 4325 fin’or
1269 4237 1453 4326 introito,
1470 4235 1574 4331 idest,

401 4353 480 4448 jnm
506 4371 554 4428 ex
579 4371 678 4426 nunc
703 4357 739 4426 te
758 4351 921 4446 absolvo,
937 4352 1073 4428 scilicet
1091 4372 1114 4427 a
1131 4358 1282 4448 peccato
1301 4354 1575 4450 committendo,

405 4479 489 4546 cm
519 4475 724 4564 m’tasequo
749 4476 832 4566 sore
860 4465 890 4546 si
923 4493 1019 4546 come
1042 4476 1125 4564 oetti
1154 4476 1192 4546 io
1227 4481 1326 4548 ona
1354 4479 1576 4550 Penestiam:

467 4701 495 4763 (¹)
512 4705 566 4761 tte,
582 4715 638 4760 ruo,
649 4702 747 4766 etquis
763 4701 840 4752 nimis
855 4702 1208 4755 renumerationem
1223 4704 1575 4770 numerumnunerum,

405 4775 523 4826 transivit
538 4777 570 4826 ad
587 4777 644 4828 ioca
664 4777 790 4842 longiora,
806 4778 905 4830 scilicet
921 4777 952 4828 ad
968 4779 1155 4830 monasterium
1171 4779 1301 4830 Benedicti
1318 4779 1489 4840 celeberrimi,
1505 4779 1575 4844 quot

404 4855 443 4900 est
451 4851 477 4900 tn
486 4857 575 4902 monte
584 4851 751 4917 &uincam
760 4855 833 4906 torm
840 4855 1136 4906 describiturnhautore
1144 4860 1236 4906 nostro
1245 4855 1480 4920 Pandldcanitnln
1490 4857 1574 4907 xxii.

405 4927 440 4976 Et
455 4927 565 4977 nitertns
580 4933 640 4978 nota
656 4931 734 4993 quod.
1029 4927 1058 4992 (¹)
1074 4931 1104 4981 li.
1121 4935 1241 4998 recum..

468 5001 495 5065 (¹)
511 5003 542 5055 B.
558 5016 658 5056 mum.
1031 5006 1058 5068 (⁸)
1074 5007 1105 5058 R
1123 5019 1210 5058 comes
1225 5007 1308 5059 Guido
1323 5008 1464 5060 Bonisacto.

466 5077 495 5143 (¹)
511 5079 541 5130 B.
561 5093 640 5145 quam
657 5081 768 5133 tatem
783 5088 877 5134 ortam.
1033 5081 1060 5142 τ’)
1077 5083 1107 5133 li.
1123 5096 1176 5134 non
1191 5083 1300 5135 dubites.
