4526 6836
769 940 910 998 CANTUS
936 939 1139 996 Vltimus·
1487 929 1534 998 69

363 1103 437 1164 non
463 1093 629 1183 poteram
656 1092 785 1162 tenere
804 1087 931 1162 oculos
956 1085 1082 1180 siccos,
1099 1084 1194 1161 imo:
1220 1092 1315 1160 ccrto
1335 1087 1535 1179 i'pr‘cnpea,

358 1210 529 1300 poppinto
553 1209 604 1282 od
627 1227 676 1280 ua
699 1208 752 1280 dc*
768 1207 898 1298 roccti,
924 1203 1016 1280 idest
1043 1204 1233 1280 adbaercns
1258 1205 1322 1280 uni
1353 1225 1455 1300 saxo,
1480 1208 1538 1288 del

361 1327 454 1400 duro
483 1328 628 1418 adoptio,
664 1325 757 1400 idest
795 1323 890 1398 illius
920 1323 1061 1419 pontis3
1091 1315 1205 1398 sicle
1235 1326 1273 1398 tn
1302 1327 1374 1398 mic
1401 1332 1534 1417 scorto,

362 1445 508 1539 scilicet,
529 1443 710 1540 Virgilius,
737 1447 787 1518 mi
809 1445 923 1516 disse:
940 1448 1060 1516 dacor
1082 1445 1129 1516 sd
1142 1450 1180 1516 tc
1204 1445 1297 1535 dcptt
1319 1447 1404 1518 altit
1426 1447 1536 1518 scioc-

363 1567 448 1638 cla‘?
472 1564 564 1640 idest
580 1565 691 1638 etiarn
710 1568 750 1637 tu
773 1583 813 1638 es
829 1561 876 1637 dc
896 1583 1053 1638 numero
1075 1563 1233 1638 aliorum
1253 1563 1452 1659 fatuorum,
1471 1565 1532 1659 qui

364 1685 496 1760 iniuste
512 1681 788 1779 compatiuntur
808 1682 909 1756 istis?
925 1683 970 1758 Et
987 1689 1086 1778 nota,
1099 1683 1197 1776 quod
1215 1683 1385 1780 Virgilius
1402 1703 1535 1758 secure

363 1810 506 1900 poterat
528 1821 689 1899 arguere
713 1802 867 1878 Dantem
894 1801 941 1878 de
965 1801 1033 1878 isto
1058 1823 1199 1899 crmre,
1216 1804 1302 1898 quia
1319 1805 1436 1879 multo
1452 1804 1534 1898 plus

364 1924 440 2019 ipsc
463 1923 531 1998 luit
553 1921 695 1998 deditus
722 1921 807 1997 buia
832 1922 982 1998 vanitati
1008 1921 1247 2018 divinationis,
1266 1924 1360 1999 sicut
1379 1931 1477 2020 patet
1495 1927 1532 2016 (l

363 2045 461 2120 clare
485 2042 647 2118 maxime
672 2042 767 2118 libro
795 2042 1082 2138 Georgicorum3
1113 2041 1194 2118 ideo
1210 2035 1246 2135 (²)
1275 2063 1372 2118 nunc
1398 2063 1534 2138 cogno·

362 2163 485 2240 rocbu
509 2183 550 2240 sc
574 2183 671 2257 sepe
701 2161 812 2236 luisse
843 2162 1048 2236 mentitum.
1083 2162 1127 2237 Et
1156 2162 1297 2258 probat,
1331 2160 1430 2256 quod
1459 2181 1533 2236 non

362 2283 407 2358 sit
421 2282 716 2378 compatiendum
744 2281 887 2375 talibus,
907 2281 1300 2358 subdenssententiam
1319 2282 1531 2376 notabilem,

362 2422 447 2486 cum
473 2403 581 2477 dicit:
612 2405 678 2491 Qut
702 2405 776 2476 otoc
800 2405 837 2475 lo
856 2391 966 2494 preat,
991 2395 1154 2494 puand’e‘
1180 2403 1245 2475 ben
1269 2411 1397 2494 mortu,
1425 2403 1531 2497 quasi

360 2522 466 2616 dicat,
491 2521 560 2596 scis
585 2527 639 2614 tu,
656 2541 739 2616 quae
756 2519 871 2616 pietas
895 2520 1005 2596 debet
1029 2521 1156 2596 baberi
1181 2521 1285 2596 istisl
1302 2522 1403 2598 nullo
1421 2522 1531 2598 modo

360 2641 486 2718 dolere
510 2641 557 2716 de
580 2661 689 2736 poena
714 2659 870 2734 corum,
896 2639 991 2716 sicut
1014 2659 1037 2714 a
1062 2639 1179 2734 simili,
1201 2641 1384 2734 loquendo
1404 2642 1531 2715 ratbo-

361 2759 442 2852 lice,
469 2779 541 2833 non
565 2767 660 2836 esset
683 2759 797 2855 pium,
818 2759 881 2835 sed
902 2759 1054 2854 impium
1071 2759 1263 2854 deplorare
1278 2761 1438 2836 animam
1457 2762 1530 2836 Ne·

363 2879 463 2954 nonis
487 2880 544 2954 rel
569 2878 681 2954 Judoe.
709 2879 806 2974 Ergo
831 2898 919 2954 vera
945 2878 1060 2974 pietas
1084 2885 1140 2954 est
1164 2899 1237 2954 non
1257 2879 1394 2955 babere
1409 2871 1444 2972 (³)
1473 2879 1530 2955 bic

361 3001 543 3096 pietatem,
568 2998 632 3076 sed
657 2999 910 3076 crudelitatem
926 3007 1055 3074 contra
1077 3007 1152 3074 tam
1170 2999 1348 3094 crudeles,
1369 3018 1529 3093 quorum

359 3122 451 3196 alter
476 3119 632 3215 prodidit
656 3126 841 3214 naturam,
867 3119 960 3194 alter
985 3139 1074 3194 vcro
1104 3119 1299 3194 Dominum
1326 3119 1439 3213 ipsius
1464 3140 1531 3194 na·

360 3245 464 3314 turae.
490 3240 542 3314 lta
568 3239 605 3314 in
630 3238 830 3334 proposito:
855 3239 935 3312 Non
953 3237 1064 3314 debes
1084 3238 1223 3314 babere
1239 3237 1530 3335 compassionem

358 3379 448 3456 erga
474 3359 572 3452 istos,
589 3358 653 3452 qui
671 3359 770 3433 ultra
791 3358 1001 3434 facultatem
1024 3363 1165 3432 naturae
1183 3359 1355 3435 bumanae
1375 3358 1529 3432 intanta

358 3478 512 3576 caligine
538 3499 665 3553 rerum
692 3477 796 3573 positi
818 3476 1015 3552 voluerunt
1029 3477 1228 3554 ascendere
1245 3477 1379 3552 ooelum
1401 3477 1529 3552 viven-

359 3604 422 3690 tes,
447 3602 485 3672 ct
511 3617 691 3692 usurpare
721 3596 788 3672 sibi
819 3594 983 3670 divinum
1016 3595 1191 3690 officium,
1224 3595 1440 3690 inquirendo
1470 3596 1529 3670 lu·

357 3721 452 3810 tura,
478 3716 527 3790 illi
552 3715 618 3790 soli
644 3715 799 3811 cognita.
825 3715 870 3790 Et
895 3734 984 3790 vere
1009 3713 1046 3788 in
1070 3735 1146 3791 uno
1172 3715 1334 3791 maxime
1356 3736 1428 3791 nou
1449 3737 1529 3792 me-

357 3840 486 3917 rentur
511 3835 811 3932 compassionem,
838 3833 925 3928 quia
941 3841 1028 3908 sunt
1048 3834 1318 3936 obstinatissimi
1334 3837 1526 3911 bominum

358 3956 396 4030 in
420 3957 603 4052 proposito
626 3977 708 4052 suo,
733 3957 827 4032 sicut
852 3975 922 4052 ego
948 3955 1020 4030 vidi
1047 3955 1084 4028 in
1110 3956 1250 4051 multis3
1276 3978 1362 4033 nam
1389 3965 1528 4052 quanto

357 4075 439 4170 plus
464 4077 701 4172 mentiuntur,
735 4082 835 4152 tanto
870 4075 950 4170 plus
989 4074 1116 4150 dicunt
1153 4095 1194 4152 sc
1226 4075 1349 4152 dicere
1382 4096 1526 4152 verum.

356 4193 458 4271 Sicut
474 4215 544 4293 ago
561 4197 645 4272 novi
662 4217 793 4290 unum,
811 4193 875 4288 qui
892 4193 1043 4269 delusus
1068 4198 1105 4268 et
1131 4192 1304 4268 contusus
1329 4215 1395 4290 per
1419 4215 1526 4270 suam

355 4316 603 4413 astrologiam,
628 4317 704 4394 imo
728 4315 849 4414 potius
873 4311 1127 4410 diabologiam,
1152 4313 1241 4386 dum
1274 4313 1547 4418 increparetur·

356 4434 581 4512 lamiliariter
599 4435 647 4512 ab
659 4435 790 4528 amico,
802 4433 924 4510 adbuc
940 4432 1227 4528 pertinacissime
1246 4435 1528 4532 contradicebat,

355 4554 616 4631 commendans
639 4555 814 4631 continuo
838 4552 1069 4628 dulcedinem
1094 4553 1204 4628 buius
1228 4553 1331 4648 artis,
1348 4575 1432 4650 quae
1458 4558 1525 4632 etsi

355 4693 445 4750 vera
468 4685 536 4769 cst,
561 4695 636 4750 non
660 4681 785 4750 umen
810 4671 910 4748 scita
928 4671 1013 4748 ldeo
1029 4671 1124 4746 bene
1148 4671 1234 4748 dicit
1251 4673 1445 4769 Virgilius:
1466 4680 1528 4749 ott

355 4789 456 4886 c'pr'rl
479 4799 647 4870 accurato
671 4797 730 4870 obe
753 4796 845 4868 colui
859 4794 919 4866 clu
937 4799 1048 4884 porta
1071 4795 1293 4884 comparabo
1317 4797 1357 4867 at
1374 4797 1525 4886 mortino

416 4983 444 5042 ‹¹›
460 4983 491 5033 tt
507 4987 578 5047 plur
593 4983 713 5034 murno.
1025 4977 1052 5042 ω
1068 4979 1100 5031 lt
1116 4979 1175 5031 loeo
1190 4979 1370 5044 eognmoemc

414 5057 442 5120 lb
459 5058 489 5110 lt
506 5059 602 5112 nmero
617 5059 739 5124 pararem
754 5057 806 5110 nor
822 5056 889 5118 1000.
906 5056 959 5106 nu.
1110 5075 1112 5079 v
