4566 6844
702 977 843 1033 CANTUS
867 977 1083 1034 uramus
1107 976 1302 1032 SECUNDUS.
1514 967 1584 1034 5ss

413 1145 527 1221 quam
552 1123 630 1198 sola
654 1119 852 1218 cupiditate
868 1121 1043 1216 avaritiae,
1061 1120 1159 1196 dedit
1174 1109 1339 1217 operam,
1357 1121 1456 1216 qood
1477 1141 1588 1198 exer·

414 1244 517 1340 citus,
536 1241 712 1326 llaniredi
744 1263 818 1318 non
851 1241 1045 1338 impediret
1070 1241 1236 1316 militiam
1265 1241 1403 1338 Caroli3
1429 1261 1476 1317 ar
1510 1261 1586 1336 quo

311 1432 317 1438 .
411 1374 537 1462 postea
551 1355 589 1456 (¹)
614 1363 770 1458 populns
795 1360 1046 1436 cremonensis
1066 1360 1247 1435 destruxit
1265 1360 1416 1457 stirpem
1433 1360 1604 1478 illorum,

410 1487 458 1562 de
481 1481 627 1562 linaria.
654 1480 708 1557 ld
732 1481 958 1578 propositum
986 1501 1077 1578 ergo
1109 1480 1195 1556 dicit
1226 1482 1344 1556 Booea
1373 1480 1420 1556 de
1451 1480 1582 1557 liosio:

410 1608 595 1699 eipioope
618 1606 678 1695 poi
701 1604 885 1693 torpente
910 1603 963 1676 αι’
976 1603 1207 1695 nodosam
1228 1621 1313 1675 narn
1339 1621 1436 1676 nror
1462 1571 1603 1678 Caroll¹

410 1725 561 1801 veniens
585 1743 672 1798 oum
698 1720 865 1797 Gnidone
889 1720 936 1796 de
960 1721 1138 1796 lioniorte
1155 1722 1326 1816 portabat
1346 1741 1474 1796 seeum
1500 1741 1583 1796 ma·

411 1863 523 1942 gnam
549 1841 755 1938 pecuniam,
776 1859 863 1915 eum
890 1862 964 1935 qua
981 1840 1178 1918 venenavit
1192 1832 1230 1934 (¹)
1248 1861 1399 1918 avaram
1418 1847 1581 1917 mentem

412 1962 519 2038 Bosli.
552 1961 621 2036 Sed
653 1966 755 2035 oerte
785 1960 815 2034 si
845 1959 974 2034 Rosius
1004 1959 1073 2034 luit
1110 1960 1170 2034 hic
1206 1966 1403 2059 argentum
1437 1961 1584 2036 iraneo-

413 2104 511 2176 rum,
536 2082 630 2157 bene
656 2081 776 2156 luerat
801 2080 921 2174 ipsum
947 2079 1049 2176 prius
1074 2079 1111 2154 in
1138 2081 1229 2175 vita,
1247 2100 1331 2155 narn
1358 2088 1440 2177 post
1466 2081 1585 2158 modi·-

411 2221 499 2276 cnm
517 2192 555 2293 (³)
589 2207 735 2295 tempus
767 2200 942 2294 expulsus
975 2197 1022 2274 de
1057 2200 1251 2294 Cremona,
1283 2199 1429 2275 reduxit
1463 2221 1504 2276 se
1537 2200 1583 2276 ad

412 2341 530 2395 unum
555 2340 667 2394 suum
692 2318 882 2394 castellnm
908 2318 1059 2393 nomine
1078 2319 1225 2413 Botere,
1246 2319 1310 2393 ubi
1331 2339 1584 2416 congregave-

411 2448 469 2515 rat
494 2459 648 2535 magnas
672 2433 824 2531 divilias,
851 2444 889 2512 et
914 2437 963 2512 ibi
988 2437 1052 2511 diu
1077 2437 1260 2532 obsessus,
1279 2437 1435 2514 finaliter
1461 2459 1584 2514 reces-

411 2561 457 2635 sit
482 2579 568 2635 eum
594 2557 737 2632 modica
763 2557 943 2652 pecnnia;
970 2563 1008 2632 et
1032 2575 1158 2651 senex,
1184 2557 1271 2632 exnl
1297 2565 1335 2633 et
1358 2578 1500 2654 pauper
1525 2560 1582 2632 in-

409 2679 561 2754 feliciter
592 2677 707 2754 finivit
739 2678 851 2752 vitam
887 2697 1008 2772 snam,
1033 2676 1183 2752 odiosus
1212 2678 1392 2774 guelphis,
1418 2699 1578 2773 quorum

410 2805 492 2875 erat
515 2798 650 2892 hostis3
682 2803 720 2873 et
748 2796 962 2896 ghibellinis,
993 2795 1080 2891 quia
1112 2795 1249 2871 lecerat
1282 2797 1458 2872 recedere
1485 2800 1582 2874 lilar-

410 2905 578 2994 chionem
605 2919 782 2994 Ubertum
807 2917 854 2992 de
884 2918 1078 3010 Cremona,
1104 2922 1143 2991 et
1173 2915 1295 2990 iuerat
1326 2916 1372 2991 ad
1404 2920 1581 2994 extermi-

410 3039 513 3115 nium
531 3039 706 3116 Eecerini.
724 3040 817 3114 Nam
843 3058 930 3114 cum
951 3035 1161 3112 Marchione
1183 3036 1356 3132 predicto
1373 3037 1580 3115 Palavicino

410 3158 602 3234 adiuvaret
626 3160 789 3233 Azonem
816 3156 1020 3233 secundum
1051 3154 1298 3230 Marahionem
1324 3157 1513 3232 Estensem
1544 3159 1606 3276 ins

410 3275 651 3352 debellatione
671 3275 847 3371 Eecerini,
865 3281 908 3350 ut
932 3273 1076 3350 dicetur
1101 3274 1261 3369 capitulo
1277 3275 1326 3349 lll
1345 3275 1518 3351 Paradisi.
1537 3278 1581 3351 Et

410 3395 495 3472 dicit
519 3384 687 3489 Booeal‘)
715 3395 844 3470 nanti:
870 3402 906 3470 tn
929 3397 1054 3488 potroi
1076 3397 1148 3486 dir,
1174 3394 1321 3490 seilicet,
1352 3416 1438 3470 cnm
1465 3397 1581 3474 lueris

410 3535 581 3592 reversus
605 3516 652 3592 ad
677 3516 871 3611 mondum,
897 3514 996 3590 unde
1021 3514 1148 3590 vivens
1173 3514 1316 3610 venisti,
1340 3519 1376 3590 io
1406 3519 1479 3592 vidi
1503 3521 1584 3610 quet

408 3639 457 3711 do
474 3643 609 3730 noea,
626 3635 772 3732 seilicet,
793 3636 985 3712 dominnm
1002 3635 1152 3710 Bosium
1178 3634 1225 3710 de
1250 3635 1407 3733 Dueria3
1433 3627 1469 3711 td
1494 3641 1584 3712 dove

407 3761 631 3850 ipecootort',
643 3757 754 3852 idest,
770 3755 975 3852 proditores
989 3745 1040 3849 (⁵),
1065 3762 1193 3829 atomio
1214 3759 1359 3850 pescli,
1383 3757 1519 3834 scilieet
1544 3760 1582 3834 in

407 3876 537 3970 glaeie,
562 3895 670 3971 poena
688 3874 755 3950 sibi
772 3873 1014 3950 convenienti.
1029 3913 1079 3928 -·
1091 3877 1145 3947 Se.
1168 3874 1234 3949 llic
1257 3876 1375 3951 Borea
1392 3879 1582 3955 nominato

408 3992 595 4090 proditore
619 3993 682 4087 qui
709 3992 963 4068 nominaverat
981 4012 1082 4087 eum,
1099 3993 1265 4069 nominat
1280 3995 1394 4069 aliurn
1418 3995 1581 4072 lombar-

408 4111 510 4186 dum.
536 4110 590 4186 ld
616 4112 722 4186 cuius
748 4111 912 4187 notitiam
946 4117 1003 4188 est
1033 4111 1235 4208 sciendum,
1262 4114 1361 4209 quod
1385 4136 1483 4190 anno
1508 4103 1613 4191 llo'i

408 4231 498 4305 mini
522 4230 728 4326 llCCLVlll,
755 4251 841 4306 cum
868 4231 961 4327 pulsi
991 4231 1144 4307 luissent
1173 4232 1298 4308 Uberti
1330 4241 1368 4309 et
1396 4235 1581 4332 ghibellini

407 4351 455 4426 de
479 4351 673 4445 Florentia,
697 4351 817 4447 prima
842 4350 934 4446 vice,
960 4351 1007 4426 de
1032 4371 1162 4426 mense
1184 4351 1278 4449 iulii,
1309 4355 1466 4450 populus
1498 4357 1583 4431 vlo-

408 4470 548 4565 rentiae,
575 4470 622 4546 de
646 4489 774 4546 mense
798 4469 1017 4566 septembris
1042 4471 1229 4566 sequentis
1253 4472 1338 4548 iecit
1363 4476 1442 4571 capi
1467 4476 1584 4552 ahba-

408 4592 484 4663 tem
510 4588 620 4665 Vallis
650 4589 852 4685 Umbrosae,
884 4587 947 4685 qui
979 4596 1132 4666 vocatus
1164 4597 1219 4668 est
1252 4593 1454 4670 Thesantus
1467 4586 1518 4692 (⁶),
1545 4604 1583 4674 et

468 4851 496 4913 ι’)
511 4849 542 4902 ll
558 4857 646 4914 postea
662 4867 843 4906 memomnsar
857 4855 1042 4908 destruxerunt
1058 4857 1150 4910 domos
1166 4857 1275 4911 illorum
1291 4861 1323 4912 de
1339 4861 1459 4914 Bovario.

468 4923 496 4986 (¹)
512 4925 544 4976 Ε.
560 4929 695 4978 venenavit
709 4943 829 4994 magnam
844 4931 987 4992 armillam,
1002 4935 1030 4982 et
1044 4937 1169 4984 mentam.
1397 4941 1401 4950 '

468 4997 498 5060 (Ἴ
513 5000 544 5051 lt
560 5003 693 5056 modloorn
708 5007 839 5072 expulsos.
1034 5007 1061 5068 (⁸)
1078 5007 1109 5058 ll.
1124 5009 1172 5060 iola
1187 5009 1281 5062 Booca

468 5074 495 5139 l'l
511 5076 537 5127 S.
553 5083 711 5142 montom.
1033 5083 1060 5147 (⁸)
1076 5083 1108 5133 ll.
1123 5096 1139 5133 e
1155 5089 1211 5145 llt,
1228 5086 1384 5140 Thasum
