4534 6842
759 889 897 945 CANTUS
922 889 1114 946 vicesimus
1137 891 1300 946 ruamus.
1541 885 1610 952 157

438 1031 580 1106 libellus
605 1051 681 1126 quo
705 1032 807 1107 latini
832 1039 1000 1130 utuntur,
1026 1035 1063 1108 in
1094 1055 1169 1128 quo
1198 1036 1295 1110 inter
1324 1036 1416 1112 alios
1439 1040 1612 1136 apologos

437 1151 586 1246 ponitur
610 1151 679 1228 iste
704 1153 750 1228 de
775 1174 864 1228 rana
891 1159 928 1230 et
962 1174 1081 1229 mure
1108 1155 1153 1232 Et
1176 1155 1280 1229 dicit:
1301 1178 1370 1249 per
1395 1161 1432 1231 la
1453 1153 1612 1250 presente

436 1275 543 1365 roso,
570 1273 705 1348 scilicet
720 1273 871 1348 Alichini
894 1280 931 1348 et
953 1275 1187 1370 Calcabrinae‚
1205 1278 1285 1349 dov'
1298 1280 1342 1368 ci,
1359 1277 1461 1373 idest,
1480 1279 1516 1353 in
1538 1301 1611 1373 qua

436 1392 558 1467 tabula
584 1393 661 1487 ipse
685 1395 852 1490 AEsopus,
866 1388 975 1487 parto
1004 1398 1047 1470 dc
1077 1399 1113 1469 la
1138 1415 1234 1468 rano
1258 1417 1277 1468 c
1300 1397 1359 1468 del
1381 1403 1483 1490 topos
1508 1397 1610 1494 idest,

436 1534 555 1590 mure.
584 1514 628 1588 Et
653 1513 846 1590 confirmat
870 1522 980 1589 autor
1005 1515 1297 1591 convenientiam
1328 1516 1461 1592 fabulae
1486 1519 1610 1613 AEsopi

435 1653 522 1707 cum
551 1634 695 1710 lictione
720 1657 787 1710 sua
813 1655 879 1731 per
904 1657 1021 1710 uuum
1055 1637 1172 1710 simile
1204 1635 1364 1711 duorum
1399 1639 1609 1736 vulgarium

436 1754 513 1829 sive
524 1750 560 1847 (¹)
575 1757 856 1849 vocabulorum,
875 1757 1059 1852 quaelicet
1077 1757 1271 1832 videantur
1289 1759 1447 1833 multum
1465 1759 1609 1836 diversa
1684 1775 1685 1780 ‘

435 1876 472 1948 iu
498 1897 587 1952 sono
613 1877 728 1953 vocali
745 1869 795 1972 (¹),
815 1884 939 1952 tamen
964 1878 1061 1953 idem
1079 1877 1322 1975 significatum
1343 1879 1496 1974 habent3
1515 1881 1609 1955 sicut

436 1999 553 2094 gratia
580 1999 750 2093 exempli,
768 1999 835 2073 ista
860 1998 935 2073 duo
960 1999 1139 2074 vocabula
1160 2001 1244 2090 oqpt
1266 2005 1303 2074 et
1326 2003 1467 2092 cnclm„
1482 2000 1608 2076 viden-

435 2124 499 2193 tur
531 2119 681 2194 omnino
705 2119 862 2213 diversa,
889 2125 926 2194 et
959 2126 1082 2194 tamen
1118 2119 1213 2194 idem
1249 2120 1457 2214 important,
1489 2127 1526 2196 et
1558 2121 1608 2198 ita

435 2257 579 2334 possem
606 2239 729 2314 dicere
754 2238 800 2314 de
825 2240 950 2313 multis
983 2239 1124 2313 talibus.
1157 2239 1248 2314 Dicit
1274 2260 1383 2336 ergo:
1410 2243 1470 2314 cle
1495 2262 1552 2314 mo
1576 2248 1611 2314 et

432 2361 518 2452 csso,
546 2360 648 2454 idest,
682 2359 751 2435 ista
785 2359 859 2433 duo
894 2359 1072 2456 vulgaria,
1103 2379 1186 2454 quae
1223 2365 1367 2434 tantum
1405 2360 1608 2456 significant

381 2558 384 2564 ,
434 2485 615 2573 quantum
642 2479 688 2554 de
713 2480 894 2574 prasenti,
921 2479 984 2556 sed
1009 2479 1120 2573 aliqui
1148 2480 1239 2554 tusci
1264 2479 1477 2572 dicuntum,
1495 2481 1607 2575 aliqui

433 2598 613 2673 lombardi
630 2599 755 2673 dicunt
778 2601 864 2690 troo,
882 2619 954 2673 non
970 2620 1008 2673 sc
1020 2603 1195 2692 pareqpta
1208 2595 1282 2695 piel,
1303 2599 1405 2695 idest,
1425 2620 1499 2675 non
1524 2601 1605 2695 plus

434 2721 710 2815 aequiparantur
728 2709 766 2812 (⁸)
794 2719 888 2794 inter
923 2740 974 2814 se,
1000 2722 1059 2793 cite
1092 2723 1174 2792 tun
1205 2741 1271 2794 con
1299 2723 1428 2793 tuido
1456 2726 1511 2815 sa,
1536 2722 1607 2795 sci·

434 2822 517 2916 licet
542 2860 654 2934 quam
679 2839 817 2913 dictum
849 2839 971 2934 AEsopi
1003 2847 1040 2914 et
1070 2839 1143 2914 mei
1160 2827 1197 2932 (⁴)
1229 2840 1469 2935 conveniant3
1495 2850 1533 2916 et
1566 2847 1605 2913 ut

431 2963 597 3038 ostendat
622 2963 771 3036 totalem
789 2951 826 3053 (⁸)
861 2960 1153 3035 convenientiam
1185 2959 1292 3034 dicit:
1323 2980 1360 3033 se
1384 2964 1603 3053 prinaptoe

426 3086 497 3176 fine
521 3083 586 3154 den
610 3083 832 3173 daccoppic,
859 3080 960 3173 idest,
980 3080 1074 3155 bene
1099 3081 1319 3174 copulantur
1345 3087 1382 3156 et
1407 3082 1605 3155 conserun-

429 3208 501 3296 tur,
535 3213 601 3274 con
632 3203 668 3274 lo
698 3206 808 3272 mente
833 3202 933 3292 fissa,
965 3199 1067 3294 idest,
1102 3219 1187 3273 cum
1223 3220 1356 3296 magna
1390 3200 1601 3277 attentione.

429 3323 536 3397 Potes
562 3321 672 3397 etiam
699 3322 824 3417 legere
839 3311 876 3412 (θ)
902 3320 1046 3393 literam
1064 3320 1127 3413 sic,
1148 3319 1226 3395 sine
1242 3321 1364 3414 aliqua
1383 3321 1603 3416 supplectio-

430 3461 487 3536 ne,
513 3444 572 3515 cte
597 3443 679 3516 tun
703 3462 769 3514 con
794 3443 924 3514 tolno
946 3443 1000 3533 sa,
1031 3440 1167 3514 scilicet
1196 3441 1411 3536 principium
1452 3447 1489 3518 et
1521 3440 1603 3516 linis

428 3561 551 3657 AEsopi
568 3568 605 3637 ot
623 3562 695 3636 mei
718 3560 950 3636 conveniunt.
970 3559 1041 3635 Sed
1058 3560 1155 3635 dices
1177 3560 1312 3660 forsan,
1325 3562 1461 3636 lector:
1479 3563 1602 3637 nescio

429 3704 496 3780 per
522 3704 583 3760 me
609 3683 734 3758 videre
751 3681 941 3779 quomodo
965 3681 1042 3755 istae
1067 3681 1151 3756 duoe
1174 3681 1338 3758 fictiones
1362 3683 1522 3758 habeant
1547 3683 1603 3756 in-

428 3814 550 3880 terso
573 3808 713 3878 tantam
743 3801 1033 3878 convenientiam
1060 3802 1157 3876 circa
1182 3802 1399 3898 principium
1426 3811 1463 3877 et
1490 3803 1600 3878 finem

427 3923 559 4020 AEsopi.
587 3923 639 3996 Ad
666 3923 764 4017 quod
791 3922 992 4017 respondeo
1019 3922 1115 4015 quud
1142 3941 1270 4015 passus
1293 3941 1382 3996 vere
1407 3929 1462 3998 est
1487 3923 1600 4018 sortis,

427 4043 509 4118 ideo
526 4049 696 4118 notanter
713 4042 802 4116 dixit
818 4048 928 4116 autur
946 4040 1045 4134 quod
1065 4047 1190 4114 mente
1209 4039 1283 4115 lixa
1300 4046 1381 4115 erat
1397 4042 1600 4137 adaptanda

425 4163 661 4259 comparatio.
696 4163 794 4259 Ergo
836 4169 878 4236 ut
914 4160 1037 4236 videas
1076 4164 1257 4254 quantum
1292 4161 1518 4254 comparatio
1555 4161 1600 4236 sit

425 4283 685 4381 propriissima,
711 4289 891 4377 quantum
924 4282 971 4356 ad
1000 4299 1130 4356 omnes
1158 4287 1282 4375 partes
1314 4281 1382 4375 sui,
1409 4281 1599 4357 considera

425 4405 521 4480 hene
541 4405 673 4500 primo,
695 4405 793 4498 quod
820 4424 903 4477 mus
929 4409 966 4476 et
992 4421 1081 4476 rana
1108 4401 1203 4475 bene
1227 4400 1390 4498 figurant
1413 4401 1506 4476 dnos
1531 4403 1598 4479 ba·

425 4525 591 4622 ratarios,
618 4525 711 4600 sicut
732 4526 810 4620 jam
837 4523 1064 4598 declaratum
1090 4522 1156 4596 tuit
1181 4521 1228 4597 de
1252 4529 1413 4617 utroque
1438 4523 1475 4596 in
1500 4545 1597 4619 prae-

424 4648 566 4724 cedenti
591 4646 773 4741 capitulo;
800 4644 973 4738 secundo,
999 4643 1085 4737 quia
1099 4633 1136 4736 (⁷)
1170 4643 1250 4718 rixa
1281 4643 1376 4718 inter
1407 4665 1536 4718 ranam
1563 4652 1600 4732 et

485 4863 553 4926 (¹1⁸.
571 4865 623 4915 alre
640 4863 796 4913 vocabulum
812 4862 1010 4913 vocabulorum.
1073 4859 1100 4923 (¹)
1117 4860 1156 4920 ll..
1169 4861 1195 4911 S.
1211 4875 1228 4911 ο
1244 4864 1299 4918 tlt.
1316 4861 1342 4910 in
1359 4873 1423 4911 nno
1439 4858 1566 4910 vocabuli.

483 4941 511 5004 (⁸)
528 4941 558 4992 ll.
575 4945 720 5004 aquantur.
1072 4935 1101 5000 (⁸)
1117 4936 1143 4987 S.
1160 4941 1188 4986 ct
1203 4947 1301 4988 mm.

485 5017 513 5082 ς’)
529 5017 560 5069 lt
578 5017 666 5070 tuem
729 5016 757 5079 (⁸)
774 5021 828 5077 rac,
845 5013 999 5078 numm
1073 5011 1336 5078 clincampum
1351 5013 1416 5064 nu
