4550 6844
740 951 813 1020 tat
1138 961 1345 1018 comum
1368 964 1522 1018 uranus

739 1107 904 1182 biberem
921 1099 959 1198 (⁴)
975 1103 1022 1181 ad
1038 1125 1177 1200 aquam
1195 1106 1317 1182 Fontis
1329 1106 1464 1183 Brundi
1480 1107 1860 1202 deleetabdissimam3
1877 1117 1917 1187 et

741 1227 793 1302 sio
817 1227 911 1321 vide,
937 1225 1037 1320 quod
1061 1225 1202 1302 redibat
1226 1226 1293 1302 sibi
1318 1227 1356 1301 in
1380 1233 1545 1304 mentem
1565 1249 1665 1323 aqua
1681 1229 1845 1306 sedatirn
1866 1231 1919 1305 si-

743 1347 799 1442 tis,
825 1345 932 1440 quasi
962 1344 1092 1428 dieat:
1113 1365 1188 1420 non
1216 1353 1469 1443 permutarem
1504 1348 1605 1422 illam
1638 1348 1817 1424 visionem
1849 1371 1918 1446 pro

743 1467 812 1542 ista
844 1465 1029 1560 bibitione,
1058 1470 1203 1541 tantum
1234 1474 1330 1543 esset
1360 1467 1449 1542 mibi
1480 1473 1587 1564 grata
1600 1460 1651 1561 (¹).
1677 1469 1743 1544 vol
1773 1489 1920 1564 expone

743 1586 818 1662 sie:
843 1607 917 1660 non
940 1587 1044 1660 duret
1066 1589 1104 1661 la
1128 1589 1232 1677 vota,
1249 1586 1351 1680 idest,
1369 1587 1496 1662 oeulos
1512 1607 1616 1663 meos
1642 1607 1715 1662 non
1735 1589 1918 1684 jactarem

743 1725 810 1802 per
827 1707 981 1782 Fontem
998 1705 1143 1800 andi,
1160 1707 1265 1800 quasi
1282 1707 1390 1800 dieat,
1411 1728 1486 1782 non
1516 1706 1765 1783 desiderarem
1791 1709 1919 1783 bibere

743 1826 791 1902 ad
815 1826 954 1901 dictum
978 1826 1139 1920 iontem3
1164 1826 1214 1901 ita
1239 1826 1331 1902 risio
1355 1846 1487 1901 eorum
1506 1827 1656 1902 satiaret
1678 1827 1775 1900 sitim
1793 1847 1917 1903 meam

744 1955 782 2022 et
813 1966 923 2042 poena
953 1945 1144 2040 ipsorum;
1169 1951 1225 2020 est
1253 1951 1379 2020 tamen
1416 1944 1513 2021 idem
1546 1945 1722 2022 elloetus:
1753 1967 1814 2020 mu
1840 1949 1870 2019 ε’
1882 1949 1918 2019 io

744 2068 877 2140 oodessi
900 2067 971 2159 quii,
1000 2065 1092 2140 idest
1116 2065 1154 2138 in
1183 2065 1252 2140 ista
1279 2065 1405 2162 bulgio
1422 2066 1482 2141 vel
1500 2085 1623 2161 poeno,
1641 2068 1798 2140 tmrirnu
1815 2069 1917 2140 mlo

743 2190 782 2262 di
808 2188 921 2262 Goido
946 2206 968 2258 o
992 2187 1265 2276 dallessoodrm
1289 2206 1312 2258 o
1337 2188 1376 2260 di
1404 2189 1462 2259 tor
1486 2189 1605 2280 [ταὼς
1637 2185 1788 2260 luerunt
1818 2186 1917 2262 eninr

744 2313 819 2382 tres
844 2305 977 2380 iratres
1001 2303 1154 2379 oomites
1173 2303 1311 2379 domini
1327 2305 1516 2399 llomenae,
1534 2304 1669 2380 scilicet
1684 2305 1814 2399 Guido,
1832 2307 1918 2380 dle-

745 2425 896 2520 xander,
922 2431 960 2500 et
983 2423 1244 2520 Agbinolpbus.
1270 2424 1348 2499 Hoc
1363 2424 1460 2518 dicit,
1478 2424 1566 2520 quia
1590 2429 1752 2500 sonuum
1775 2431 1826 2500 est
1849 2428 1916 2498 nri-

744 2549 834 2620 sen's
857 2546 970 2618 socios
992 2543 1121 2616 onom
1141 2563 1354 2636 morum:
1385 2549 1423 2619 et
1457 2544 1620 2620 manime
1649 2543 1797 2640 pando
1833 2552 1921 2618 sunt

745 2664 783 2740 in
807 2683 917 2760 prena
941 2683 1029 2738 oum
1054 2661 1133 2757 illis,
1160 2661 1223 2757 qui
1247 2662 1400 2738 luerunt
1429 2683 1542 2738 causa
1571 2662 1765 2758 impulsiva
1788 2663 1919 2759 culpe,

746 2804 866 2879 poenae
904 2789 942 2858 et
979 2782 1137 2856 inlamiae
1173 2801 1318 2858 eorum.
1357 2783 1401 2856 Et
1442 2783 1631 2880 subiungit
1657 2783 1789 2878 bdam,
1821 2784 1920 2879 quod

746 2903 830 2979 lieet
854 2902 1047 2998 audiverit,
1064 2901 1163 2998 quod
1183 2902 1263 2997 jam
1281 2922 1378 2976 unus
1399 2902 1548 2977 illorum
1568 2903 1725 2978 fratrum
1748 2910 1921 2978 mortuus

746 3030 813 3118 est,
833 3028 870 3100 et
888 3023 968 3119 jam
989 3022 1219 3118 pervenitad
1239 3042 1399 3118 pmnam,
1419 3028 1545 3098 tamen
1562 3044 1694 3118 parum
1715 3013 1918 3119 prolicitffl,

745 3143 793 3218 ad
818 3141 1054 3218 relevandam
1079 3141 1188 3236 sitim,
1206 3141 1293 3236 quia
1318 3161 1392 3216 non
1413 3147 1531 3236 potest
1544 3131 1581 3234 (⁸)
1603 3143 1780 3218 aooedere
1795 3142 1843 3216 ad
1862 3142 1920 3216 vi-

745 3262 907 3338 dendum
933 3279 1032 3338 eum.
1058 3261 1161 3338 Unde
1185 3261 1293 3336 dicit:
1319 3263 1441 3353 imru,
1466 3261 1592 3336 dieunt
1621 3261 1757 3357 aliqui:
1784 3261 1920 3337 scilieet

745 3371 870 3458 anima
904 3381 1113 3475 Alexandri,
1147 3375 1226 3456 deb
1255 3383 1381 3455 dustro
1411 3371 1486 3472 pid,
1516 3381 1665 3476 seilicet,
1696 3382 1733 3456 in
1765 3381 1919 3476 inierno,

748 3501 835 3595 quia
861 3508 917 3576 est
939 3501 1035 3576 inter
1054 3500 1259 3597 proditores
1275 3501 1647 3598 consanguineorum,
1665 3508 1706 3576 ut
1724 3501 1870 3578 videtur
1882 3494 1919 3594 (⁵)

748 3621 843 3696 inira
859 3621 1018 3716 capitulo
1035 3621 1177 3714 Xllllll,
1195 3621 1258 3696 ubi
1276 3621 1441 3698 nominat
1455 3621 1719 3716 Alexandrum,
1739 3623 1804 3698 sed
1820 3632 1922 3699 uerte

750 3760 823 3815 non
848 3739 944 3816 bene
968 3738 1085 3834 video,
1111 3739 1158 3815 de
1184 3761 1260 3835 quo
1284 3741 1476 3835 loquatur3
1503 3741 1590 3836 quia
1616 3741 1675 3816 ille
1702 3740 1920 3835 Alexander,

750 3879 863 3956 quem
888 3869 997 3938 autor
1012 3850 1048 3952 (⁶)
1076 3859 1219 3956 reponit
1244 3859 1280 3934 in
1305 3859 1434 3958 glacie,
1461 3880 1534 3935 non
1559 3861 1627 3935 luit
1651 3861 1699 3936 de
1727 3861 1923 3936 comitibus

749 3979 874 4056 Guidis
899 3979 946 4055 de
969 3981 1146 4075 Romena,
1171 3980 1236 4055 sed
1259 3979 1306 4055 de
1331 3980 1526 4055 eomitibus
1550 3978 1716 4076 Albertis,
1739 3988 1779 4056 ut
1805 3987 1923 4077 potest

750 4106 878 4195 patere
901 4099 1056 4176 intuenti
1082 4101 1142 4196 ibi,
1168 4106 1206 4175 et
1230 4098 1394 4174 dioitzse
1414 4099 1921 4195 emmerammenses,

748 4219 908 4314 furiose,
921 4223 982 4294 obe
994 4241 1113 4294 oanrw
1123 4222 1280 4311 tutuno,
1293 4218 1401 4311 siout,
1413 4219 1560 4314 Myrrha
1577 4226 1616 4294 et
1632 4219 1807 4315 Sebieobi,
1819 4223 1923 4294 ἀίοοη

749 4361 855 4414 vero:
881 4341 951 4414 boe
967 4338 1064 4431 dicit,
1082 4338 1168 4433 quia
1193 4337 1332 4412 furiose
1355 4337 1604 4414 discurrentes
1628 4344 1780 4434 possunt
1797 4338 1922 4412 videro

748 4459 839 4536 alios
863 4458 1012 4555 spiritus
1035 4477 1058 4532 a
1083 4458 1193 4554 longe
1217 4463 1255 4531 et
1281 4455 1421 4533 referre
1445 4478 1541 4534 nova
1566 4457 1613 4534 de
1638 4459 1702 4552 eis,
1723 4456 1823 4552 quod
1847 4476 1922 4530 non

748 4584 902 4672 possunt
931 4577 987 4650 isti
1004 4566 1040 4668 (⁷)
1071 4574 1275 4672 hydropici3
1301 4581 1338 4650 et
1362 4574 1523 4673 intellige
1552 4577 1652 4672 quod
1680 4575 1808 4650 furiosi
1837 4596 1922 4671 pos-

813 4769 840 4832 ili
857 4770 888 4822 E.
903 4770 1019 4820 biberem
1034 4783 1129 4835 nquam
1145 4769 1234 4821 Fontis
1248 4770 1357 4833 Bnndi3
1372 4775 1401 4822 et
1415 4771 1461 4822 elo.
1513 4771 1542 4834 (¹)
1558 4775 1613 4832 tlt,
1629 4784 1690 4822 err·
1704 4773 1732 4821 et
1748 4773 1830 4834 matr.

813 4846 840 4908 (¹)
856 4845 883 4898 8.
899 4845 1018 4910 proiecit.
1516 4851 1544 4912 (⁸)
1560 4849 1591 4900 ll.
1608 4853 1719 4913 poterut.

814 4923 842 4986 (⁸)
857 4923 890 4974 Β·
905 4921 1011 4974 *ΗΘΜ*
1517 4925 1544 4989 (l)
1560 4925 1592 4976 lt.
1608 4937 1678 4976 nuno
1694 4927 1772 4975 sutor
1788 4921 1868 4988 ponit.

813 4997 841 5060 (¹)
858 4999 893 5060 s..
910 4999 941 5052 rt
956 5011 973 5050 e
990 5002 1044 5061 tro,
1061 4997 1203 5064 hydropiei,
1215 4999 1361 5050 monteri
1376 4997 1512 5051 falsatores
1523 5001 1569 5066 qul
1584 5013 1637 5052 non
1653 5004 1760 5063 posonm
1770 4997 1879 5049 moveri.
1890 4994 1925 5045 llt

751 5073 876 5140 uerna.
