4566 6844
708 981 845 1036 caurus
869 982 1084 1038 rnruusruus
1108 982 1285 1049 oulurus.
1510 969 1578 1036 559

413 1124 662 1221 gnosoendum
697 1127 842 1220 culpam
874 1095 1005 1202 eorum
1039 1134 1094 1201 est
1124 1126 1324 1223 sciendum,
1350 1127 1462 1221 quod,
1487 1127 1582 1204 sicut

414 1246 537 1319 scribit
561 1245 753 1320 Suetonius
778 1247 812 1320 in
846 1247 975 1343 primo,
1002 1247 1234 1322 coniuratum
1260 1252 1315 1322 est
1344 1268 1366 1321 a
1392 1247 1582 1344 sexaginta

413 1366 653 1459 senatoribus
668 1367 774 1441 cuius
786 1367 1045 1442 coniurationis
1063 1373 1137 1442 tres
1154 1367 1304 1442 luerunt
1316 1373 1464 1441 autores
1482 1367 1589 1462 print

413 1487 558 1581 cipales,
584 1487 718 1562 scilicet
742 1489 886 1564 Marcus
910 1489 1057 1581 Brutus,
1075 1487 1246 1563 Decimus
1263 1488 1399 1563 Brutus
1417 1494 1454 1562 et
1470 1487 1582 1562 Gaius

412 1607 571 1682 Cassius:
599 1607 720 1682 Caesar
739 1607 881 1682 occisus
905 1608 972 1683 luit
996 1608 1033 1682 in
1058 1608 1162 1682 curia
1179 1608 1408 1703 pompeiana,
1426 1629 1510 1702 quae
1526 1614 1582 1683 est

413 1727 450 1802 in
475 1728 590 1802 latere
615 1727 748 1801 montis
773 1728 924 1822 Tarpeii.
951 1727 1106 1816 Quidam
1132 1729 1270 1804 Tullius
1291 1728 1438 1804 Cimber
1463 1729 1582 1824 primo

413 1847 507 1941 cepit
532 1867 619 1922 eum
646 1868 712 1940 per
737 1853 860 1943 togam
883 1854 921 1922 ει
933 1841 970 1940 (¹)
989 1853 1149 1941 utraque
1166 1849 1319 1944 spatula,
1336 1827 1480 1924 Cassius
1501 1848 1583 1924 vul-

413 1967 556 2044 ueravit
581 1986 668 2042 eum
694 1967 787 2041 inira
811 1967 948 2062 gulam.
967 1967 1037 2042 Sed
1054 1969 1176 2044 Caesar
1200 1969 1322 2042 subito
1347 1975 1492 2046 extorto
1512 1989 1581 2064 pu·

412 2087 521 2183 mone
545 2086 592 2163 de
621 2107 734 2162 manu
768 2087 847 2162 eius
878 2087 1055 2163 transfixit
1081 2087 1130 2162 illi
1159 2088 1362 2183 brachium,
1395 2096 1432 2164 et
1457 2090 1582 2164 volens

413 2208 465 2282 sic
494 2209 699 2305 insurgere,
723 2207 796 2284 alio
821 2209 974 2284 vulnere
999 2209 1205 2284 retardatus
1231 2217 1297 2304 est,
1323 2210 1421 2304 quod
1453 2209 1584 2285 medici

413 2327 586 2402 dixerunt
610 2347 691 2402 esse
717 2329 882 2403 mortale.
909 2330 1010 2402 Tunc
1035 2328 1157 2404 Caesar
1177 2329 1301 2405 videns
1322 2331 1450 2426 sepeli
1478 2330 1583 2404 undi-

414 2468 487 2542 que
512 2447 622 2541 terro,
643 2453 680 2523 et
705 2468 745 2522 se
769 2447 888 2523 solum
907 2448 1086 2525 inermem
1105 2449 1184 2524 sine
1200 2450 1336 2526 auxilio
1352 2451 1488 2544 aliquo,
1505 2451 1582 2524 col·

414 2567 501 2662 legit
526 2567 623 2642 vires
647 2567 780 2642 animae
806 2567 843 2643 in
870 2589 986 2642 unum
1008 2589 1055 2644 ne
1071 2568 1209 2645 diceret
1226 2570 1283 2645 vel
1300 2581 1428 2667 ageret
1446 2570 1583 2665 aliquid

415 2693 523 2781 turpe
549 2686 585 2760 in
612 2687 752 2781 ultimo,
779 2694 815 2761 et
841 2687 975 2764 velavit
998 2689 1065 2764 sibi
1090 2696 1200 2785 caput
1233 2711 1320 2764 cum
1353 2697 1439 2786 toga
1469 2710 1582 2765 manu

414 2807 554 2900 dextra,
580 2827 667 2884 oum
694 2807 837 2883 sinistra
862 2828 952 2883 vero
967 2799 1004 2901 ι’)
1031 2809 1191 2886 extendit
1224 2809 1345 2885 sinum
1378 2810 1582 2886 vestimenti

413 2927 459 3000 ad
477 2927 666 3004 interiores
683 2934 803 3023 partes
824 2929 998 3024 corporis,
1018 2936 1058 3003 ut
1076 2929 1260 3004 honestius
1279 2929 1445 3024 caderet;
1470 2936 1507 3005 ει
1531 2931 1582 3005 sic

414 3049 529 3124 victor
553 3047 720 3124 omnium
751 3048 877 3144 viginti
907 3050 1024 3125 tribus
1053 3049 1267 3126 vulneribus
1300 3050 1416 3126 victus
1448 3057 1514 3144 est,
1545 3057 1583 3125 et

413 3167 512 3261 quod
537 3168 641 3261 peius
666 3175 786 3244 morte
802 3159 838 3260 (³)
858 3169 994 3264 luisset,
1020 3169 1263 3246 decreverunt
1283 3171 1426 3265 jactare
1447 3190 1581 3265 corpus

414 3287 449 3359 in
476 3287 645 3378 Tiberim,
672 3289 768 3364 bona
784 3277 819 3380 (ὅ)
853 3290 1052 3384 publicare,
1085 3296 1122 3366 et
1146 3297 1228 3365 acta
1260 3291 1493 3384 rescindere3
1519 3291 1582 3366 sed

413 3407 577 3480 exterriti
595 3407 845 3504 magnitudine
870 3409 1038 3484 facinoris
1063 3416 1101 3485 ει
1118 3410 1250 3514 timore
1270 3411 1313 3484 Μ.
1336 3410 1491 3503 Antonii,
1518 3410 1580 3504 qui

415 3535 502 3600 tunc
528 3534 608 3602 erat
632 3531 771 3622 consul,
802 3535 840 3604 et
864 3529 986 3624 Lepidi
1013 3531 1076 3624 qui
1101 3537 1181 3607 erat
1208 3531 1382 3628 magister
1413 3531 1581 3625 equitum

413 3647 526 3742 ipsius
542 3648 695 3724 cesaris
714 3648 909 3745 dictatoris,
927 3650 1155 3747 destiterunt,
1174 3657 1212 3726 ει
1234 3651 1320 3749 iuga
1341 3653 1496 3728 salutem
1518 3672 1583 3745 pe·

413 3767 560 3845 tierunt.
588 3769 709 3844 Caesar
735 3769 1091 3866 magnificentissime
1117 3792 1203 3846 cum
1229 3771 1329 3845 omui
1350 3791 1483 3866 pompa
1501 3791 1583 3845 cre·

414 3896 537 3963 matus
562 3895 617 3962 est
642 3895 678 3963 et
703 3889 867 3982 sepultus
892 3889 929 3961 in
955 3907 1085 3983 campo
1110 3890 1254 3983 Martio,
1273 3909 1359 3963 nam
1377 3891 1457 3964 eius
1481 3891 1582 3966 cine·

414 4029 474 4084 res
500 4008 646 4104 repositi
672 4015 758 4082 sunt
783 4007 819 4081 in
845 4009 1017 4084 columna
1041 4007 1166 4104 lapidis
1183 4007 1362 4084 Numidici
1383 4008 1581 4084 altitudinis

412 4128 536 4226 viginti
563 4129 712 4222 pedum,
738 4128 775 4202 in
800 4148 874 4222 qua
892 4127 1068 4222 scripturn
1095 4133 1172 4202 est:
1196 4131 1337 4220 parenti
1355 4131 1495 4222 potira
1526 4128 1579 4204 dd

412 4271 525 4344 quam
552 4250 769 4344 sacrificare,
796 4269 943 4342 vovere,
964 4249 1095 4343 jurare
1120 4269 1185 4344 per
1210 4249 1393 4325 Caesarem
1425 4249 1488 4323 diu
1513 4250 1582 4324 ob-

412 4379 601 4446 servatum
626 4378 692 4464 est,
719 4375 756 4446 ει
781 4371 918 4446 relatus
944 4376 999 4444 est
1023 4369 1060 4442 in
1086 4389 1286 4444 numerum
1312 4368 1482 4463 deorum,
1507 4389 1581 4444 non

412 4493 531 4566 solum
557 4492 756 4568 autoritate
773 4491 989 4587 principum,
1007 4490 1197 4567 sedetiam
1216 4489 1386 4584 opinione
1402 4491 1580 4586 populari,

412 4611 506 4688 sicut
531 4612 667 4688 iactum
693 4612 814 4687 luerat
838 4611 884 4687 de
910 4613 1068 4686 Romulo
1096 4611 1215 4706 primo
1247 4610 1435 4687 conditore
1468 4611 1579 4687 urbis.

413 4732 456 4807 lit
481 4734 580 4827 quod
607 4733 869 4808 miraculosum
896 4732 1042 4807 videtur
1065 4732 1188 4806 nullus
1217 4731 1493 4808 interfectorum
1519 4753 1583 4808 su-

476 4953 504 5012 (¹)
521 4952 551 5000 Ε.
567 4964 582 5001 e
600 4955 654 5011 lit,
671 4952 698 5001 in
714 4957 834 5016 utraque.

475 5027 502 5090 ι’)
520 5029 549 5078 lt.
568 5039 630 5080 raro
645 5028 752 5078 adduxit
767 5028 851 5078 sinum
868 5027 1013 5078 vestimenti
1030 5026 1133 5079 eiusad
1150 5025 1294 5077 inferiores.

475 5103 501 5164 ι’)
518 5104 547 5154 R
563 5119 624 5154 eum
641 5111 761 5156 mortuus
777 5103 874 5155 iubat.
1070 5103 1097 5164 ι’)
1113 5102 1143 5155 Β.
1160 5103 1226 5154 bona
1242 5101 1299 5152 clus
1314 5099 1454 5168 publicare.
