4580 6844
718 945 856 1003 cunnos
880 943 1072 1002 trossulos
1095 944 1265 1000 munros.
1506 931 1577 998 tltll

405 1089 538 1168 coacto
562 1089 638 1163 lllll
664 1088 701 1162 in
732 1089 819 1164 sede
844 1089 953 1182 Petri,
978 1089 1077 1164 circa
1101 1094 1282 1182 tempora,
1310 1086 1445 1182 quibus
1469 1093 1579 1161 autor

405 1209 554 1305 iuooepit
572 1207 680 1282 istud
709 1227 858 1284 sacrum
888 1227 1034 1304 memo,
1060 1207 1097 1282 iu
1122 1206 1340 1282 Lomitardia
1367 1213 1492 1281 ortum
1523 1214 1579 1283 est

405 1349 565 1427 pravum
589 1328 734 1422 misum,
759 1329 927 1406 loturum
953 1329 1213 1425 pemiciosum‚
1238 1328 1268 1402 si
1300 1347 1373 1402 nou
1389 1323 1425 1418 (¹)
1454 1327 1580 1402 luisset

405 1451 479 1526 cilo
499 1468 772 1544 compressum,
798 1469 865 1543 per
890 1449 1042 1524 lratrem
1077 1447 1274 1522 Dulciuum
1309 1448 1577 1522 novariensem.

406 1569 472 1644 llio
488 1568 638 1663 quidem
658 1569 845 1662 Dominus,
867 1574 908 1642 ut
923 1567 971 1642 ab
987 1567 1130 1664 origiue
1147 1573 1310 1662 repetam
1329 1567 1440 1640 ritum
1460 1587 1578 1661 suam,

406 1688 476 1764 fuit
499 1689 547 1762 de
570 1687 748 1764 comitatu
761 1678 799 1778 (²)
824 1687 1004 1780 Nonacrim,
1022 1687 1068 1764 de
1085 1687 1167 1762 vico
1183 1686 1247 1780 qui
1262 1686 1396 1762 dicitur
1414 1688 1579 1780 Pratum,

409 1807 509 1902 quod
525 1807 652 1882 subest
667 1813 789 1882 castro
806 1808 1048 1903 Romagoauo
1059 1807 1169 1902 juxta
1186 1807 1325 1880 llumen
1342 1805 1502 1880 Siccidae.
1521 1806 1580 1878 lo-

409 1928 573 2004 lautulus
590 1927 691 2002 venit
709 1927 909 2021 Vercellas3
925 1926 975 2001 ibi
989 1917 1027 2019 (³)
1046 1927 1206 2000 nutritus
1222 1927 1259 2000 in
1276 1926 1428 2001 ecclesia
1446 1933 1581 2002 sancte

407 2047 558 2144 ugueos
577 2047 687 2142 iuxta
705 2055 848 2142 portam
866 2047 971 2122 Sarvi
985 2036 1022 2139 (⁸)
1042 2046 1154 2142 fluvii,
1180 2045 1217 2120 in
1243 2067 1354 2140 quem
1373 2047 1485 2121 intrat
1505 2047 1582 2121 Sic·

409 2166 502 2260 ciria,
522 2167 844 2264 conpresbytero,
861 2166 925 2261 qul
943 2173 1095 2242 vocatus
1119 2173 1176 2242 est
1193 2171 1394 2263 Augustus,
1412 2168 1474 2260 qui
1494 2188 1580 2242 eum

411 2286 509 2360 misit
524 2285 572 2361 ad
591 2286 734 2361 scholas
759 2285 828 2360 sub
854 2286 1030 2382 magistro
1047 2286 1144 2382 Syon
1160 2277 1197 2377 (⁵)
1225 2286 1432 2380 professore
1455 2307 1584 2382 gram·

412 2405 566 2480 maticae.
588 2405 677 2480 Erat
695 2405 793 2480 euim
820 2404 1021 2480 acutissimi
1046 2405 1192 2501 ingenii,
1217 2405 1266 2478 ita
1293 2405 1392 2498 quod
1418 2406 1454 2479 in
1481 2406 1583 2481 brevi

413 2525 533 2600 lactus
557 2531 613 2599 est
636 2524 798 2620 optimus
823 2525 1008 2600 scholaris.
1028 2524 1098 2600 Sed
1116 2545 1189 2598 non
1206 2525 1268 2598 diu
1287 2526 1484 2601 occultavit
1500 2547 1585 2620 pru·

414 2644 577 2737 ritatem,
594 2664 679 2736 quae
695 2644 832 2720 latebat
857 2643 926 2718 soh
951 2644 1101 2740 egregia
1118 2642 1255 2737 indole;
1273 2664 1359 2719 cum
1378 2652 1476 2720 esset
1498 2667 1583 2740 par·

412 2782 460 2838 va
474 2753 512 2854 (⁶)
528 2769 682 2856 statura,
708 2763 800 2838 facie
825 2764 921 2857 leta,
938 2769 975 2838 et
999 2770 1128 2859 gratus
1153 2763 1335 2838 omnibus.
1354 2765 1444 2838 Nam
1468 2766 1586 2840 surri-

413 2882 494 2978 pult
518 2882 617 2957 lurlo
641 2883 820 2958 sacerdoti
845 2882 997 2978 praelato
1023 2889 1164 2957 certam
1194 2903 1381 2957 summam
1409 2887 1584 2979 pecunia,

413 3001 478 3097 qui
491 2991 530 3093 (⁷)
561 3001 668 3076 ulmis
693 3001 827 3078 fidebat
852 3021 908 3076 eo.
935 2999 1032 3094 ldeo,
1059 3007 1100 3076 ut
1124 3019 1222 3095 saepe
1246 3001 1387 3095 accidit,
1414 3005 1586 3079 sacerdos

414 3121 619 3217 imputabat
656 3122 725 3196 hoc
762 3119 909 3194 cuidam
940 3119 1106 3196 familiari
1141 3140 1221 3213 suo,
1248 3121 1308 3196 cui
1343 3143 1479 3196 numen
1506 3129 1587 3198 erat

414 3241 552 3314 Patras.
577 3238 647 3326 Qut
673 3239 827 3314 moleste
855 3239 978 3314 serens
1007 3238 1179 3312 iniustam
1215 3239 1414 3333 iulamiam,
1440 3242 1587 3317 claude·

414 3357 508 3432 stine
524 3356 720 3432 Dulciuum
737 3364 885 3451 captum
904 3358 1081 3453 compulit
1098 3364 1243 3433 terrore
1264 3359 1415 3452 privatae
1434 3369 1587 3438 torturm

414 3477 461 3554 ad
493 3477 756 3554 coulmsiooom
788 3477 887 3570 lorti,
922 3481 959 3552 et
991 3477 1107 3552 iratus
1138 3479 1238 3573 juste
1272 3481 1418 3556 volebat
1449 3482 1590 3558 duoero

414 3597 611 3674 Dulciuum
636 3597 683 3672 ad
708 3596 895 3692 publicum
918 3597 1155 3692 supplicium3
1176 3597 1240 3674 sed
1266 3601 1437 3675 sacerdos
1458 3603 1592 3698 nugu-

415 3727 493 3794 stus
514 3717 700 3813 prohibuit
716 3735 763 3792 ne
781 3716 887 3792 lieret
910 3715 1136 3813 irregularis
1163 3718 1340 3794 Dulcinus
1364 3730 1490 3796 autem
1511 3731 1587 3798 ter·

416 3837 507 3912 ritus
525 3836 685 3930 recessit,
702 3834 816 3912 inscio
833 3836 1035 3930 sacerdote,
1053 3843 1091 3912 et
1107 3838 1260 3912 contulit
1281 3860 1322 3914 se
1346 3840 1392 3914 ad
1418 3850 1587 3916 extrema

415 3955 527 4034 ltaliae
550 3953 598 4028 ad
621 3953 806 4030 civilatem
833 3952 1002 4030 Tridenti.
1031 3954 1082 4026 lbi
1111 3955 1149 4028 iu
1180 3957 1365 4030 montibus
1396 3959 1462 4032 illis
1493 3959 1588 4034 inter

416 4081 544 4173 gentes
570 4073 680 4148 rudes
705 4081 743 4150 ot
767 4073 936 4149 credulas
960 4073 1071 4168 coepit
1095 4072 1251 4150 fundare
1284 4097 1418 4152 novam
1449 4087 1586 4154 sectam

417 4193 454 4270 in
480 4193 607 4270 habitu
631 4192 797 4270 iratioelli
815 4191 892 4268 sine
909 4191 1048 4286 ordine,
1063 4192 1265 4287 predicans
1289 4216 1329 4268 se
1348 4215 1479 4270 verum
1497 4219 1588 4293 apo-

417 4313 553 4390 stolum
570 4312 636 4388 Dei
653 4319 691 4387 et
707 4312 807 4407 quod
824 4311 948 4386 omnia
969 4311 1151 4388 debebant
1168 4331 1250 4391 esse
1270 4317 1482 4391 communia
1495 4309 1531 4410 (ὃ)
1551 4319 1591 4392 iu

418 4433 589 4528 mritato3
615 4440 653 4510 el
673 4432 773 4526 qood
796 4431 927 4507 licebat
945 4431 998 4506 uti
1015 4432 1186 4507 omnibus
1206 4435 1424 4510 mulieribus
1449 4438 1589 4512 iudillo-

481 4669 509 4732 (')
525 4671 555 4720 lt.
573 4671 622 4722 nltl
641 4671 731 4724 luisset
746 4685 904 4736 occursum
921 4672 996 4724 culm
1011 4685 1089 4724 must
1109 4671 1158 4724 lull
1180 4673 1263 4726 irater
1280 4674 1407 4726 Dulclnos
1423 4677 1591 4726 normiensis.

418 4746 469 4798 Illo
484 4747 612 4810 siquidem
629 4747 764 4801 llulcinur.

481 4821 509 4888 (²)
524 4822 550 4874 S.
567 4825 678 4876 utrium.
1160 4826 1187 4888 (⁸)
1204 4828 1235 4878 B.
1250 4829 1295 4878 ulti
1311 4832 1426 4880 nutritos
1441 4837 1479 4878 ast
1497 4833 1531 4878 in.

481 4900 508 4962 (Ἴ
526 4903 580 4962 llo,
595 4900 679 4952 Sarni.
690 4903 758 4952 -lt
774 4903 867 4954 Sarinl.
1160 4903 1188 4965 (⁸)
1204 4904 1235 4954 lt.
1251 4905 1324 4956 Sion.

482 4975 509 5038 β)
525 4977 556 5028 E.
572 4991 658 5040 parvm
674 4984 789 5039 sutura,
806 4979 872 5030 lucis
887 4979 971 5040 lalus,
988 4983 1023 5030 cl.
1162 4979 1190 5041 (⁷)
1206 4980 1237 5030 u.
1254 4983 1314 5044 quia
1330 4983 1414 5032 nimie

483 5050 510 5116 (¹)
526 5053 557 5104 ll.
574 5052 701 5106 tumtun
716 5055 904 5106 communicari
919 5056 947 5106 in
962 5056 1077 5108 cartule.
