4534 6842
718 879 788 946 20⁰
1114 889 1316 946 condrust
1341 889 1493 944 tltrltrtttr

717 1038 851 1127 manet,
877 1032 945 1106 nisi
969 1033 1063 1108 sicut
1087 1031 1133 1108 de
1157 1034 1257 1129 pullo
1283 1034 1342 1107 vel
1366 1033 1488 1108 asello.
1515 1033 1560 1107 Et
1589 1031 1647 1108 bic
1672 1039 1758 1109 nota
1784 1035 1884 1130 quod

715 1171 844 1228 omnes
868 1151 937 1225 viri
962 1152 1186 1249 magnanimi
1210 1173 1279 1248 pro
1303 1153 1372 1227 ista
1388 1153 1486 1228 lama
1509 1153 1707 1252 quaerenda
1732 1174 1883 1249 spreve-

715 1277 803 1346 runt
826 1293 955 1348 omnes
984 1272 1140 1368 delicias,
1167 1279 1203 1347 et
1229 1272 1479 1349 toleraverunt
1502 1273 1626 1348 omnia
1652 1274 1885 1350 incommoda

715 1398 753 1466 et
776 1391 921 1468 labores
946 1393 1184 1487 incredibiles,
1212 1399 1252 1466 ut
1281 1393 1400 1488 patuit
1424 1393 1461 1466 in
1486 1393 1697 1487 Hannibale,
1728 1394 1883 1490 casare,

715 1513 853 1590 Catone
872 1519 910 1588 ct
929 1512 1027 1588 mille
1051 1513 1141 1588 aliis.
1163 1513 1354 1588 Praemisso
1372 1513 1535 1608 exordio,
1556 1514 1640 1589 lacit
1660 1515 1884 1612 petitionem,

715 1633 860 1709 dicens:
887 1625 1015 1725 cpcrd
1039 1637 1117 1708 Ιευα
1140 1655 1194 1726 su,
1220 1634 1324 1728 quasi
1349 1635 1467 1709 dicat:
1494 1640 1531 1709 et
1561 1634 1648 1728 qula
1681 1635 1733 1709 sic
1763 1642 1818 1710 est
1833 1628 1883 1730 (⁴),

716 1773 789 1828 non
814 1759 870 1827 est
893 1753 1049 1848 amplius
1073 1753 1132 1828 bic
1155 1754 1338 1848 standum,
1356 1756 1447 1828 maci
1466 1755 1686 1847 columna,
1703 1755 1795 1830 idest
1816 1777 1884 1830 an-

715 1871 873 1968 gustiam
900 1878 937 1946 et
961 1872 1183 1948 anxietatem
1211 1873 1373 1969 corporis
1398 1872 1547 1970 fatigati,
1565 1895 1632 1948 con
1652 1877 1808 1948 tunimo
1824 1877 1884 1950 cbo

716 1995 813 2066 vince
829 1995 913 2084 optol
927 1993 1108 2085 compta,
1121 1993 1208 2086 quia
1225 2001 1281 2068 est
1297 2001 1469 2088 aeternus,
1486 1993 1784 2100 incorruptibilis3
1802 1994 1884 2070 ideo

716 2111 826 2186 vincit
842 2131 993 2188 carnem
1010 2114 1297 2209 corruptibilem,
1316 2120 1353 2188 et
1369 2134 1518 2189 omnem
1538 2114 1779 2189 resistentiam
1801 2135 1885 2210 pas-

715 2230 872 2326 sionum,
897 2231 973 2306 imo
998 2232 1107 2307 vincit
1132 2233 1356 2308 influentiam
1388 2232 1480 2328 noeli,
1505 2255 1543 2307 sc
1571 2255 1644 2306 non
1666 2237 1695 2306 ε’
1709 2238 1882 2328 accusso,

714 2350 816 2446 idest,
842 2350 872 2424 si
896 2371 970 2425 non
995 2351 1165 2446 deprimit
1189 2373 1239 2447 se,
1257 2357 1315 2426 cot
1328 2374 1391 2426 stro
1407 2373 1520 2444 prave
1539 2373 1661 2445 corpo,
1685 2353 1771 2448 quia
1796 2374 1882 2428 cum

716 2470 808 2546 ratio
833 2468 1024 2544 subiicitur
1048 2470 1216 2566 passioni,
1232 2472 1345 2546 bomo
1362 2491 1460 2568 saepe
1475 2472 1634 2546 efficitur
1651 2471 1800 2547 inferior
1817 2473 1884 2548 be·

716 2589 794 2664 stia.
815 2591 859 2663 Et
883 2589 1077 2665 confirmat
1091 2582 1127 2684 (¹)
1154 2591 1253 2686 quod
1270 2591 1402 2666 debeat
1421 2593 1492 2666 boc
1515 2591 1646 2686 lacere,
1664 2591 1807 2667 dicens:
1823 2587 1885 2685 pila

717 2712 827 2801 lunpa
850 2713 949 2784 scoto
974 2733 1102 2786 convcn
1137 2713 1197 2786 cde
1233 2714 1264 2786 si
1299 2715 1428 2803 saorra,
1453 2711 1589 2788 scilicet
1620 2713 1717 2786 scala
1745 2735 1884 2810 purga-

721 2831 804 2906 torii
829 2831 1152 2928 turpissimaque
1174 2831 1345 2928 pertingit
1369 2853 1392 2906 a
1417 2837 1654 2926 terransque
1673 2833 1886 2930 odenatum,

721 2951 817 3026 sicut
840 2951 978 3047 patebit
1006 2951 1043 3024 in
1076 2951 1300 3046 expositione
1332 2951 1555 3048 purgatorii3
1590 2957 1628 3025 et
1658 2951 1790 3047 adbuc,
1815 2975 1887 3028 non

718 3072 820 3144 basto
843 3093 938 3145 esser
956 3075 1091 3164 partito
1116 3074 1164 3146 do
1189 3078 1340 3162 coetero,
1359 3071 1494 3146 scilicet
1518 3071 1566 3144 ab
1591 3072 1798 3168 hypocritis,
1823 3075 1888 3168 qul

719 3189 891 3266 incedunt
916 3191 967 3265 ita
991 3191 1100 3285 lente,
1126 3190 1189 3267 sed
1214 3196 1358 3285 oportet
1383 3191 1510 3266 venire
1534 3190 1580 3264 ad
1605 3190 1719 3285 iures,
1742 3193 1807 3286 qui
1832 3193 1888 3267 in-

720 3313 855 3388 cedunt
880 3311 928 3388 ita
954 3312 1085 3386 leviter
1109 3310 1147 3384 in
1171 3311 1329 3386 obscuro
1354 3330 1421 3405 per
1446 3317 1584 3385 terram
1608 3331 1714 3386 more
1738 3333 1889 3408 serpen-

719 3437 812 3524 tum,
839 3430 944 3524 quasi
968 3430 1082 3504 dicat:
1110 3436 1223 3506 restat
1250 3429 1321 3504 alia
1350 3429 1505 3505 materia
1533 3428 1723 3524 difficilior,
1754 3431 1889 3508 scilicet

719 3552 819 3646 luxti,
845 3550 882 3624 in
913 3571 987 3644 qua
1018 3551 1135 3646 magis
1167 3550 1378 3630 latiscentnr
1412 3550 1509 3625 vires
1540 3551 1664 3626 animi.
1695 3552 1741 3625 Et
1768 3551 1890 3628 subdit

719 3677 828 3747 autor
853 3669 1026 3746 effectum
1052 3669 1295 3766 persuasionis
1326 3669 1476 3766 Virgilii,
1501 3691 1586 3764 quae
1616 3671 1683 3744 luit
1715 3671 1889 3748 efficacis-

719 3792 824 3885 sima,
849 3790 900 3865 ita
924 3789 1022 3884 quod
1047 3789 1168 3863 statim
1193 3789 1280 3864 lecit
1304 3789 1493 3884 imperata,
1511 3791 1598 3884 quia
1615 3791 1678 3868 ubi
1701 3791 1761 3868 ille
1785 3792 1889 3868 dixe-

721 3921 801 3988 rat:
828 3929 953 4006 surge,
977 3909 1082 3984 vince
1096 3899 1146 4002 (³),
1172 3909 1249 4005 ipse
1271 3909 1377 3984 dicit:
1403 3911 1560 4005 surrexi,
1578 3918 1616 3986 et
1630 3899 1667 4005 (⁴)
1688 3911 1768 4006 vici,
1790 3912 1889 3988 unde

719 4030 828 4105 dicit:
854 4032 981 4104 ammi
1010 4033 1105 4121 otor,
1136 4028 1220 4104 licet
1245 4028 1410 4103 nondum
1442 4036 1536 4104 esset
1566 4029 1651 4104 satis
1677 4038 1889 4126 resumptus

719 4173 743 4228 a
766 4149 886 4246 primo
903 4150 1040 4244 labore,
1061 4152 1317 4224 mostraodomi
1337 4151 1471 4243 forrum
1495 4153 1621 4241 mentio
1638 4153 1676 4226 dt
1697 4153 1777 4224 lena
1794 4154 1889 4226 cb't'o

719 4293 791 4346 non
815 4275 865 4346 mi
888 4274 1011 4362 satta,
1037 4270 1131 4345 sicut
1155 4272 1266 4344 bomo
1292 4289 1388 4364 saepe
1413 4269 1498 4344 lacit
1518 4290 1644 4345 coram
1665 4271 1804 4347 maiore
1829 4271 1890 4346 rel

719 4391 939 4487 sapientiore
963 4410 1048 4465 cnm
1074 4389 1197 4485 agitur
1222 4389 1268 4464 de
1293 4390 1434 4464 bonore
1458 4409 1545 4484 suo;
1565 4411 1585 4462 c
1609 4393 1712 4466 ons.-
1737 4412 1797 4483 oa,
1820 4391 1891 4466 sci·

719 4511 814 4604 licet,
840 4507 1007 4604 praeoede
1031 4528 1104 4603 me,
1129 4511 1228 4580 cb’tb
1252 4529 1319 4582 son
1339 4511 1433 4602 sorta
1461 4515 1494 4581 et
1521 4511 1653 4601 noddo,
1679 4509 1742 4583 ubi
1770 4511 1890 4605 primo

720 4635 801 4706 erat
823 4626 950 4703 debilis
975 4634 1012 4702 et
1036 4627 1194 4723 timidus,
1221 4628 1307 4722 quia
1338 4647 1420 4724 spes
1452 4629 1593 4724 praemii
1624 4628 1806 4706 alleviatio
1835 4636 1891 4706 est

722 4748 867 4824 laboris.

784 4935 813 5000 (¹)
829 4937 860 4987 ll.
876 4935 913 4988 olo
928 4941 975 4999 est,
992 4937 1098 4989 omnino
1113 4950 1166 4990 uon
1180 4943 1228 4990 est.
1414 4939 1441 5002 (¹)
1458 4939 1488 4991 lt.
1505 4935 1623 4990 numu.

785 5013 813 5078 p)
830 5017 884 5074 xlc,
900 5015 1108 5078 umerum
1414 5014 1442 5076 ω
1459 5019 1514 5076 rto,
1530 5014 1640 5067 suro
