4606 6840
735 965 874 1023 CANTUS
899 967 1089 1024 vionsfflus
1114 969 1279 1036 Qurnrus.
1517 959 1587 1028 257

420 1113 483 1186 sui.
492 1103 543 1206 (¹),
567 1109 709 1185 dicens:
736 1114 774 1184 tu
796 1103 929 1202 nouitd,
945 1113 1081 1188 scilicet
1097 1113 1200 1188 istius
1221 1113 1375 1189 fictionis
1397 1123 1436 1189 et
1460 1114 1590 1191 inven-

421 1231 527 1307 tionis
552 1250 757 1327 numquam
782 1231 886 1310 iactae
911 1253 977 1329 per
1001 1233 1127 1327 alium,
1145 1237 1194 1307 nd
1216 1238 1309 1309 sonu
1332 1239 1404 1328 qni,
1425 1234 1527 1329 idest,
1554 1237 1590 1310 in

420 1354 489 1428 hac
514 1359 628 1448 parte,
653 1373 691 1426 re
715 1357 752 1427 lu
771 1375 892 1446 pennu
917 1355 1067 1446 obora,
1092 1354 1194 1449 idest,
1226 1355 1256 1430 si
1288 1357 1403 1452 stylus
1428 1357 1589 1453 oberrat,

417 1476 502 1566 fior,
527 1473 629 1568 idest,
655 1473 692 1546 in
717 1473 841 1567 aliquo
866 1473 1020 1548 modico.
1044 1475 1088 1547 Et
1113 1475 1172 1549 iric
1190 1482 1276 1550 noto
1300 1476 1400 1570 quod
1426 1477 1484 1552 hic
1509 1499 1592 1552 rna-

420 1613 515 1690 gnus
545 1597 651 1687 poeta
682 1592 771 1688 petit
795 1593 940 1668 veniam
966 1593 1013 1668 de
1036 1613 1083 1669 eo
1107 1594 1154 1669 de
1180 1615 1256 1690 quo
1281 1604 1448 1672 meretur
1471 1597 1590 1672 maxi-

421 1732 520 1787 mam
548 1713 709 1806 laudem3
737 1711 834 1787 unde
858 1713 942 1787 iacit
973 1719 1073 1788 recte
1103 1715 1198 1789 sicut
1229 1716 1345 1791 Sceva
1370 1717 1589 1791 fortissimus

341 1861 343 1866 ·
419 1833 525 1909 miles
550 1833 701 1908 Caesaris
726 1832 801 1926 qui,
828 1839 869 1906 ut
894 1831 1006 1910 refert
1030 1833 1146 1908 Julius
1171 1835 1308 1929 Celsus,
1336 1855 1422 1910 curn
1448 1835 1590 1912 fecisset

418 1954 554 2027 multas
579 1958 617 2026 et
641 1969 794 2048 magnas
810 1951 1006 2046 probitates
1023 1958 1152 2028 contra
1168 1954 1330 2050 anglicos
1349 1955 1385 2029 in
1411 1957 1502 2030 mari
1521 1977 1588 2031 an-

419 2073 525 2172 glico,
552 2070 697 2147 tandem
724 2091 896 2146 reversus
919 2070 967 2146 ad
991 2071 1174 2147 Gaesarem
1199 2073 1325 2167 petivit
1345 2074 1502 2168 veniam,
1522 2075 1585 2148 ubi

420 2191 633 2268 merebatur
656 2191 837 2287 gloriam,
863 2191 912 2267 ita
936 2191 1081 2284 Dantes,
1098 2193 1163 2286 qui
1184 2213 1282 2267 nunc
1307 2193 1445 2269 fecerat
1471 2193 1586 2268 mira·

419 2313 509 2388 biles
524 2303 560 2405 (²)
588 2312 766 2387 inauditas
791 2312 964 2406 fictiones,
990 2313 1078 2407 petit
1103 2313 1247 2389 veniam
1284 2313 1347 2387 ubi
1373 2314 1588 2391 merebatur

420 2433 586 2508 lauream
611 2452 800 2526 coronam,
826 2432 919 2506 sicut
935 2421 972 2524 (³)
998 2432 1255 2527 triumphando
1284 2433 1331 2508 de
1360 2433 1512 2508 iuribus.
1539 2473 1588 2489 -

422 2559 466 2626 nt
488 2573 658 2644 oowpna.
684 2553 750 2628 ilic
775 2563 885 2630 autor
910 2551 996 2645 quia
1010 2539 1048 2644 (⁴)
1073 2559 1301 2646 processerat
1326 2553 1413 2626 satis
1437 2553 1588 2628 contuse

421 2673 459 2748 in
483 2674 552 2751 isto
583 2679 754 2768 tractatu,
787 2671 869 2748 ideo
903 2693 951 2748 ne
985 2671 1121 2765 aliquid
1154 2678 1345 2748 remancat
1374 2673 1587 2768 obscurum,

420 2792 582 2869 declarat
605 2794 698 2870 duos
723 2814 769 2870 ex
795 2791 898 2868 dictis
929 2791 1113 2887 spiritibus
1137 2791 1347 2886 florentinis,
1374 2813 1493 2868 unum
1519 2815 1587 2868 no-

422 2913 599 3008 minatim,
616 2915 729 2990 aliurn
756 2933 823 3009 per
847 2913 1097 2988 circuitionem
1116 2913 1315 2988 verborum
1332 2906 1381 3008 (⁵),
1399 2913 1541 2989 dicens:
1568 2935 1586 2986 e

419 3037 508 3127 poci,
526 3034 662 3110 scilicet
681 3033 782 3109 iures
794 3032 965 3128 predicti,
984 3052 1055 3105 ooo
1065 3039 1170 3125 poter
1183 3035 1448 3126 pippirsi'tunto
1464 3036 1586 3126 cidini,

419 3155 506 3250 quia
530 3162 876 3250 quantumcumque
899 3152 999 3226 iures
1024 3157 1204 3227 conentur
1234 3159 1342 3227 caute
1374 3159 1412 3227 et
1441 3153 1586 3227 occulte

418 3277 559 3373 iugero,
585 3282 708 3350 tamen
734 3295 807 3349 non
831 3278 983 3368 possunt
1013 3272 1196 3347 interdurn
1229 3273 1388 3348 evadere
1412 3272 1501 3366 quin
1532 3272 1587 3344 vi-

418 3395 575 3472 deantur
599 3400 636 3470 ct
660 3400 939 3492 cognoscantur,
964 3394 1062 3466 ct’io
1086 3412 1159 3466 non
1182 3411 1362 3483 scorpesse
1385 3393 1462 3484 bor,
1482 3391 1585 3485 idest,

417 3516 682 3613 dignoscerem,
699 3518 826 3590 Puccio
842 3517 1046 3588 sunnone:
1071 3512 1139 3587 iste
1164 3533 1237 3588 non
1260 3517 1340 3588 erat
1359 3513 1454 3588 bone
1479 3518 1586 3607 aptus

416 3638 463 3712 ad
488 3635 702 3734 fugiendum
728 3632 875 3730 quando
900 3634 974 3707 ibat
1000 3652 1085 3708 curn
1111 3632 1190 3707 aliis
1206 3631 1253 3706 ad
1270 3631 1480 3727 iurandum,
1498 3631 1586 3726 quia

418 3763 499 3834 erat
522 3757 688 3849 claudus,
712 3775 872 3846 ooocpnu
896 3755 956 3828 cite
986 3756 1038 3845 pli
1067 3755 1163 3826 occdi
1193 3755 1273 3826 mro
1297 3757 1414 3846 [osso
1437 3755 1584 3846 wnjuoi,

418 3881 518 3952 tanta
542 3875 751 3952 diversitate
776 3894 916 3966 rerum,
942 3893 961 3946 e
988 3875 1010 3946 Γ
1022 3876 1141 3946 animo
1165 3879 1340 3964 compoto,
1365 3871 1468 3966 idest,
1494 3872 1586 3946 aite-

418 4004 531 4090 ratus,
556 3999 746 4088 uipuontu;
767 3995 952 4069 imovero
976 3992 1122 4067 animus
1138 3991 1278 4066 autoris
1289 3981 1326 4083 (⁶)
1347 3996 1427 4066 erat
1450 4011 1584 4087 grava·

418 4122 478 4190 tus
503 4116 641 4191 visione
665 4114 792 4190 talium
818 4133 972 4188 suorum
990 4110 1125 4187 civium
1142 4109 1318 4186 nobilium
1338 4109 1376 4183 in
1401 4110 1481 4185 loco
1508 4116 1584 4184 tarn

418 4235 554 4331 infami,
580 4242 622 4310 ut
646 4236 798 4331 ipsemet
821 4233 907 4309 dicit
935 4232 973 4305 in
1003 4230 1177 4326 principio
1203 4229 1387 4323 sequentis
1417 4229 1584 4323 capituii3

418 4366 455 4435 ct
479 4356 661 4452 specificat
686 4355 841 4430 Pucium
866 4352 1091 4448 predictum,
1116 4350 1263 4426 dicens:
1287 4357 1322 4424 ct
1343 4371 1407 4424 cru
1431 4352 1511 4442 quui
1524 4351 1585 4424 cte

416 4481 473 4553 sol
494 4499 567 4552 non
590 4499 655 4550 cra
679 4483 823 4567 mutulo,
840 4474 928 4569 quia
951 4472 1072 4550 adhuc
1087 4469 1304 4567 persistebat
1320 4467 1357 4543 in
1378 4469 1496 4545 iorma
1512 4469 1584 4544 hu·

418 4619 539 4694 mana,
565 4600 618 4672 dd
628 4605 682 4672 tre
700 4598 887 4689 compopni
905 4596 965 4668 cto
988 4613 1118 4668 vomer
1138 4593 1273 4684 primu,
1291 4589 1391 4686 quia,
1410 4596 1451 4664 ut
1469 4589 1587 4686 patuit

479 4785 507 4848 (¹)
523 4786 555 4837 Β·
570 4800 652 4838 mm·
1085 4780 1113 4844 (¹)
1129 4779 1161 4831 E.
1178 4778 1388 4831 innumerabiles.

478 4863 506 4926 Ρ)
523 4863 554 4914 E.
571 4864 615 4914 ric
1088 4857 1116 4919 (¹)
1131 4855 1158 4907 S.
1175 4857 1220 4920 qui
1237 4859 1406 4919 prodessent.

479 4939 507 5002 (¹)
524 4940 554 4992 li.
571 4937 831 5010 circumlocutionem
846 4937 995 4988 verborum.

480 5015 507 5080 (⁸)
523 5016 554 5067 E.
569 5028 585 5067 ο
602 5020 656 5077 iio,
672 5015 771 5067 autoris
787 5014 895 5066 dobehu
910 5025 966 5065 euru
981 5011 1058 5063 nimo
1073 5009 1202 5074 induntur,
1217 5012 1245 5059 st
1260 5007 1402 5071 prmum
1417 5005 1520 5056 unimur
1536 5017 1586 5056 uu·

419 5092 483 5144 torn
498 5097 556 5144 erut
571 5097 700 5158 grunius.

552 5199 583 5246 11.
1422 5189 1449 5234 17
