4566 6844
702 959 839 1015 caurus
864 961 1080 1017 rnrcssruus
1104 961 1267 1017 rannus.
1501 945 1570 1014 533

403 1106 514 1200 aliqui
552 1105 675 1180 dicunt
709 1107 780 1196 out,
812 1111 850 1180 ct
883 1105 995 1199 aliqui
1028 1107 1102 1180 ltoc.
1130 1105 1248 1200 Aliqui
1259 1099 1297 1198 (¹)
1324 1105 1435 1181 etiam
1463 1103 1573 1180 italici

403 1227 660 1322 pedemontani
685 1225 810 1300 dicunt
847 1229 892 1299 ot.
924 1226 989 1301 Vel
1009 1217 1045 1322 (¹)
1073 1225 1149 1300 dic:
1181 1227 1240 1300 det
1272 1227 1326 1299 det
1349 1247 1468 1318 paese,
1501 1225 1572 1300 sci·

402 1347 486 1421 licet
510 1346 661 1442 Tusciae,
688 1367 771 1440 quae
797 1352 852 1420 est
877 1347 1108 1421 ornatissima
1134 1345 1363 1448 parsltaliae,
1383 1336 1421 1419 td
1442 1349 1531 1420 dove
1547 1349 1574 1419 ’t

401 1459 583 1558 sianum,
608 1465 710 1560 idest,
737 1465 773 1539 in
799 1465 873 1559 qu'a
906 1466 974 1540 ista
1009 1485 1068 1542 res
1093 1467 1213 1562 inepta
1248 1473 1404 1542 resonat.
1439 1467 1483 1540 llt
1514 1465 1573 1540 hic

403 1592 500 1679 nota,
521 1587 648 1680 lector,
669 1585 767 1679 quod
791 1592 902 1659 autor
922 1585 1156 1662 considerans
1172 1591 1248 1660 tam
1270 1585 1418 1682 impiam
1436 1585 1572 1660 crude-

403 1703 553 1799 litatem,
571 1713 608 1779 et
628 1705 765 1800 videns,
784 1705 882 1799 quod
905 1707 1026 1780 nullus
1046 1707 1199 1801 parabat
1223 1727 1264 1782 εθ
1288 1707 1336 1782 ad
1362 1707 1569 1802 vindictam,

403 1825 548 1900 invocat
573 1825 793 1900 insensibilia
818 1826 1014 1901 inanimata
1048 1826 1094 1901 ad
1125 1827 1409 1902 destructionem
1435 1828 1571 1924 pisanae

404 1945 569 2039 civitatis,
595 1944 738 2020 dicens:
764 1949 923 2020 muovasi
946 1950 983 2020 ta
1006 1951 1162 2040 capram
1185 1969 1205 2020 e
1229 1950 1265 2021 tu
1294 1951 1476 2041 Geryone,
1503 1947 1572 2023 sci·

404 2065 498 2160 licet,
524 2064 571 2140 de
596 2065 684 2139 locis
710 2065 795 2139 suis.
821 2065 880 2138 lsti
906 2073 992 2140 sunt
1015 2066 1090 2141 duo
1116 2067 1254 2163 scopuli
1271 2068 1393 2165 magni
1414 2067 1451 2142 in
1477 2068 1571 2142 mari

407 2187 515 2282 longe
540 2207 562 2259 a
587 2192 695 2280 portu
723 2185 860 2280 pisano,
879 2206 1009 2261 versus
1033 2186 1249 2282 Sardiniam,
1275 2191 1456 2282 esucoion
1480 2191 1573 2282 slepe

404 2309 454 2380 ad
477 2311 578 2378 Arno
602 2308 640 2377 in
664 2325 706 2377 su
731 2308 768 2377 lo
789 2309 880 2398 soce,
906 2305 1008 2402 idest,
1034 2306 1205 2381 claudant
1229 2307 1363 2382 ostium
1390 2307 1489 2404 Arni,
1507 2309 1571 2382 ubi

404 2426 525 2501 Arnus
559 2427 672 2500 intrat
705 2424 741 2498 in
774 2447 891 2521 mare,
917 2425 966 2500 ita
996 2426 1094 2520 quod
1123 2448 1220 2521 aqua
1252 2427 1431 2504 redundet
1455 2434 1493 2504 et
1518 2429 1572 2503 el-

405 2545 591 2642 fundatur,
622 2540 652 2619 si
684 2549 735 2620 οῖ’
748 2549 816 2638 epo·
845 2550 997 2639 arrepti
1028 2551 1065 2621 in
1097 2555 1128 2622 te
1154 2552 1239 2640 opat
1268 2569 1435 2642 parsurm,
1468 2548 1570 2644 idest,

405 2685 534 2740 omnes
561 2666 762 2742 habitantes
788 2667 824 2739 in
851 2672 899 2761 te,
926 2675 967 2741 ut
992 2668 1094 2742 locus
1125 2675 1201 2742 tam
1233 2667 1411 2743 infaustus
1440 2668 1572 2744 redda-

404 2794 465 2860 tur
491 2787 753 2881 inhabitabilis3
780 2794 817 2862 et
841 2788 949 2863 dicit:
964 2790 1028 2880 poi
1043 2791 1131 2862 cd'e'
1145 2791 1258 2882 uani,
1277 2789 1371 2863 sicut
1388 2789 1571 2864 llorentini

403 2915 440 2982 et
465 2907 597 3002 lucani,
618 2907 838 3004 jamdudum
861 2908 996 2982 inimici
1013 2908 1068 2981 tui
1081 2897 1131 3002 (³),
1153 2930 1177 2981 a
1202 2913 1362 3001 sepono
1385 2930 1451 2982 son
1476 2911 1569 3000 lenti,

404 3027 496 3102 idest
516 3025 610 3122 pigri
627 3035 664 3102 et
680 3027 783 3102 tardi.
811 3027 879 3102 Sed
906 3033 1007 3102 certe
1023 3026 1091 3101 ista
1115 3027 1284 3123 vindicta,
1310 3049 1394 3122 quae
1418 3027 1568 3103 videba-

405 3154 466 3219 tur
492 3145 627 3220 tardari
652 3152 819 3241 tempore
835 3147 986 3241 autoris,
1004 3146 1149 3220 videtur
1165 3145 1260 3222 lacta
1277 3147 1405 3222 diebus
1422 3149 1564 3223 nostris.

404 3267 495 3339 Nam
528 3285 639 3361 opera
672 3266 950 3341 florentinorum
985 3266 1052 3340 ista
1087 3267 1214 3341 civitas
1246 3265 1499 3360 antiquissima
1533 3274 1571 3342 et

405 3385 491 3459 olim
518 3386 764 3480 potentissima
783 3387 876 3461 mari
897 3394 935 3460 et
953 3393 1065 3482 terra,
1081 3386 1237 3461 deducta
1255 3394 1311 3462 θεῖ
1331 3387 1377 3462 ad
1402 3385 1569 3462 infimum

404 3514 441 3582 et
465 3505 652 3581 infirmum
680 3514 828 3601 statum,
854 3507 938 3583 licet
962 3507 1022 3580 diu
1050 3515 1136 3582 ante
1159 3507 1254 3582 istud
1272 3513 1463 3602 peccatum
1481 3507 1572 3582 luis-

403 3636 458 3704 set
489 3628 603 3702 tracta
636 3628 824 3703 insolentia
855 3628 1081 3723 pisanorum,
1112 3634 1150 3702 et
1180 3627 1328 3702 libertas
1359 3629 1572 3706 conculcata

326 3789 329 3796 ·
404 3749 542 3823 viribus
562 3749 811 3844 januensium,
840 3754 879 3823 ut
904 3749 1046 3825 dicetur
1070 3748 1175 3843 alibi3
1196 3747 1303 3823 etsie
1328 3748 1456 3824 victrix
1476 3749 1572 3825 lacta

402 3874 456 3941 est
482 3868 599 3941 victa:
630 3868 681 3942 sic
706 3889 765 3942 res
797 3869 986 3942 hominum
1018 3867 1164 3944 lortuna
1191 3874 1336 3941 versat:
1362 3868 1413 3942 sic
1446 3870 1570 3944 omnia

402 3986 540 4061 iaciunt
565 4006 715 4060 cursum
742 4007 866 4080 suum,
886 3992 923 4060 et
948 3986 1049 4060 senio
1069 3993 1201 4060 cuncta
1222 3995 1465 4061 marcescunt.
1484 3989 1569 4063 llaec

402 4105 499 4182 enim
518 4104 644 4181 civitas
661 4112 741 4182 erat
758 4105 1023 4199 florentissima,
1035 4115 1235 4199 antequam
1250 4107 1433 4182 Florentia
1449 4107 1569 4183 adhuc

401 4225 550 4300 lundata
577 4231 682 4300 esset.
710 4227 753 4299 Et
777 4226 835 4300 hic
867 4233 965 4320 nota,
997 4225 1123 4318 lector,
1150 4223 1249 4318 quod
1282 4230 1392 4298 autor
1423 4226 1569 4302 videtur

403 4347 548 4444 indigne
572 4346 694 4422 lacere
720 4347 826 4421 istam
853 4345 1119 4421 invocationem
1134 4333 1185 4438 (⁸),
1203 4343 1289 4438 quia
1314 4345 1381 4418 iste
1405 4346 1570 4441 proditor

403 4467 617 4544 merebatur
642 4489 791 4542 omnem
815 4487 973 4563 poenam,
992 4473 1033 4539 ut
1049 4470 1149 4560 patet
1165 4485 1211 4539 ex
1229 4464 1349 4558 dictis,
1367 4485 1457 4562 ergo
1469 4466 1570 4561 juste
1622 4463 1625 4469 ’

401 4590 550 4684 punitus
566 4581 615 4682 (⁵).
641 4589 695 4662 nd
721 4588 819 4683 quod
845 4588 926 4663 dico
950 4585 1125 4681 breviter,
1145 4585 1243 4680 quod
1268 4591 1378 4660 autor
1402 4607 1476 4660 non
1502 4607 1570 4662 ne-

401 4715 465 4804 gat
490 4710 559 4784 hoc
583 4708 630 4784 de
654 4730 711 4804 eu,
733 4709 796 4784 sed
816 4709 863 4784 de
889 4708 968 4783 tiliis
983 4697 1033 4801 (⁶),
1060 4713 1102 4781 ut
1127 4707 1247 4781 statim
1273 4705 1357 4781 dicit
1372 4695 1568 4799 (⁷).-0lw¹.

462 4935 491 5000 (¹)
506 4936 537 4986 Β.
552 4935 662 4998 Quidam
678 4941 765 4988 anum
781 4938 870 4990 ltallct.
1081 4935 1108 4998 (¹)
1124 4937 1155 4986 Β.
1171 4936 1220 4986 Vei
1236 4936 1314 4986 dicar.

463 5011 490 5072 Ρ)
507 5011 538 5062 B.
554 5011 650 5062 inimici
666 5013 713 5074 sui,
730 5027 748 5063 u
764 5018 794 5064 tc.
1079 5010 1106 5074 (Ἴ
1121 5011 1148 5062 S.
1164 5011 1386 5062 uchmatiouem.

463 5087 491 5151 (¹)
507 5087 537 5138 E.
553 5087 668 5150 punitur.
766 5087 793 5150 (⁸)
809 5088 835 5140 S.
852 5087 911 5138 nitu
927 5087 987 5138 suls.
1078 5085 1105 5149 (Ἶ
1122 5087 1152 5138 ll.
1168 5086 1245 5138 dicct.
