4550 6844
693 882 764 948 ddi)
1085 889 1291 946 comittit
1314 891 1468 946 melem

693 1035 835 1112 virium
859 1035 1014 1110 liberato
1038 1031 1221 1129 Simeone7
1247 1042 1285 1110 et
1309 1035 1494 1130 inquisivit
1508 1029 1545 1128 (¹)
1562 1035 1609 1110 de
1629 1040 1727 1110 statu
1752 1034 1868 1128 patris

695 1174 840 1230 eorum.
865 1153 1006 1241 Quibus
1031 1153 1334 1249 respondentibus
1357 1155 1405 1229 ad
1433 1155 1588 1252 singula,
1613 1154 1750 1230 iterum
1783 1153 1869 1230 iecit

696 1273 776 1349 dari
802 1273 1030 1348 trumentum
1046 1264 1083 1364 (²)
1110 1279 1148 1348 et
1172 1274 1299 1370 reponi
1323 1275 1518 1370 pecnnim
1544 1274 1581 1348 in
1607 1275 1732 1369 saccis,
1750 1280 1788 1349 et
1812 1273 1870 1347 in-

696 1414 809 1489 super
830 1393 1009 1489 scyphum
1026 1399 1245 1489 argenteum
1271 1395 1310 1468 in
1332 1415 1439 1470 sacco
1458 1395 1579 1469 iratris
1600 1394 1752 1468 minimi.
1774 1394 1868 1468 Cum

697 1520 824 1589 autem
849 1512 900 1587 illi
925 1512 998 1587 laeti
1022 1519 1060 1588 et
1080 1512 1198 1610 ignari
1215 1515 1269 1590 rei
1286 1514 1512 1610 recederent,
1530 1515 1624 1611 capti
1641 1513 1781 1589 suntin
1798 1513 1869 1606 via,
1899 1539 1903 1547 ²

699 1641 736 1710 et
760 1640 953 1729 tamqnam
978 1633 1032 1708 rei
1058 1633 1145 1708 inrti
1178 1634 1320 1710 reducti
1335 1627 1373 1728 (³)
1403 1635 1451 1712 ad
1480 1635 1625 1730 loseph,
1656 1641 1694 1710 et
1721 1634 1871 1710 invento

699 1755 835 1852 scypho
859 1753 1070 1828 fatebantur
1093 1773 1134 1828 se
1158 1753 1287 1850 dignos
1312 1755 1500 1830 servitute.
1519 1754 1651 1850 Ioseph
1667 1759 1795 1829 autem
1814 1751 1871 1826 di-

698 1875 816 1968 cebat,
842 1874 942 1968 qnod
967 1873 1067 1947 solus
1083 1872 1272 1948 Beniamin
1292 1873 1449 1950 debebat
1461 1863 1499 1968 (⁸)
1520 1883 1717 1950 remanere
1740 1893 1872 1948 servus

700 1994 799 2086 eius;
823 1992 887 2068 sed
912 1992 1023 2067 tudes
1048 1991 1226 2068 offerebat
1251 2013 1302 2089 se,
1319 2013 1488 2070 asserens
1511 2001 1654 2090 patrem
1674 1993 1873 2069 descensu-

701 2133 787 2186 rum
820 2111 868 2186 ad
898 2111 1045 2206 inieros,
1071 2112 1138 2186 nisi
1163 2133 1258 2208 puer
1292 2119 1507 2209 expectatus
1540 2118 1794 2189 reverteretur
1826 2110 1874 2186 ad

701 2252 800 2306 enm.
826 2232 957 2327 Ioseph
983 2238 1110 2306 autem
1136 2251 1211 2306 non
1235 2232 1361 2308 valens
1385 2233 1542 2328 amplius
1568 2233 1739 2309 resistere
1763 2239 1874 2307 natu-

704 2352 772 2426 rali
796 2351 920 2447 pietati
935 2342 986 2444 (⁵),
1004 2351 1154 2426 remotis
1171 2351 1329 2447 arbitris,
1346 2353 1446 2428 solus
1466 2373 1664 2428 remanens
1689 2372 1775 2427 cum
1801 2371 1875 2425 un-

704 2470 824 2546 decim
848 2471 1033 2565 iratribus,
1050 2489 1137 2546 cnm
1155 2471 1302 2567 planctu
1328 2472 1540 2548 exclamans
1560 2493 1672 2569 super
1689 2492 1753 2547 eos
1769 2470 1874 2546 dixit:

705 2592 783 2688 Ego
808 2611 893 2665 sum
916 2590 1067 2685 tosepb3
1093 2597 1129 2664 et
1153 2592 1362 2666 consolatus
1387 2599 1443 2666 est
1472 2593 1616 2667 animos
1641 2612 1773 2668 eorum
1799 2597 1878 2666 stu·-

705 2711 870 2807 pentium
896 2709 1057 2784 novitate
1075 2709 1142 2801 rei,
1159 2715 1196 2784 et
1212 2712 1450 2786 trementium
1471 2710 1726 2787 recordatione
1744 2709 1879 2786 veteris

707 2829 866 2906 otiensae.
893 2829 938 2904 et
961 2829 1144 2904 commisit
1161 2829 1226 2923 eis,
1243 2839 1286 2907 nt
1311 2829 1532 2906 reducerent
1547 2837 1689 2927 patrem
1708 2831 1880 2926 in·AEgy·

706 2957 824 3046 ptum,
850 2949 936 3045 quia
960 2948 1080 3024 adbuc
1113 2948 1275 3025 restabat
1304 2969 1371 3045 per
1405 2950 1698 3046 quinquennium
1733 2956 1880 3043 tempus

706 3070 812 3146 tamis
824 3075 862 3146 et
878 3069 1054 3164 penuriae,
1072 3068 1190 3144 missis
1206 3069 1422 3144 muneribus
1441 3071 1538 3167 regis
1554 3069 1601 3144 ad
1618 3089 1718 3164 enm,
1736 3075 1773 3143 et
1790 3087 1880 3142 cur-

707 3189 809 3265 ribus
832 3188 878 3264 ad
904 3188 1082 3284 portanda
1100 3188 1305 3264 necessaria
1330 3188 1368 3261 in
1394 3188 1534 3264 itinere.
1553 3188 1667 3264 Jacob
1687 3187 1799 3285 igitur
1818 3205 1881 3260 re-

708 3310 828 3405 pletus
852 3308 1042 3402 multipiici
1065 3307 1201 3403 gaudio
1225 3307 1291 3383 ivit
1315 3308 1352 3381 in
1369 3307 1581 3404 AEgyptnm,
1600 3307 1660 3381 cni
1677 3306 1810 3402 tosepb
1826 3304 1883 3379 di-

708 3429 926 3504 lectissimus
952 3427 1047 3502 iilius
1071 3429 1171 3503 venit
1194 3429 1356 3521 obviam,
1380 3435 1418 3502 et
1442 3428 1546 3501 ilium
1577 3434 1769 3522 receptum
1794 3444 1881 3500 cnm

712 3557 779 3652 piis
803 3554 974 3651 iacrymis
998 3552 1169 3648 perduxit
1193 3552 1240 3627 ad
1265 3571 1404 3648 regem.
1423 3551 1476 3625 De
1496 3551 1602 3626 onius
1619 3550 1791 3625 mandato
1816 3567 1884 3643 po·

713 3676 805 3751 situs
828 3675 897 3750 init
920 3673 959 3746 in
983 3672 1120 3767 optima
1145 3671 1296 3768 regione
1320 3671 1478 3767 AEgypti‚
1505 3671 1568 3744 ubi
1594 3667 1795 3765 supervixit
1819 3665 1886 3742 de·

715 3815 798 3871 cem
835 3800 976 3890 septem
1015 3791 1131 3886 annis,
1169 3798 1207 3866 et
1241 3789 1390 3866 tandem
1419 3790 1613 3865 defunctus
1650 3795 1705 3864 est
1737 3785 1888 3883 expletis

715 3922 866 3993 centurn
901 3911 1142 4010 qnadraginta
1175 3915 1315 4007 septem
1352 3910 1472 4003 annis,
1506 3915 1544 3984 et
1578 3909 1715 3984 relatus
1749 3912 1806 3982 est
1841 3903 1888 3979 ad

715 4037 927 4132 sepulcrum
953 4053 1108 4109 suorum
1133 4031 1171 4106 in
1195 4031 1318 4106 Ebron
1345 4030 1514 4104 manibus
1538 4028 1699 4102 tiliorum
1721 4045 1888 4118 suornm,

715 4156 781 4233 ubi
806 4154 1086 4250 requiescebant
1114 4152 1256 4227 cineres
1285 4152 1387 4225 Isaac
1417 4149 1531 4245 patris
1560 4155 1598 4222 et
1628 4149 1787 4222 Abraam
1817 4144 1889 4220 ari.

715 4279 795 4374 lpse
820 4296 911 4351 vero
935 4273 1067 4368 Ioseph
1093 4278 1244 4346 centnm
1269 4268 1399 4344 decem
1424 4287 1540 4343 annos
1572 4267 1610 4340 in
1639 4265 1713 4341 vita
1739 4263 1890 4338 feliciter

717 4395 885 4493 explevit.
911 4392 966 4466 ad
991 4390 1217 4487 propositum
1243 4407 1333 4484 ergo
1365 4388 1492 4463 videre
1521 4393 1623 4481 potes
1655 4405 1703 4458 ex
1732 4379 1890 4455 narratis

717 4517 924 4606 salsitatem,
942 4531 1056 4607 quam
1073 4508 1235 4604 maligna
1254 4507 1389 4584 mulier
1406 4506 1588 4583 commisit
1604 4505 1642 4578 in
1662 4519 1836 4578 sermone
1854 4506 1892 4576 et

720 4633 842 4708 verbis
855 4628 994 4704 fictisin
1007 4627 1205 4724 perniciem
1219 4625 1439 4723 pudicissimi
1452 4624 1597 4719 Ioseph,
1611 4641 1725 4718 quem
1739 4619 1839 4695 Dens
1852 4607 1889 4710 (⁶)
2012 4711 2023 4722 ι

785 4851 812 4910 i'i
827 4849 853 4900 S·
869 4805 994 4912 quesivit.
1398 4841 1425 4904 (Ἴ
1441 4843 1472 4892 Β.
1488 4841 1527 4893 eis
1541 4841 1713 4892 trumentum.

784 4925 813 4987 (¹)
830 4928 885 4985 tto,
902 4923 1004 4974 reducti
1018 4925 1080 4974 runt
1094 4920 1126 4972 nd
1141 4919 1247 4984 Jurepb.
1398 4917 1425 4980 (⁸)
1441 4917 1467 4968 S.
1484 4917 1599 4969 deberet.

787 5001 814 5062 (¹)
830 5000 862 5052 Ε·
879 5000 989 5052 wlitti·
1398 4995 1425 5057 (⁶)
1441 4995 1472 5046 lt.
1489 4996 1653 5060 omnipotens
1669 4993 1749 5046 unns.
