4606 6840
711 968 783 1034 aba
1107 979 1310 1038 Gobtltb't'ttbt
1334 981 1485 1036 th'EttNl

709 1131 766 1200 ter
779 1119 817 1219 (¹)
845 1127 1036 1200 mutationi
1062 1128 1212 1203 alterius
1243 1127 1410 1203 membri.
1429 1167 1479 1182 —
1495 1131 1639 1202 nume.
1674 1125 1739 1202 Hic
1764 1129 1876 1201 autor

707 1245 878 1321 describit
901 1245 1127 1323 erectionem
1151 1247 1273 1343 unius,
1294 1254 1331 1322 et
1355 1267 1483 1322 casum
1508 1246 1661 1321 alterius
1680 1263 1767 1320 cum
1788 1263 1875 1318 mu·

709 1367 845 1441 tatione
870 1366 1039 1442 colorum
1064 1372 1101 1442 et
1126 1367 1284 1463 pilorum
1316 1367 1435 1442 simui.
1468 1365 1560 1441 Dicit
1589 1385 1699 1462 ergo:
1731 1366 1755 1437 t
1767 1385 1816 1437 un
1846 1365 1878 1438 ci

709 1478 797 1577 bod,
822 1484 957 1561 scilicet
985 1505 1144 1581 serpens,
1179 1487 1243 1581 qui
1273 1485 1383 1564 fiebat
1415 1488 1537 1581 bomo,
1567 1485 1655 1580 quia
1684 1483 1874 1579 proprium

710 1612 766 1680 est
788 1605 945 1680 bominis
969 1606 1024 1681 ire
1054 1611 1198 1682 rectum
1232 1606 1269 1680 in
1282 1597 1320 1698 (¹)
1353 1607 1481 1701 altum,
1508 1613 1545 1681 et
1578 1605 1646 1681 iste
1668 1604 1875 1680 dimittebat

711 1725 852 1800 turtum
876 1726 923 1802 ad
949 1733 1106 1822 tempus,
1132 1728 1274 1820 tuso,
1291 1727 1425 1803 scilicet
1445 1728 1569 1821 bomo,
1586 1725 1650 1820 qui
1670 1724 1780 1800 fiebat
1796 1744 1876 1801 ser·

710 1867 810 1942 pens,
835 1847 946 1921 cudde
968 1849 1081 1938 pinso,
1106 1847 1194 1940 quia
1217 1846 1406 1942 proprium
1435 1851 1491 1922 est
1522 1844 1699 1942 serpentis
1728 1845 1876 1919 trahere

710 1985 843 2062 corpus
868 1987 934 2062 per
959 1973 1096 2041 terram
1103 1989 1113 2060 ;
1139 1972 1177 2042 et
1200 1986 1266 2062 per
1291 1968 1361 2042 boc
1386 1964 1531 2064 figurat,
1550 1964 1651 2059 quod
1675 1966 1786 2039 bomo
1811 1963 1876 2058 qui

710 2087 855 2162 inclusit
868 2078 904 2179 (³)
927 2105 967 2162 se
983 2086 1031 2162 ad
1050 2088 1159 2164 tatem
1177 2087 1335 2183 speciem
1351 2087 1439 2162 furti
1456 2083 1767 2179 committendam,
1785 2103 1875 2159 vero

710 2205 805 2283 cadit
828 2208 876 2282 ab
899 2208 973 2283 alta
997 2213 1130 2283 natura
1155 2210 1328 2303 bumana,
1354 2215 1392 2283 et
1416 2206 1593 2304 redigitur
1608 2194 1644 2299 (⁴)
1663 2206 1700 2280 in
1724 2225 1875 2301 serpen·

709 2334 785 2402 tem
809 2327 855 2403 ad
882 2334 1021 2404 terram
1046 2348 1196 2424 pronus,
1222 2335 1354 2402 mosoc
1381 2330 1478 2402 cbe’t
1497 2330 1596 2421 nanto
1625 2330 1702 2400 octo
1726 2327 1748 2400 t
1760 2345 1831 2400 uno
1856 2347 1876 2399 c

708 2450 851 2538 tuttro,
871 2447 974 2543 idest,
992 2447 1081 2545 tegit
1105 2447 1291 2525 bominem
1309 2454 1347 2523 et
1363 2453 1582 2543 serpentem,
1600 2449 1638 2520 di
1653 2447 1751 2520 color
1767 2465 1874 2537 nono,

709 2567 796 2662 quia
820 2567 956 2643 scilicet
979 2587 1129 2663 serpens
1153 2568 1221 2643 iste
1245 2567 1309 2662 qui
1335 2573 1415 2643 erat
1439 2567 1555 2664 niger,
1580 2571 1624 2640 ut
1651 2565 1790 2642 dictum
1820 2569 1876 2640 est

710 2706 832 2782 supra,
858 2685 1031 2762 induebat
1046 2687 1209 2763 colorem
1225 2687 1382 2762 bominis
1401 2687 1548 2780 album3
1574 2692 1613 2762 et
1636 2705 1659 2762 e
1683 2705 1874 2780 converso,

710 2807 822 2883 bomo
847 2806 910 2900 qui
932 2811 1013 2882 erut
1027 2807 1133 2882 atbus
1149 2806 1323 2881 induebat
1339 2806 1501 2882 colorem
1519 2805 1697 2902 serpentis
1713 2805 1875 2904 nigrum,

709 2945 884 3018 cpcncrc
906 2927 1032 3020 itpclo
1060 2947 1142 3001 uuo
1162 2947 1230 3020 per
1254 2929 1362 3001 tnnc
1382 2933 1499 3022 porte,
1524 2927 1660 3004 scilicet
1691 2947 1739 3002 ex
1770 2931 1875 3024 parte

710 3045 898 3141 serpentis,
915 3045 979 3140 qui
996 3045 1107 3125 fiebat
1130 3047 1242 3121 bomo
1267 3051 1305 3122 st
1327 3048 1539 3124 assumebat
1553 3039 1591 3140 (⁵)
1615 3046 1729 3143 pilum
1754 3046 1876 3123 bomi-

710 3165 775 3260 nis,
814 3166 900 3260 quin
935 3166 1125 3242 desinebat
1160 3185 1241 3242 esso
1277 3187 1438 3263 serpeus,
1472 3167 1560 3260 quia
1592 3165 1759 3242 cessabat
1793 3185 1875 3242 esse

710 3285 788 3379 iur3
814 3284 895 3361 ideo
919 3284 1022 3361 dicit:
1049 3306 1069 3358 e
1100 3288 1128 3360 n
1154 3287 1271 3379 dipetu
1295 3288 1379 3361 datt’
1392 3289 1501 3379 alno,
1531 3285 1666 3363 scilicet
1698 3307 1745 3362 ex
1770 3293 1876 3382 parts

708 3403 865 3479 bominis
889 3403 954 3498 qui
980 3403 1154 3499 perdebat
1178 3405 1303 3500 pilum.
1329 3407 1373 3480 Et
1397 3407 1517 3483 subdit
1542 3407 1642 3502 quod
1666 3427 1740 3483 non
1765 3406 1875 3483 flebat

709 3522 863 3600 mutatio
887 3523 1010 3617 aliqua
1044 3543 1092 3599 er
1120 3529 1225 3619 parte
1257 3524 1463 3622 oculorum,
1492 3526 1555 3603 sed
1588 3547 1636 3602 ex
1667 3534 1772 3623 parte
1800 3527 1875 3602 oris

709 3641 902 3735 utriusque
925 3641 987 3737 ita,
1015 3642 1112 3718 unde
1134 3643 1243 3718 dicit:
1268 3664 1341 3718 non
1366 3647 1531 3720 torcmdo
1551 3639 1653 3742 perri,
1674 3648 1777 3744 idest,
1799 3668 1873 3725 nou

709 3761 886 3837 mutando
910 3763 958 3838 ob
982 3763 1064 3858 boc,
1090 3765 1121 3837 ts
1146 3765 1285 3838 buono
1307 3768 1427 3859 empto,
1447 3765 1551 3861 idest,
1568 3767 1696 3843 oculos
1716 3767 1871 3842 istorum

708 3881 917 3977 impiorum.
944 3881 1047 3958 Unde
1072 3889 1159 3960 uota
1183 3885 1282 3979 quod
1306 3896 1416 3962 autor
1445 3907 1519 3961 non
1534 3877 1572 3980 (⁰)
1591 3887 1676 3963 facit
1707 3887 1767 3964 bic
1791 3908 1875 3964 mu·

710 4003 884 4080 tationem
901 4003 1107 4100 oculorum,
1128 4005 1223 4080 sicut
1239 4012 1461 4082 caurorum
1486 4007 1755 4104 membrorum,
1775 4008 1873 4105 quia,

710 4131 801 4200 teste
826 4125 951 4221 Plinio,
977 4145 1128 4222 serpens
1152 4146 1358 4222 numquam
1384 4127 1529 4222 respicit
1557 4133 1659 4203 recte
1689 4127 1753 4204 sed
1783 4128 1876 4203 obli-

709 4265 794 4340 que,
820 4249 858 4320 et
882 4245 943 4320 fur
966 4246 1077 4322 babet
1100 4247 1147 4322 de
1172 4265 1212 4322 se
1237 4246 1363 4322 oculos
1393 4247 1560 4342 obliquos
1592 4253 1668 4322 tam
1698 4247 1875 4324 mentales

708 4383 822 4460 quam
847 4366 1067 4461 corporales,
1093 4365 1175 4442 ideo
1207 4387 1281 4442 non
1314 4367 1528 4462 expediebat
1561 4367 1660 4461 quod
1691 4367 1875 4444 conferret

708 4484 829 4560 visum
853 4484 1045 4580 obliquum
1070 4485 1146 4580 uni,
1172 4485 1278 4562 alteri
1310 4493 1466 4564 rectum.
1480 4491 1649 4561 -Sotto
1675 4487 1740 4563 Hic
1764 4495 1874 4564 autor

708 4604 824 4701 tangit
848 4605 1090 4681 mutationem
1106 4605 1211 4682 faciei
1230 4607 1434 4704 utriusque,
1454 4607 1596 4684 diceus:
1613 4615 1703 4684 sotto
1719 4613 1751 4684 tc
1767 4613 1876 4703 pontt,

707 4723 811 4818 idest,
823 4723 893 4800 surb
908 4723 1044 4818 quibus
1060 4725 1219 4802 lucernis
1235 4729 1443 4823 oculorum,
1460 4731 1614 4822 ameno,
1631 4729 1778 4825 scilicet,
1796 4736 1872 4805 tam

768 4935 1097 5000 cinnamomum.
1377 4939 1647 5003 pnnuumn.

769 5011 798 5075 (ἦ
815 5017 870 5074 iifl.
885 5013 1000 5066 inclini.
1375 5017 1402 5082 Η
1418 5021 1473 5080 iio,
1489 5019 1598 5072 reditur.

771 5087 1025 5150 nummum
1375 5094 1694 5162 nummum
