4498 6836
630 937 702 1010 ltu
1031 947 1237 1010 comburunt
1260 951 1413 1009 mssnm

629 1103 758 1190 sponm
782 1091 964 1171 subiicere
992 1112 1099 1170 suem
1129 1093 1355 1172 nobilitatem
1387 1089 1675 1190 ignobilioribus.
1710 1091 1803 1173 Nola

630 1214 742 1294 wem
781 1212 881 1308 quud
916 1211 1030 1307 aliqui
1067 1213 1214 1310 dicunt,
1252 1214 1352 1310 quud
1384 1219 1494 1290 eulor
1528 1211 1663 1291 merito
1699 1231 1805 1290 com·

630 1339 738 1430 perat
761 1352 933 1408 senenses
957 1332 1072 1430 gallis,
1097 1333 1186 1428 quia
1213 1335 1263 1410 ab
1292 1335 1345 1417 eis
1374 1333 1556 1437 originem
1581 1331 1802 1410 babuerunt

632 1453 764 1530 Scribit
788 1451 885 1534 euim
911 1451 1095 1530 lebannes
1119 1453 1292 1550 Anglicus
1308 1453 1346 1530 in
1363 1473 1432 1528 suo
1449 1451 1630 1529 Policrato
1647 1451 1741 1531 libro
1758 1452 1805 1532 vt

631 1571 732 1667 quud
748 1591 904 1652 senones
915 1564 951 1664 (¹)
965 1572 1051 1670 galli
1068 1573 1202 1652 urbem
1218 1573 1461 1653 condiderunt
1472 1571 1655 1650 Senatum
1675 1590 1724 1646 ex
1745 1590 1805 1648 se-

632 1693 796 1771 nioribus
813 1697 850 1768 et
865 1691 1100 1768 debilioribus
1119 1693 1206 1771 suis.
1230 1693 1275 1768 Et
1294 1692 1391 1786 dicit,
1410 1691 1509 1787 quud
1534 1691 1605 1768 boc
1627 1689 1751 1788 orguil
1764 1680 1801 1784 (²)

630 1813 752 1891 adbuc
781 1812 990 1908 similitudo,
1007 1813 1100 1922 quia
1111 1833 1283 1890 senenses
1300 1818 1337 1888 et
1360 1811 1588 1888 lineamentis
1613 1810 1804 1890 nembro-

630 1953 716 2010 rum
742 1939 780 2008 et
804 1932 1032 2012 formositate
1055 1932 1171 2029 nelei,
1196 1940 1235 2009 et
1262 1932 1381 2030 gratia
1406 1931 1549 2026 eoloris,
1575 1940 1614 2008 et
1636 1930 1802 2010 modbua

627 2052 724 2150 ipsis,
757 2052 928 2130 videntur
960 2053 1257 2149 appropinquare
1289 2052 1338 2130 ud
1370 2053 1498 2150 gallos,
1523 2051 1610 2128 licet
1638 2055 1801 2130 retusos

628 2173 814 2272 temporis,
847 2172 953 2270 plaga
983 2172 1092 2267 orbis,
1123 2173 1214 2248 situs
1247 2172 1418 2270 nogiomo,
1449 2171 1680 2251 conversatio
1711 2169 1801 2246 vicl-

628 2312 780 2387 norum,
818 2292 953 2388 quibus
989 2293 1168 2389 sanguine
1204 2302 1244 2371 et
1281 2291 1447 2369 moribus
1484 2289 1656 2386 permixti
1699 2294 1800 2386 suut,

628 2413 853 2490 mutaverint
883 2433 947 2488 eos
981 2431 1050 2508 pro
1085 2433 1220 2510 magna
1250 2419 1366 2508 porte.
1397 2411 1662 2489 Vemmlamen
1693 2409 1801 2504 quid·

627 2531 716 2626 quid
740 2531 883 2608 dicatur
908 2531 955 2608 de
979 2531 1194 2608 senensibus
1218 2551 1293 2606 non
1315 2530 1461 2606 videtur
1482 2550 1627 2624 verum,
1645 2529 1732 2624 quia
1748 2528 1802 2604 ci·

628 2651 721 2729 ultas
745 2651 806 2724 illa
830 2671 904 2729 nou
928 2657 984 2728 est
1008 2656 1085 2726 lum
1110 2650 1273 2745 antiqua,
1304 2670 1373 2726 nec
1401 2655 1457 2732 est
1487 2648 1676 2726 nominata
1704 2647 1802 2746 apud

628 2771 750 2846 Titum
776 2770 931 2864 Livium,
952 2770 1010 2846 vel
1034 2770 1149 2846 aliurn
1171 2770 1384 2851 historicum
1402 2769 1608 2865 antiquum,
1631 2769 1730 2865 quud
1747 2770 1802 2848 in-

627 2889 792 2966 venerim
809 2881 859 2984 (³).
877 2889 948 2966 Sed
972 2889 1096 2985 credo,
1112 2890 1212 2985 quud
1233 2897 1343 2966 autor
1361 2889 1429 2966 iate
1443 2877 1480 2982 (⁸)
1508 2889 1545 2964 in
1570 2889 1640 2965 hoc
1665 2889 1801 2968 fallitur

626 3008 697 3086 sub
720 3010 922 3104 equivoco,
948 3009 1042 3086 sicut
1071 3016 1110 3086 et
1133 3009 1171 3086 in
1200 3010 1385 3104 aliquibus
1414 3009 1504 3084 aliis.
1538 3010 1631 3086 Nam
1645 3001 1682 3101 (¹⁵)
1714 3009 1800 3106 galli

625 3149 782 3208 senones
814 3131 910 3206 bene
936 3120 1179 3207 condiderunt
1204 3131 1448 3227 Senogalliern
1481 3130 1518 3204 in
1548 3129 1655 3206 litore
1685 3128 1800 3204 maris

623 3249 779 3344 Adriani,
803 3269 889 3343 quse
914 3249 1017 3346 prius
1042 3256 1173 3328 vocata
1201 3256 1258 3328 est
1289 3250 1397 3344 Sene,
1426 3249 1521 3324 sicut
1551 3249 1651 3326 clare
1676 3248 1801 3324 scribit

624 3371 725 3449 Titus
749 3369 882 3464 Livius,
908 3370 1008 3465 quod
1033 3370 1205 3446 Claudius
1236 3371 1334 3448 Nero
1363 3370 1493 3446 consul
1525 3389 1703 3446 romanus
1734 3388 1800 3444 ve·

624 3491 728 3566 niens
752 3511 838 3565 cum
865 3490 1031 3567 exercitu
1062 3490 1099 3567 in
1129 3489 1333 3566 subsidium
1368 3489 1457 3566 livii
1488 3489 1699 3566 Salinatoris
1723 3489 1800 3563 col·

624 3613 717 3709 legas
746 3610 803 3684 sui
835 3617 962 3686 contre
996 3609 1237 3686 Asdrubelem
1267 3607 1288 3654 *
1300 3608 1467 3706 pervenit
1497 3609 1644 3702 Senam,
1668 3606 1799 3685 deinde

625 3731 710 3808 vicit
722 3719 1045 3822 Asdrubalem*(⁶)
1063 3749 1179 3825 prope
1198 3729 1354 3804 fluvium
1367 3731 1587 3822 Metaurum,
1601 3735 1644 3801 ut
1659 3726 1798 3803 dictum

625 3857 682 3928 est
706 3851 744 3932 in
768 3851 927 3946 capitulo
951 3848 1182 3945 precedenti.
1208 3848 1277 3938 Qui
1300 3851 1488 3926 Metaurus
1504 3847 1612 3922 distat
1635 3867 1658 3922 a
1683 3845 1828 3940 Senoff

624 3971 734 4069 gallia
758 3971 853 4048 lorle
876 3991 943 4066 per
967 3968 1163 4046 duodecim
1196 3968 1377 4044 milliaria.
1391 4007 1442 4024 -
1459 3969 1567 4042 unde.
1594 3966 1660 4040 llic
1689 3971 1799 4040 autor

624 4090 822 4168 introducit
845 4089 1049 4168 secundum
1075 4089 1216 4166 socium
1230 4081 1522 4164 ¹confirmantem
1549 4085 1688 4162 dictum
1706 4085 1800 4180 eius,

623 4210 770 4288 dicens:
802 4214 900 4291 unde
932 4215 1075 4301 taltro,
1107 4209 1254 4303 scilicet,
1278 4207 1494 4300 alchimius,
1529 4207 1681 4298 ummo,
1709 4205 1798 4300 quia

625 4333 783 4410 babebat
799 4332 957 4411 scabiem
976 4331 1217 4406 incrustatam
1234 4329 1282 4406 ad
1300 4328 1452 4403 modum
1470 4329 1595 4423 leprae,
1612 4329 1673 4400 cle
1689 4328 1797 4398 m’in-

623 4462 703 4546 tere,
729 4453 831 4547 idest,
856 4451 920 4546 qui
946 4451 1122 4528 intellexit
1147 4470 1208 4528 me
1233 4451 1282 4526 ita
1307 4451 1520 4544 loquentem
1544 4467 1634 4524 veru
1658 4445 1706 4522 de
1730 4465 1797 4520 ve-

623 4575 737 4650 nitote
769 4572 990 4649 senensium.
1025 4573 1095 4646 lste
1131 4571 1223 4648 alter
1245 4561 1282 4662 (⁷)
1316 4569 1463 4667 spiritus
1494 4567 1697 4644 alchimista
1729 4564 1798 4639 luit

687 4761 713 4822 ι’]
730 4759 762 4810 ll.
778 4769 932 4809 monumen
947 4757 1017 4823 galli.
1204 4757 1232 4820 (Ἴ
1250 4758 1279 4808 Ε.
1296 4757 1383 4822 arguit
1399 4758 1432 4808 od
1449 4757 1516 4807 bono
1531 4749 1735 4804 similitudinem.

687 4837 714 4898 (¹)
731 4835 762 4886 E.
778 4847 857 4899 quem
873 4835 998 4884 noverim.
1205 4834 1232 4897 ι’)
1249 4833 1280 4885 E.
1296 4833 1344 4884 lste
1360 4833 1476 4884 tollatur.

687 4915 715 4976 ς’)
731 4913 762 4964 B.
777 4911 843 4962 Nam
859 4925 1001 4976 guascones
1017 4911 1091 4964 bene.

687 4991 714 5052 (⁸)
730 4991 767 5040 La
784 4989 873 5052 parole
888 4989 929 5041 ira
946 4990 954 5039 l
969 4989 1021 5042 doe
1036 4987 1171 5042 murimbl
1189 5002 1235 5042 son
1252 4988 1365 5054 suppllla
1380 4987 1450 5054 dupli
1466 4987 1527 5043 utut
1542 4991 1584 5038 trs
1599 4981 1696 5034 Ceditl·

687 5068 714 5130 (¹)
730 5067 763 5118 E.
777 5067 830 5118 luo
845 5071 943 5122 autem.
