4580 6844
712 991 851 1049 caurus
874 991 1067 1048 vronsnrus
1090 989 1262 1046 oeravus.
1503 973 1571 1042 381
1635 1019 1640 1032 .

399 1135 571 1232 sapientis
588 1135 783 1231 mediante,
810 1138 875 1233 qui
900 1121 1033 1213 mansit
1052 1134 1198 1210 duobus
1222 1132 1327 1210 annis
1347 1130 1384 1205 in
1401 1129 1576 1206 Hierusa-
1681 1155 1683 1160 ·

400 1256 473 1330 lem
498 1255 536 1329 in
561 1255 673 1330 domo
697 1276 777 1350 sua,
796 1257 929 1351 quibus
947 1277 1020 1330 non
1037 1254 1126 1328 vidit
1140 1253 1271 1329 taciem
1294 1251 1403 1347 regis,
1422 1269 1490 1324 nec
1508 1267 1575 1324 rex

398 1373 544 1450 loeutus
563 1381 620 1450 est
635 1375 713 1450 sibi.
732 1376 803 1452 Sed
818 1376 909 1451 loah
925 1375 1137 1472 compulsus
1153 1375 1201 1450 ab
1219 1372 1412 1468 Absolutis,
1431 1376 1574 1449 tuntum

398 1493 482 1570 iecit
506 1495 606 1591 quod
632 1495 746 1570 David
771 1495 874 1570 iHum
900 1495 1163 1592 supplicantem
1181 1495 1319 1590 recepit
1340 1495 1387 1570 ad
1404 1495 1572 1569 osculum

399 1614 514 1710 pecu:
540 1621 578 1690 et
601 1615 764 1690 breviter
788 1615 947 1692 Absalou
971 1616 1136 1710 aspirans
1160 1614 1207 1689 ad
1231 1614 1435 1689 dominium
1460 1633 1574 1690 cona-

399 1735 510 1810 batur
541 1734 812 1811 adulationihus
845 1743 883 1812 et
915 1736 1103 1832 promissis
1136 1735 1332 1810 concHiare
1361 1734 1428 1808 sihi
1462 1732 1574 1809 corda

401 1853 588 1949 omnium;
621 1853 752 1930 deinde
782 1856 829 1931 de
854 1855 1000 1931 licentia
1028 1855 1140 1951 patris
1165 1855 1342 1930 simulans
1372 1874 1413 1929 se
1441 1853 1497 1930 ire
1528 1853 1575 1928 ad

402 1973 576 2050 solvenda
600 1981 686 2050 vota
717 1975 917 2051 vconcitavit
944 1995 1073 2050 omnes
1107 1975 1224 2049 tribus
1253 1974 1365 2049 lsrael
1390 1981 1518 2049 contra
1536 1967 1573 2065 (¹)

402 2104 544 2189 patrem
572 2094 708 2171 iaciens
738 2115 779 2170 se
804 2095 928 2171 vocari
955 2115 1094 2191 regem,
1123 2100 1160 2170 et
1186 2094 1297 2169 traxit
1327 2093 1374 2168 ad
1403 2113 1444 2168 se
1468 2093 1577 2168 leni-

404 2215 525 2310 tophel
550 2215 799 2291 consiliarium
826 2215 940 2290 David
956 2207 1005 2307 θ).
1032 2215 1126 2290 Cum
1152 2225 1278 2291 autem
1299 2232 1430 2286 rumor
1455 2212 1577 2286 rebel·

403 2333 507 2409 lionis
523 2334 747 2428 pervenisset
765 2334 812 2408 ad
830 2355 971 2432 regem,
988 2333 1307 2431 timensiurorem
1324 2331 1492 2426 Absalon,
1511 2353 1573 2406 re·

402 2453 511 2530 cessit
543 2452 756 2530 festinanter
792 2453 839 2530 de
871 2454 1102 2530 Hierusalem
1143 2474 1231 2529 cum
1269 2452 1449 2528 sexcentis
1489 2451 1577 2525 viris

403 2573 544 2666 electis3
571 2573 766 2650 recedebat
782 2581 908 2651 autem
926 2574 1041 2650 David
1058 2575 1095 2649 in
1113 2573 1240 2648 habitu
1259 2574 1469 2666 miserabili,
1488 2593 1577 2648 coo·

403 2697 509 2786 porto
533 2693 651 2786 capite
676 2699 713 2768 et
737 2693 844 2768 nudis
869 2694 1034 2789 pedibus,
1060 2701 1098 2769 et
1123 2700 1222 2770 totus
1241 2695 1399 2789 populus
1416 2693 1480 2789 qui
1497 2699 1579 2768 erat
1682 2687 1683 2696 '

403 2829 492 2884 eum
508 2830 554 2885 eo
571 2812 732 2906 plorans3
759 2819 797 2888 et
813 2814 966 2888 audiens
982 2814 1096 2888 David
1115 2813 1342 2907 quodetiam
1365 2813 1578 2909 AchitopHel

404 2949 480 3022 quo
504 2934 649 3005 tanturn
675 2931 810 3008 fluebat
841 2939 922 3008 erat
947 2933 984 3007 iu
1009 2933 1262 3008 coniuratione
1294 2952 1381 3006 eum
1407 2931 1578 3026 Absalon,

405 3049 549 3144 rogavit
577 3051 695 3125 Deum
723 3052 822 3147 quod
856 3053 1055 3127 inlatuaret
1083 3053 1275 3126 eonsilium
1305 3052 1395 3126 eius.
1423 3053 1468 3126 Et
1491 3071 1577 3126 cum

405 3168 518 3242 David
543 3170 759 3248 ascenderet
782 3165 1034 3246 summitatem
1063 3171 1206 3266 montis,
1224 3171 1264 3246 io
1284 3192 1359 3266 quo
1384 3181 1465 3247 erat
1489 3170 1579 3245 ado-

407 3293 557 3361 raturus
587 3289 784 3364 Dominum
810 3290 941 3386 Deum,
967 3291 1129 3365 occurrit
1154 3291 1221 3366 sibi
1254 3291 1396 3366 amicus
1430 3289 1579 3365 nomine

406 3407 527 3500 Chusi,
552 3408 613 3482 oui
638 3407 752 3484 David
777 3409 958 3504 persuasit
975 3417 1016 3484 ut
1034 3431 1106 3486 uon
1125 3417 1347 3505 sequeretur
1364 3431 1466 3504 eum,
1491 3409 1578 3504 quia

405 3533 501 3602 esset
524 3526 591 3601 sibi
616 3526 664 3601 acl
687 3548 794 3623 onus,
820 3529 884 3605 sed
899 3520 936 3622 (³)
956 3538 1210 3608 reverteretur
1227 3531 1265 3605 in
1289 3531 1519 3606 Hierusalem
1541 3534 1580 3604 et

405 3647 611 3725 adhereret
635 3649 805 3745 lusum,
830 3651 1006 3726 simulans
1039 3671 1080 3727 se
1109 3653 1327 3728 servitorem
1359 3653 1451 3746 eius,
1485 3652 1578 3726 sieut

405 3766 526 3842 inerat
550 3769 675 3864 David,
701 3777 744 3843 ut
775 3792 861 3846 cum
888 3772 950 3846 tali
975 3772 1106 3847 iraude
1135 3779 1257 3868 posset
1288 3773 1464 3868 dissipare
1489 3791 1579 3846 eon-

405 3887 527 3960 silium
551 3887 775 3984 Aehitophel,
793 3897 831 3965 et
850 3891 1010 3965 iudicare
1031 3893 1109 3987 regi
1130 3892 1305 3986 quioquid
1329 3899 1523 3988 ageretur3
1542 3897 1580 3965 et

405 4005 456 4080 sie
469 4004 605 4079 laetum
620 4013 684 4080 est.
697 4007 857 4084 Absalon
875 4009 988 4104 igitur
999 3998 1036 4102 (⁴)
1056 4010 1092 4082 in
1114 4010 1342 4084 Hierusalem
1358 4011 1472 4085 voluit
1489 4029 1580 4085 cou-

405 4124 526 4198 silium
543 4123 763 4220 lenitoplrel.
777 4126 989 4222 lohitoplrel
1002 4134 1128 4203 autem
1147 4149 1214 4204 sua
1227 4127 1351 4224 lingua
1368 4127 1475 4204 talea
1489 4148 1580 4203 cou-

406 4244 529 4338 suluit,
556 4245 655 4339 quod
671 4245 830 4320 Absalon
855 4245 1008 4322 intraret
1032 4247 1079 4321 ad
1103 4247 1326 4322 concubinas
1342 4248 1467 4344 patris,
1487 4269 1580 4342 quas

407 4363 521 4441 David
534 4365 735 4460 reliquerat
745 4367 791 4444 ad
807 4366 1010 4442 custodiam
1024 4368 1157 4442 (lomus
1168 4388 1259 4464 suae,
1273 4379 1315 4448 ut
1327 4369 1445 4445 omnis
1457 4369 1580 4461 lsrael,

407 4479 610 4580 audiensl⁶l
639 4487 737 4582 quod
763 4487 858 4562 lilius
884 4489 1104 4564 maculasset
1128 4490 1278 4565 thorum
1296 4489 1420 4585 patris,
1445 4487 1582 4564 confir·

407 4613 576 4682 meretur
599 4627 686 4682 cum
703 4607 872 4702 Absalon
894 4609 980 4703 quia
998 4614 1094 4686 esset
1111 4628 1201 4686 rere
1218 4610 1370 4685 infestus
1387 4609 1480 4706 patri
1498 4629 1578 4685 suo.

406 4723 565 4801 lusalon
589 4747 681 4824 ergo
705 4735 810 4803 tenso
843 4728 1081 4804 tabernaculo
1114 4730 1151 4804 in
1185 4730 1319 4804 solario
1342 4750 1470 4806 eoram
1497 4729 1581 4804 uni-

469 4941 497 5001 (¹)
512 4941 544 4993 li.
560 4907 651 4994 conus
668 4945 752 5008 ipsum
768 4951 871 5010 pam
886 4958 974 5004 mum,
992 4943 1097 4996 lmus.

448 5059 450 5064 ,
469 5013 499 5078 (·)
513 5017 546 5068 u.
562 5017 632 5082 ngr·
647 5008 738 5070 unito.
1116 5019 1143 5082 (¹)
1161 5025 1216 5080 ue,
1231 5020 1302 5085 quot
1318 5026 1505 5072 morentur.

469 5090 497 5154 (⁸)
513 5093 547 5156 lt,
561 5092 640 5158 igitur
655 5095 786 5160 lucrm
801 5095 975 5147 Hierusalem.
1115 5093 1143 5160 (⁸)
1160 5096 1190 5147 H.
1206 5097 1295 5150 audito
1310 5095 1390 5162 quod.
