4606 6840
759 989 899 1046 cunnus
924 989 1115 1046 vmnsruus
1139 989 1283 1047 suxrus.
1525 975 1595 1044 269

425 1133 581 1210 lassatus
606 1135 733 1210 labore
757 1134 901 1230 diurno,
929 1138 1012 1208 vade
1036 1131 1096 1227 piri
1115 1133 1505 1229 perrumpentem,
1531 1155 1597 1229 per

425 1276 642 1351 camporum
667 1256 852 1352 planitiem
871 1255 964 1330 inira
987 1275 1038 1350 se
1061 1261 1161 1350 surse
1180 1245 1258 1330 sold
1274 1259 1362 1330 dove
1382 1257 1598 1330 vendemmia

424 1397 551 1468 earu,
575 1375 678 1471 idest,
705 1376 741 1450 in
768 1375 874 1450 vinea
906 1382 943 1450 et
975 1383 1074 1452 terra
1108 1397 1220 1470 quam
1254 1376 1349 1471 colit,
1382 1378 1442 1449 nel
1472 1383 1598 1468 tempe,

423 1496 568 1591 scilicet,
595 1496 739 1592 estatis,
764 1498 825 1569 cae
853 1499 945 1570 eolus·
974 1499 1033 1570 cae
1063 1499 1207 1570 semare
1230 1500 1258 1570 it
1281 1499 1424 1589 monade,
1450 1495 1597 1589 scilieet,

424 1616 490 1711 sul,
516 1615 579 1711 qui
605 1615 786 1692 illuminat
810 1614 1004 1710 mundum,
1030 1619 1098 1690 tien
1122 1637 1223 1690 metm
1240 1637 1366 1690 ascesa
1391 1619 1558 1711 teserem
1575 1635 1600 1687 a

424 1739 496 1828 noi,
521 1735 625 1830 quasi
650 1735 748 1812 dieat
771 1735 818 1811 de
844 1754 970 1811 mense
986 1735 1092 1831 junii,
1113 1736 1259 1830 quando
1285 1737 1339 1810 sol
1364 1743 1420 1810 est
1445 1736 1481 1810 in
1506 1755 1598 1810 can-

424 1877 500 1952 cro,
526 1855 612 1951 quia
638 1861 725 1931 tuuc
750 1863 837 1931 sunt
861 1855 1045 1953 longiores
1070 1855 1159 1950 dies,
1180 1863 1218 1931 et
1242 1855 1378 1931 diutius
1403 1856 1456 1930 sol
1482 1874 1596 1950 appa·

425 1984 483 2052 ret
507 1996 618 2072 supra
644 1983 783 2052 terram
808 1976 846 2051 in
871 1983 998 2052 nostru
1022 1976 1251 2071 hemisperiu.
1270 1977 1314 2051 ut
1330 1976 1445 2074 tangit
1462 1977 1593 2051 horam

427 2098 601 2193 temporis
627 2119 702 2192 qua
727 2097 885 2172 rusticus
910 2097 1009 2173 ridet
1034 2097 1115 2192 hoe,
1132 2096 1275 2172 dicens:
1295 2118 1391 2171 come
1416 2100 1453 2171 le
1477 2117 1598 2170 mesca

426 2223 507 2294 cede
531 2241 555 2293 α
580 2222 618 2293 ta
641 2239 814 2311 zeraam,
840 2219 943 2314 quasi
968 2218 1083 2294 dieat:
1110 2217 1157 2293 de
1182 2237 1277 2313 sero,
1295 2217 1441 2312 quando
1460 2235 1599 2292 muscae

428 2341 606 2416 recedunt
629 2347 668 2415 et
691 2340 827 2416 culices
860 2339 1050 2433 accedunt,
1082 2348 1124 2412 ut
1153 2339 1205 2415 sic
1237 2359 1384 2434 semper
1415 2341 1527 2414 homo
1553 2337 1599 2412 sit

429 2462 653 2555 stimulatus3
680 2481 818 2535 muscae
844 2460 942 2535 enim
960 2459 1007 2535 de
1031 2467 1164 2534 natura
1182 2461 1238 2534 sui
1253 2453 1290 2553 (¹)
1308 2481 1382 2534 non
1402 2460 1526 2534 volant
1550 2457 1597 2533 de

401 2587 549 2676 nocte,
576 2588 613 2658 et
638 2581 721 2656 hinc
747 2587 801 2656 est
835 2579 934 2674 qued
966 2579 1149 2654 exercitus
1185 2586 1328 2655 mutant
1354 2599 1527 2674 eampum
1552 2578 1600 2652 de

430 2708 539 2777 nocte
563 2723 611 2777 ne
636 2721 775 2778 museae
800 2709 1004 2796 sequantur
1029 2720 1102 2777 eos.
1130 2703 1253 2776 Musca
1276 2701 1374 2776 enim
1392 2701 1528 2777 vermis
1546 2706 1601 2775 est

431 2830 540 2898 notus
565 2822 736 2898 omnibus
761 2842 849 2896 cum
874 2821 1019 2896 duabus
1038 2821 1104 2897 ulis
1121 2830 1158 2898 et
1177 2832 1261 2899 octo
1280 2822 1444 2918 pedibus,
1463 2839 1547 2916 quae
1560 2813 1599 2914 (²)

429 2943 591 3018 nascitur
615 2943 662 3019 de
686 2942 879 3038 putredine
904 2941 980 3017 timi
1006 2949 1044 3018 et
1066 2942 1279 3016 animalium
1295 2933 1345 3038 (³),
1367 2941 1449 3017 ideo
1465 2943 1503 3015 in
1519 2941 1600 3016 ani-

429 3062 586 3137 malibus
620 3062 883 3159 multiplicatur
897 3051 935 3154 (ἢ
965 3070 1004 3137 et
1034 3063 1229 3136 humorem
1246 3053 1283 3155 (⁵)
1315 3062 1422 3159 sugit.
1457 3062 1599 3137 Culices

428 3203 519 3258 vero
536 3184 699 3258 maxime
716 3193 917 3260 nascuntur
931 3203 976 3257 en
995 3183 1163 3277 humore,
1178 3190 1215 3258 et
1226 3183 1333 3278 juxta
1347 3203 1462 3278 aquas
1479 3183 1599 3257 abuu-

429 3303 517 3378 dant
542 3314 580 3380 et
604 3309 813 3397 sequuntur
838 3302 1000 3378 maxime
1029 3302 1175 3398 spiritus
1206 3302 1376 3390 humidos
1410 3304 1596 3377 exalantes

430 3444 477 3499 en
502 3423 733 3517 animalibus,
758 3429 796 3498 et
825 3422 1010 3518 praecipue
1041 3423 1088 3497 ab
1120 3423 1340 3516 hominibus,
1376 3429 1412 3497 et
1441 3422 1522 3498 ideo
1554 3423 1600 3497 de

430 3563 514 3620 sero
539 3544 663 3621 volant
687 3564 799 3639 super
824 3543 943 3640 capita
968 3543 1159 3618 hominum
1194 3543 1231 3618 in
1260 3543 1348 3618 locis
1382 3543 1538 3618 humidis
1564 3543 1600 3618 in

429 3672 554 3741 astate
577 3665 625 3742 de
648 3686 744 3740 sero.
771 3665 816 3739 Et
840 3665 898 3740 hic
931 3672 1017 3740 nota
1048 3645 1228 3759 quantum
1264 3667 1342 3740 lraeu
1376 3664 1602 3760 comparatio

429 3787 558 3881 pulcra
582 3797 620 3865 et
648 3786 794 3882 propria
829 3786 936 3862 saciat
967 3785 1012 3861 ad
1045 3785 1292 3881 propositum:
1324 3807 1410 3860 nam
1440 3786 1601 3883 agricola

432 3907 494 4000 qui
520 3907 606 3982 colit
638 3917 777 3984 terram
809 3905 994 3999 extirpans
1026 3907 1141 3980 malas
1174 3906 1308 3981 herbas
1333 3913 1370 3981 et
1395 3906 1526 4001 spinas,
1560 3913 1601 3980 ut

433 4025 516 4101 inde
541 4026 685 4122 colligat
711 4027 849 4100 bunum
876 4026 1049 4119 fructum,
1076 4026 1170 4100 bene
1187 4025 1323 4122 figurat
1348 4027 1466 4121 ipsum
1492 4032 1601 4100 autu-

434 4166 526 4241 rem‚
552 4146 614 4242 qui
640 4146 725 4222 colit
748 4146 909 4221 animam
935 4147 1137 4220 humanam
1159 4145 1344 4241 extirpans
1370 4145 1455 4221 vitia
1481 4153 1518 4221 et
1544 4145 1601 4220 in-

433 4287 559 4344 serens
584 4267 750 4361 virtutes,
776 4287 822 4341 er
849 4265 982 4360 quibus
998 4267 1144 4363 colligat
1169 4266 1331 4342 lructum
1348 4265 1534 4343 felicitatis.
1557 4267 1600 4341 Et

433 4386 526 4463 sicut
553 4386 722 4482 rusticus,
748 4387 794 4462 de
820 4385 1095 4482 proloquitur,
1121 4385 1292 4483 fatigatus
1317 4386 1443 4461 labore
1468 4386 1601 4461 diurno

433 4515 505 4585 stat
528 4508 719 4583 adhaerens
744 4507 871 4602 monti,
895 4507 945 4582 ita
970 4514 1080 4582 autor
1100 4508 1217 4582 lessus
1236 4507 1346 4606 longo
1364 4508 1491 4583 labore
1507 4527 1604 4603 prae-
1717 4559 1721 4565 .

433 4629 593 4706 cedentis
618 4627 795 4721 materia,
814 4633 854 4700 ut
870 4628 950 4724 jam
968 4627 1123 4728 ostendit
1139 4628 1176 4702 in
1194 4627 1352 4724 capitulo
1373 4626 1604 4724 precedenti,

434 4750 552 4826 stabat
575 4749 789 4845 appodiatus
815 4749 931 4844 ponti:
949 4755 987 4825 et
1003 4749 1098 4823 sicut
1121 4749 1280 4823 rusticus
1305 4748 1403 4824 videt
1427 4769 1602 4846 magnam

493 5045 522 5110 (¹)
537 5045 563 5098 S.
579 5059 637 5098 sna.
736 5043 765 5109 (¹)
782 5050 860 5098 tlte
876 5047 907 5098 u.
923 5048 969 5111 qul
985 5047 1109 5097 meeltur.
1209 5045 1277 5108 ms.
1296 5045 1408 5098 allorum
1425 5047 1586 5099 animalium.

494 5123 522 5186 (¹)
539 5123 570 5176 Ε.
587 5122 794 5186 multiplicantur
809 5129 837 5176 et
853 5124 992 5176 humorem
1008 5125 1125 5189 gignunt.
1207 5123 1235 5185 ι’)
1253 5127 1307 5186 tlt,
1324 5125 1451 5176 humores
1467 5125 1543 5190 sugit.
