4526 6836
732 933 779 1004 38
1071 989 1074 994 ,
1123 941 1327 1000 munorum
1351 943 1502 998 mrmru

732 1091 770 1165 di
784 1109 835 1182 se,
854 1087 990 1164 scilieet
1006 1087 1088 1182 quis
1108 1093 1174 1182 est,
1191 1110 1211 1161 e
1226 1089 1270 1162 da
1289 1090 1368 1164 suoi
1382 1089 1476 1178 torti,
1498 1085 1591 1162 idest
1605 1084 1653 1162 de
1672 1085 1748 1162 suis
1767 1107 1898 1184 peeca-

733 1209 788 1304 tis,
804 1230 842 1284 re
866 1215 902 1284 tu
927 1209 1008 1282 ouoi
1030 1209 1129 1284 ob’r'o
1154 1210 1180 1282 ti
1197 1210 1297 1300 porti
1319 1197 1357 1282 td
1379 1202 1452 1299 pot,
1473 1205 1609 1283 scilieet
1627 1225 1675 1281 en
1699 1207 1768 1284 isto
1786 1215 1898 1303 ponte

728 1330 802 1406 alto
832 1328 879 1404 ad
909 1329 1008 1406 illam
1039 1327 1172 1404 vallem
1202 1328 1361 1422 bassam,
1387 1347 1456 1420 per
1485 1328 1603 1420 puello
1630 1329 1714 1418 rapo
1745 1329 1806 1400 ele
1836 1324 1934 1422 piri.

727 1453 839 1542 piore,
864 1449 957 1524 idest
979 1469 1045 1545 per
1070 1469 1185 1543 quam
1209 1453 1266 1524 est
1290 1446 1420 1524 melior
1442 1445 1512 1542 via,
1528 1446 1616 1540 quia
1636 1446 1772 1524 seilicet
1796 1454 1898 1526 oosta

729 1593 802 1647 non
827 1577 882 1646 est
906 1570 956 1644 ita
982 1589 1115 1664 repens
1142 1569 1202 1646 vel
1231 1568 1357 1666 rigide
1383 1569 1427 1643 lit
1451 1571 1560 1644 antor
1584 1568 1780 1644 oommittit
1794 1560 1832 1661 (¹)
1857 1590 1897 1646 se

729 1690 907 1768 voluntati
931 1689 1081 1786 Virgilii,
1105 1688 1251 1766 dioens:
1277 1695 1310 1764 et
1332 1691 1380 1781 io,
1407 1689 1534 1783 supple
1558 1687 1655 1762 dixi:
1682 1694 1778 1764 terito
1803 1683 1899 1764 rn'do

729 1813 831 1903 betto,
863 1810 956 1886 idest
991 1816 1134 1886 tantum
1173 1809 1317 1886 tidelm
1349 1808 1439 1884 mibi
1468 1808 1640 1904 pulcrum
1672 1815 1711 1884 et
1746 1808 1899 1905 bonum,

729 1937 859 2025 promo
888 1951 914 2006 u
942 1935 973 2004 te
1000 1933 1121 2023 piure5
1144 1935 1183 2006 et
1212 1949 1300 2006 eose
1330 1947 1461 2022 quare,
1485 1927 1584 2022 quia,
1610 1934 1646 2002 tu
1676 1930 1726 2002 sie
1754 1931 1899 2023 Siprrur,

729 2050 811 2128 ideo
830 2049 942 2125 debes
958 2049 1168 2145 praeeipere
1186 2068 1261 2125 non
1279 2053 1406 2143 petere
1430 2046 1460 2122 si
1486 2047 1582 2141 volo,
1599 2049 1689 2120 esui
1708 2049 1760 2122 olt'
1772 2051 1808 2122 io
1824 2069 1897 2124 ooo

730 2172 778 2244 nti
798 2175 906 2262 parto
930 2169 994 2242 dul
1016 2173 1074 2244 tuo
1099 2171 1208 2261 vocer,
1232 2167 1320 2263 quia
1344 2167 1513 2244 voluntas
1537 2187 1623 2244 mea
1645 2166 1826 2262 dependet
1850 2189 1897 2246 ex

729 2297 806 2386 tua,
831 2289 917 2383 imo,
943 2288 1041 2382 quod
1066 2289 1149 2385 plus
1172 2295 1239 2384 est,
1258 2291 1349 2364 erut
1372 2291 1451 2382 puel
1465 2289 1526 2364 obe
1540 2290 1572 2362 u·
1588 2295 1675 2378 ture,
1695 2287 1788 2366 idest
1804 2288 1897 2364 nosti

729 2409 840 2486 etiam
863 2407 1102 2486 intentionem
1127 2428 1252 2486 meam
1276 2427 1338 2484 me
1362 2414 1519 2486 tacente.
1545 2407 1589 2482 Et
1613 2407 1665 2484 sio
1690 2407 1773 2486 vide
1797 2407 1896 2502 quod

730 2527 901 2624 Virgilius
916 2517 954 2620 (¹)
980 2547 1054 2603 non
1078 2527 1272 2626 respondet
1296 2527 1373 2622 sibi,
1399 2527 1467 2604 iste
1491 2533 1546 2606 est
1572 2527 1670 2622 tatis3
1695 2527 1759 2604 sed
1788 2527 1896 2608 offert

730 2652 878 2744 portare
894 2646 1014 2742 ipsum
1038 2646 1087 2724 ad
1110 2645 1266 2722 iundum
1286 2646 1399 2741 valiis,
1416 2645 1504 2741 quia
1522 2647 1579 2722 isti
1594 2646 1783 2724 simoniani
1799 2653 1896 2722 stant

730 2766 859 2844 inclusi
884 2772 923 2842 et
945 2765 1146 2844 absconditi
1169 2766 1239 2842 sub
1263 2771 1375 2861 terra,
1401 2766 1451 2844 ita
1474 2766 1574 2861 quod
1598 2773 1706 2842 autor
1731 2786 1806 2842 non
1830 2785 1896 2862 po-

730 2894 825 2964 terat
849 2886 974 2964 videre
997 2886 1078 2962 illos
1102 2885 1148 2962 de
1172 2891 1294 2982 ponte,
1319 2885 1413 2964 sieut
1434 2885 1576 2962 viderat
1599 2886 1689 2962 alios
1714 2884 1761 2960 de
1784 2907 1895 2981 supe-

729 3007 886 3084 rioribus
911 3005 1054 3103 bulgis,
1071 3025 1139 3082 nec
1163 3012 1308 3100 poterat
1332 3005 1433 3100 loqui
1457 3005 1506 3080 illi
1519 2995 1571 3100 (³),
1588 3025 1657 3084 nec
1681 3006 1892 3102 loquentem

728 3127 874 3222 audire3
900 3124 981 3204 ideo
1005 3125 1036 3202 si
1061 3127 1206 3204 volebat
1221 3125 1269 3204 de
1288 3145 1334 3202 eo
1354 3125 1459 3220 suite,
1476 3125 1668 3220 oportebat
1687 3126 1894 3204 necessario

727 3247 827 3342 qnod
853 3245 1020 3342 Virgilius
1046 3250 1209 3340 portaret
1233 3265 1320 3321 eum
1342 3265 1456 3341 prope
1473 3244 1590 3340 illum,
1606 3245 1694 3339 quia
1710 3245 1787 3342 ipse
1806 3267 1893 3322 cum

728 3385 884 3461 oorpore
908 3385 981 3440 non
1006 3370 1149 3459 poterat
1172 3365 1229 3442 ire
1253 3385 1318 3460 per
1336 3364 1453 3462 ripam
1473 3365 1641 3443 arduam.
1659 3367 1704 3442 Et
1723 3366 1892 3444 describit

727 3485 881 3566 modum
897 3503 976 3560 suae
991 3484 1316 3578 transportationis,
1334 3483 1473 3562 dicens:
1491 3489 1572 3560 utor
1588 3489 1723 3562 verim
1741 3507 1783 3562 su
1800 3490 1895 3562 tur-

725 3607 806 3698 pino
834 3611 974 3698 quarm,
1003 3602 1140 3680 scilicet
1166 3603 1213 3679 ad
1247 3602 1358 3680 finem
1390 3604 1509 3702 pontis
1537 3605 1673 3702 bulgiae
1705 3607 1824 3682 tertie
1856 3607 1893 3682 in

728 3745 803 3820 quo
831 3730 947 3818 erant,
977 3723 1040 3817 qni
1072 3723 1290 3800 terminatur
1304 3712 1342 3817 (⁸)
1362 3725 1410 3802 ad
1434 3745 1611 3822 aggonem
1637 3733 1825 3823 quartum,
1856 3735 1894 3806 et

726 3841 994 3922 descenderunt
1017 3861 1083 3938 per
1109 3842 1227 3938 ripam
1253 3840 1466 3922 interiorem
1486 3845 1647 3922 interius.
1670 3847 1772 3924 Unde
1787 3848 1891 3926 dicit:

727 3967 919 4056 uotpernmo
942 3983 962 4038 e
985 3964 1237 4040 &mommo
1269 3983 1296 4038 a
1322 3983 1429 4038 noerio
1457 3971 1593 4057 sturton,
1618 3966 1711 4042 idest
1733 3967 1781 4044 ud
1805 3967 1893 4044 sini-

726 4091 854 4179 stram,
878 4073 916 4160 ld
938 4078 999 4176 pid
1021 4086 1080 4158 ner
1102 4087 1213 4179 fondo
1239 4087 1457 4182 [mereboto
1485 4093 1519 4160 el
1545 4093 1641 4178 orto,
1665 4086 1757 4164 idest
1785 4089 1892 4183 pleno

725 4203 965 4282 foraminibus
989 4204 1109 4299 aretis,
1135 4210 1177 4278 ut
1196 4205 1276 4300 jam
1301 4204 1438 4282 dietum
1469 4212 1536 4282 est
1562 4206 1607 4280 nt
1635 4206 1757 4282 subdit
1782 4215 1892 4284 autor

726 4326 824 4420 quod
849 4325 1020 4421 Virgilius
1045 4344 1235 4418 nunquam
1266 4325 1386 4420 posuit
1419 4345 1508 4402 eum
1536 4327 1583 4402 ad
1612 4333 1752 4403 terram
1777 4328 1893 4412 donee

723 4449 973 4539 pervenerunt
996 4441 1043 4516 ad
1067 4441 1182 4518 illum.
1209 4442 1311 4520 Unde
1335 4442 1443 4522 dicit:
1470 4450 1521 4520 Lo
1545 4447 1614 4522 don
1638 4452 1891 4523 Kersounon

725 4566 773 4638 mi
796 4565 917 4655 diporr
940 4581 1052 4636 mucor
1077 4564 1121 4636 da
1144 4565 1182 4638 lu
1204 4583 1270 4640 rara
1294 4583 1408 4656 auru„
1417 4564 1509 4643 idest
1527 4566 1576 4644 do
1591 4587 1661 4644 suo
1679 4568 1837 4644 numero
1854 4569 1892 4644 in

799 4817 806 4846 ‚
990 4821 996 4834 .

786 4821 817 4958 ((Ἲ)
832 4817 1146 4964 tliffivwvirgssim
1160 4903 1200 4950 est
1215 4899 1281 4952 mtto
1298 4879 1399 4963 oratu}
1415 4905 1442 4952 st
1457 4899 1501 4952 blo
1516 4905 1577 4954 nota
1592 4899 1664 4966 qnod
1677 4903 1755 4952 antor
1771 4897 1815 4952 bie
1829 4899 1892 4952 troil

724 4973 1685 5042 nesunriobtrmflrtiomrciiioolqnodi'irgiliurnonrupondet.

786 5045 815 5114 t'i
830 5047 861 5100 E
877 5047 937 5100 ΠΗ*
1396 5051 1426 5120 dt
1440 5051 1466 5106 S·
1482 5067 1498 5108 ο
1514 5053 1545 5108 R
1562 5053 1744 5108 ominatur.
