4580 6844
730 960 802 1032 338
1128 973 1334 1032 commuta
1357 977 1510 1032 nuruum

729 1117 785 1210 lis,
810 1117 972 1212 pulveris
995 1123 1034 1194 et
1057 1118 1157 1194 ronti
1182 1119 1354 1198 turbante
1378 1121 1505 1198 oeulos
1529 1127 1568 1196 et
1592 1119 1703 1196 tanim
1728 1140 1903 1200 romano·

730 1257 827 1314 rum.
854 1237 955 1314 Siout
979 1237 1078 1314 enim
1103 1237 1152 1314 ad
1175 1239 1346 1315 Trebiam
1371 1239 1487 1338 frigus
1510 1240 1677 1316 militavit
1694 1237 1823 1318 oontr'a
1841 1261 1904 1317 ro·

729 1378 859 1433 manos
884 1377 952 1453 pro
977 1357 1152 1452 hostibus,
1178 1364 1217 1432 et
1240 1359 1339 1455 apud
1369 1359 1651 1436 Transimenum
1678 1360 1826 1455 nebula,
1852 1361 1905 1436 sio

729 1478 777 1554 ad
801 1479 944 1554 Cannas
968 1476 1074 1572 quasi
1099 1477 1224 1554 omnia
1248 1478 1442 1556 elementa.
1468 1479 1604 1556 Consul
1635 1481 1773 1556 Paulus
1796 1480 1905 1556 inno·

729 1619 816 1676 cens
840 1598 1056 1674 vulneratus
1080 1617 1166 1672 cum
1192 1605 1313 1694 poaeet
1336 1599 1508 1696 evadere,
1533 1601 1654 1696 pob'us
1686 1600 1804 1676 voluit
1835 1601 1905 1676 bo·

730 1725 834 1795 nesle
848 1709 884 1811 (⁴)
912 1717 1018 1792 mori.
1045 1717 1163 1793 Varro
1187 1739 1300 1794 eausa
1325 1719 1437 1795 totius
1463 1720 1550 1796 mab
1575 1720 1733 1817 turpiter
1757 1720 1903 1817 lugiens

729 1859 816 1914 eum
842 1837 1107 1936 quinquaginta
1136 1839 1321 1933 equitibus
1350 1839 1547 1916 Venusiam
1572 1841 1756 1936 pervenit:
1782 1839 1903 1936 perie-

730 1965 817 2034 runt
841 1958 880 2032 in
904 1977 950 2033 eo
974 1957 1104 2054 proelio
1129 1958 1340 2056 octuaginta
1364 1967 1566 2055 senatores,
1586 1960 1661 2035 duo
1684 1967 1901 2055 quaestorev,

664 2173 667 2179 r
729 2077 866 2154 tribuni
892 2077 1049 2153 militum
1075 2077 1200 2176 viginti
1227 2099 1337 2174 unus,
1362 2087 1400 2156 et
1423 2081 1564 2176 aliquot
1583 2081 1652 2156 viri
1673 2081 1902 2175 consulares,

728 2197 899 2294 pretorii,
910 2196 1049 2272 editicii
1055 2221 1067 2292 3
1084 2197 1224 2292 perdita
1239 2205 1327 2273 sunt
1342 2199 1584 2297 quadraginta
1597 2199 1710 2276 miliia
1723 2199 1900 2296 peditum,

729 2316 896 2411 equitum
922 2316 997 2391 duo
1017 2316 1129 2392 miHia
1145 2316 1371 2414 septingenti.
1392 2317 1513 2414 Aliqui
1533 2324 1658 2394 tamen
1675 2318 1902 2414 scripserunt

728 2436 827 2531 quod
853 2457 984 2511 omnes
1007 2437 1064 2510 isti
1089 2437 1226 2532 pedites
1241 2428 1278 2530 (¹)
1305 2444 1344 2512 et
1368 2438 1510 2534 equites
1527 2439 1677 2514 luerunt
1697 2437 1899 2535 legionarii,

729 2565 768 2632 et
791 2555 889 2650 quod
916 2554 1068 2630 luerunt
1090 2555 1240 2631 totidem
1259 2577 1418 2633 numero
1433 2579 1480 2634 ex
1497 2558 1638 2634 civibus
1657 2565 1695 2635 et
1714 2557 1821 2634 sociis
1837 2575 1901 2633 ro·

730 2675 858 2751 manis
885 2676 966 2772 lpse
989 2675 1147 2750 erudeHs
1172 2677 1350 2752 Hannibal
1371 2697 1416 2753 ex
1435 2677 1677 2754 cadaveribus
1693 2678 1900 2754 occisorum

729 2795 814 2872 iecit
838 2795 918 2871 fieri
943 2801 1091 2891 pontem
1117 2795 1153 2869 in
1179 2796 1332 2872 flumine
1355 2798 1524 2893 proximo
1554 2818 1620 2894 per
1649 2819 1763 2894 quem
1788 2817 1900 2873 suum

729 2915 893 2991 traduxit
904 2905 942 3008 (³)
968 2914 1186 2991 exercitum.
1212 2916 1257 2990 Et
1281 2923 1383 2991 certe
1407 2916 1469 2991 illo
1491 2916 1550 2992 dio
1568 2937 1765 2992 romanum
1783 2917 1902 3012 impe·

730 3035 828 3109 rium
853 3033 979 3110 luisset
1003 3033 1041 3108 in
1066 3055 1214 3110 summo
1239 3035 1457 3131 discrimino,
1475 3035 1505 3111 si
1522 3035 1698 3111 Hannibal
1724 3035 1902 3111 voluisset

730 3155 784 3229 uti
808 3154 958 3230 consilio
978 3154 1205 3250 Maharbalis,
1231 3155 1296 3249 qui
1321 3175 1418 3230 unus
1442 3155 1716 3231 ardentissimus
1740 3173 1899 3229 suorum

728 3275 878 3368 dueum,
896 3294 983 3349 eum
1009 3273 1188 3349 Hannibal
1213 3294 1299 3349 cum
1325 3275 1401 3350 suis
1423 3275 1646 3372 gloriaretur
1670 3275 1717 3352 de
1743 3281 1820 3349 mm
1846 3273 1901 3348 ie-

729 3395 786 3470 lioi
812 3393 964 3470 victoria
989 3395 1180 3469 clamavit:
1207 3395 1401 3488 Hannibal,
1421 3397 1477 3468 die
1501 3396 1619 3488 quinto
1643 3394 1839 3486 memberis
1862 3395 1900 3466 ia

732 3515 947 3606 θαηιρίιοῑίο.
973 3511 1070 3588 Vere
1093 3512 1192 3587 enim
1229 3513 1259 3587 si
1288 3513 1467 3589 Hannibal
1496 3513 1591 3589 sicut
1619 3519 1700 3589 erat
1732 3503 1900 3588 armabas

729 3639 768 3708 et
792 3641 970 3708 eruentus
993 3629 1205 3706 aocessissel
1228 3632 1398 3727 Romam,
1424 3632 1483 3708 vol
1508 3632 1628 3728 ipsum
1655 3631 1899 3728 praemisisset,

729 3758 874 3848 poterat
901 3750 996 3826 torte
1024 3751 1181 3826 Romam
1211 3771 1357 3847 capere.
1388 3751 1471 3846 Sed,
1504 3751 1705 3829 Hannibale
1737 3752 1901 3848 interpo-

730 3879 841 3948 nente
862 3890 1019 3966 moram,
1040 3871 1212 3947 clamavit
1231 3872 1367 3947 iterum
1384 3871 1581 3966 liaberbal,
1595 3871 1826 3969 indignanter
1841 3859 1899 3964 (ἦε

729 4013 801 4067 nort
822 3995 943 4066 omorio
966 3993 1017 4066 dli
1040 3991 1100 4066 b'bi
1122 3993 1314 4086 dedontal5
1331 3994 1564 4085 anomaeos,
1581 3993 1775 4083 Hormt'bal,
1793 3994 1900 4066 noto

728 4118 788 4189 n'o
811 4118 862 4189 uti
881 4116 1001 4190 nosco.
1022 4113 1109 4188 Post
1131 4114 1209 4188 hmo
1225 4111 1405 4188 Hannibal
1421 4111 1518 4187 misit
1534 4113 1727 4210 Magonem
1744 4112 1900 4188 fratrom

729 4255 840 4311 suum
853 4233 1129 4330 Cartbaginem3
1147 4231 1210 4326 qui
1227 4231 1407 4307 oxtoHens
1422 4229 1459 4305 in
1473 4237 1601 4307 senatu
1616 4231 1787 4306 victorias
1799 4230 1899 4304 Han-

728 4353 868 4450 nibalis,
894 4354 989 4429 inter
1012 4352 1085 4428 alia
1109 4351 1210 4445 dixit,
1236 4351 1335 4446 quod
1361 4351 1539 4427 Hannibal
1562 4351 1719 4426 triennio
1736 4347 1900 4424 trucida·

728 4479 833 4550 verat
863 4472 961 4546 ultra
985 4471 1144 4546 ducenta
1169 4469 1281 4546 millia
1307 4491 1561 4566 romanorum,
1586 4478 1625 4547 et
1648 4470 1899 4566 captivaverat

728 4594 924 4688 plusquam
939 4582 977 4683 (⁵)
996 4589 1279 4688 qninquaginta3
1297 4597 1335 4667 et
1358 4590 1405 4666 ad
1425 4591 1536 4667 mem
1556 4589 1717 4666 vietoriae
1737 4607 1899 4666 cannen

729 4712 777 4787 sis
794 4711 878 4787 iecit
895 4709 1031 4786 eliundi
1058 4710 1094 4783 in
1120 4710 1270 4785 introitu
1296 4711 1410 4786 curiae
1435 4731 1608 4808 magnam
1634 4709 1778 4804 oopiam
1803 4728 1899 4783 anu-

791 4936 821 5000 (¹)
836 4936 868 4988 lt.
884 4936 1023 4988 boallllter.
1403 4935 1430 4998 (q
1446 4935 1477 4986 Ε.
1493 4936 1590 4998 pedem
1605 4933 1719 4984 tum

792 5013 820 5076 (Ἴ
835 5014 862 5065 S.
877 5025 893 5064 a
910 5017 963 5074 tto.
980 5012 1209 5066 transduxit-ll.
1225 5013 1338 5065 deduxit.
1402 5012 1430 5076 (¹)
1446 5013 1477 5064 H.
1493 5011 1656 5077 indignanter
1670 5010 1772 5061 Hoent:
1786 5021 1848 5060 nort.

790 5091 819 5154 l'l
834 5091 866 5142 Β.
882 5091 1018 5156 plnrqum
1033 5089 1218 5156 qulnquaginta
1234 5089 1322 5142 milita.
