4580 6844
711 915 782 984 37⁶
1107 929 1310 988 counurunr
1333 933 1484 988 musam

709 1071 900 1169 vasconia,
938 1074 1087 1150 nomine
1123 1077 1341 1154 Beitrandus
1369 1078 1417 1154 de
1446 1077 1593 1171 Bomio,
1622 1076 1731 1152 datus
1756 1083 1795 1152 et
1818 1076 1886 1154 de-

709 1200 860 1290 putatus
889 1193 936 1270 ad
970 1213 1100 1270 curam
1130 1203 1168 1271 et
1201 1198 1405 1274 custodiam
1439 1198 1612 1274 Iohannis
1646 1197 1709 1272 dlii
1739 1196 1888 1272 ilenrici

712 1314 809 1412 regis
839 1314 988 1412 Angiiae,
1013 1315 1077 1408 qni
1105 1316 1289 1392 lohannes
1322 1317 1603 1413 cognominatus
1636 1326 1693 1394 est
1723 1316 1887 1392 iuvenis.

711 1435 776 1510 iiic
801 1435 962 1528 iuvenis,
987 1434 1077 1510 dum
1103 1457 1197 1532 puer
1223 1437 1446 1514 educaretur
1470 1438 1507 1512 in
1535 1438 1621 1513 aula
1648 1436 1746 1533 regis
1771 1436 1889 1510 Fran·

711 1555 788 1648 cie,
814 1555 955 1650 accidit,
981 1555 1081 1650 quod
1106 1557 1256 1650 quidam
1282 1557 1411 1634 nobilis
1435 1558 1562 1653 petivit
1581 1566 1722 1634 certam
1738 1549 1775 1650 (¹)
1797 1577 1888 1653 gra-

712 1675 799 1750 tiam
826 1697 850 1751 a
875 1697 965 1774 roge
984 1678 1158 1772 Franoioe,
1175 1679 1237 1754 cui
1255 1699 1322 1754 rer
1342 1679 1493 1754 omnino
1512 1678 1724 1774 denegavit:
1745 1697 1792 1754 ex
1811 1697 1888 1771 quo

711 1795 772 1872 ilie
797 1797 1018 1872 erubescens
1045 1798 1240 1874 recedebat
1264 1798 1449 1875 contusus.
1468 1799 1521 1874 lte
1538 1818 1614 1892 quo
1638 1817 1703 1874 rer
1728 1817 1887 1892 perpen-

711 1915 812 2008 dens,
838 1926 1057 1993 convertens
1080 1937 1121 1992 se
1145 1918 1193 1992 ad
1216 1917 1508 2012 circumstantes,
1533 1916 1642 1992 dixit:
1669 1917 1732 1990 Est
1752 1937 1800 1991 ne
1814 1917 1883 1992 aii-

712 2035 800 2130 quid
825 2043 900 2110 tam
917 2055 1034 2132 grave
1050 2047 1088 2114 et
1108 2036 1303 2113 molestum
1321 2029 1371 2132 (¹),
1391 2037 1485 2112 sicut
1509 2044 1636 2132 petere
1659 2042 1698 2112 et
1722 2041 1886 2132 negaret

710 2157 813 2232 Tunc
835 2155 986 2232 iuvenis
1012 2165 1226 2233 reverenter
1252 2158 1455 2254 respondit:
1483 2158 1603 2251 Certa,
1623 2157 1759 2252 inclyte
1782 2152 1886 2250 priri-

711 2297 814 2372 oeps:
841 2295 979 2372 negare
1003 2282 1060 2350 est
1084 2276 1272 2352 molestius
1297 2277 1448 2374 egregio
1461 2277 1607 2352 animo.
1626 2277 1705 2352 Rex
1723 2274 1887 2350 admira·

712 2401 773 2471 tus
800 2415 918 2491 grave
946 2396 1102 2471 verbnm
1118 2386 1171 2489 (³),
1203 2397 1302 2490 quod
1331 2396 1518 2492 prodierat
1547 2415 1595 2472 ex
1626 2413 1694 2472 ora
1723 2393 1886 2488 iuvenis,

712 2514 984 2591 commendavit
1002 2514 1196 2612 magnifice
1212 2533 1384 2610 puerum,
1397 2535 1566 2590 asserens
1579 2515 1699 2611 ipsum
1716 2515 1885 2590 satanan

713 2654 802 2712 vere
829 2635 1125 2730 magnanimum:
1152 2636 1252 2730 quod
1276 2635 1399 2712 cuncti
1423 2634 1614 2712 audientes
1643 2635 1887 2720 confirmave-

714 2761 811 2829 runt.
838 2755 1024 2830 Revocato
1050 2754 1174 2849 itaque
1204 2755 1276 2849 iilo,
1303 2755 1367 2848 qni
1399 2754 1577 2850 petiverat
1606 2755 1776 2851 gratiam,
1803 2753 1888 2830 tecit

713 2874 779 2950 sibi
805 2875 932 2968 iibere,
957 2874 1056 2969 quod
1089 2875 1236 2970 petebat
1249 2862 1299 2968 (⁴),
1324 2874 1631 2969 contemplatione
1658 2873 1776 2970 pueri.
1803 2872 1888 2948 Bei-

713 2995 865 3070 trandus
879 2986 916 3087 (⁵)
943 3005 1070 3072 autern
1096 3015 1143 3070 ex
1168 3001 1258 3070 tunc
1281 3001 1411 3090 captus
1435 3013 1565 3069 amore
1588 2993 1706 3089 pueri,
1722 2992 1886 3068 decrevit

713 3117 840 3193 vivere
863 3121 901 3191 et
927 3115 1022 3191 mori
1052 3134 1140 3190 curn
1165 3116 1308 3191 iuvene
1321 3105 1373 3210 (⁸),
1399 3121 1438 3190 et
1466 3133 1671 3209 numquam
1696 3113 1881 3188 dimittere

712 3237 830 3333 ipsum
859 3235 1042 3337 usquead
1062 3240 1232 3310 mortem.
1259 3233 1409 3310 iuvenis
1431 3255 1522 3332 ergo
1539 3235 1742 3329 pubescens
1767 3232 1887 3308 iactus

712 3363 767 3432 est
783 3355 1058 3432 liberalissimus
1075 3360 1114 3431 et
1131 3353 1491 3429 munificentissimus
1506 3353 1688 3447 omnium,
1705 3358 1743 3428 et
1759 3350 1884 3427 omnia

712 3477 930 3554 eumsstme
947 3477 1134 3572 erogabat,
1151 3476 1290 3552 nemini
1314 3475 1451 3570 aliquid
1475 3475 1711 3572 denegando;
1737 3480 1887 3569 propter

714 3597 814 3692 quod
838 3596 1017 3672 ilenricus
1042 3603 1147 3692 pater
1171 3595 1368 3692 assignavit
1392 3594 1460 3669 sibi
1485 3601 1626 3672 certam
1655 3600 1798 3690 partem
1825 3611 1887 3668 re-

712 3716 789 3813 gni,
821 3715 1025 3792 secunmm
1060 3735 1173 3810 quarn
1209 3715 1282 3790 cito
1315 3714 1532 3810 pauperavit
1567 3733 1636 3788 sua
1670 3712 1887 3788 dheraiitats

713 3834 905 3912 immensa.
924 3834 1062 3910 Deinde
1087 3840 1191 3930 pater
1215 3834 1399 3910 transtulit
1424 3853 1512 3910 enrn
1537 3831 1585 3908 ad
1608 3833 1718 3908 aliam
1741 3839 1887 3928 partem

715 3955 829 4054 regni.
855 3955 926 4032 Sed
952 3955 1042 4030 nulii
1068 3955 1229 4030 redditus
1259 3954 1491 4030 sufficiebant
1509 3952 1668 4050 largitati
1694 3953 1785 4047 eius,
1811 3953 1887 4028 irno

713 4076 888 4152 continuo
918 4076 1117 4172 recipiebat
1130 4062 1167 4167 C)
1195 4082 1327 4150 mutuo
1357 4074 1407 4149 ab
1440 4073 1530 4167 aliis,
1560 4078 1599 4146 et
1630 4091 1777 4168 semper
1805 4079 1888 4148 erat

712 4198 854 4275 debitor
885 4197 1019 4271 multis.
1051 4196 1144 4272 Corn
1175 4201 1303 4270 autem
1335 4193 1520 4290 fatigasset
1553 4192 1632 4269 iere
1673 4213 1830 4290 regnum
1847 4182 1884 4286 (⁸)

712 4337 824 4394 sunm
849 4316 1054 4392 curialitate
1075 4335 1156 4409 sua,
1173 4314 1359 4388 Bettramo
1379 4331 1526 4408 semper
1545 4312 1719 4389 laudante
1738 4319 1776 4388 et
1795 4332 1887 4388 con-

713 4435 883 4511 firmante
906 4441 1077 4529 sumptus
1096 4433 1187 4526 eius,
1205 4432 1323 4508 tactus
1348 4439 1404 4508 eat
1427 4432 1576 4508 odiosm
1600 4433 1707 4528 patri,
1729 4432 1794 4528 qui
1818 4451 1886 4508 ve·

775 4738 803 4800 (¹)
819 4737 851 4788 li.
866 4735 1006 4801 quamdam
1023 4735 1134 4800 gratiam
1150 4737 1206 4800 regi
1221 4735 1348 4787 Francia.

776 4814 803 4876 ρ)
819 4815 851 4864 Ε.
867 4813 1008 4866 malacum
1023 4818 1151 4878 quantum
1166 4819 1206 4866 art
1221 4816 1320 4878 patara.

774 4892 805 4956 (¹)
820 4894 852 4945 B.
867 4903 1029 4956 responsum.
1262 4890 1290 4953 (⁸)
1307 4895 1362 4953 ttr,
1379 4889 1514 4954 petiverat.

775 4969 803 5030 (⁸)
819 4969 852 5021 li.
866 4967 1015 5020 Battrmut
1031 4973 1102 5020 tunc.
1261 4966 1289 5029 (¹)
1304 4967 1337 5018 tt.
1352 4979 1414 5018 cum
1430 4979 1522 5032 puero.

775 5049 803 5116 ρ)
819 5049 850 5102 a.
866 5064 882 5103 a
899 5054 953 5112 tte,
969 5049 1120 5114 capnon.
1260 5046 1289 5109 (⁸)
1306 5047 1337 5100 ii.
1353 5059 1464 5112 naum
1480 5043 1634 5096 inmeditate
1649 5055 1705 5103 tua.
1722 5037 1871 5092 Boium
