<?xml version="1.0" encoding="UTF-8"?>
<!DOCTYPE html PUBLIC "-//W3C//DTD XHTML 1.0 Transitional//EN"
    "http://www.w3.org/TR/xhtml1/DTD/xhtml1-transitional.dtd">
<html xmlns="http://www.w3.org/1999/xhtml" xml:lang="en" lang="en">
 <head>
  <title>
</title>
<meta http-equiv="Content-Type" content="text/html;charset=utf-8" />
  <meta name='ocr-system' content='tesseract 3.04.00' />
  <meta name='ocr-capabilities' content='ocr_page ocr_carea ocr_par ocr_line ocrx_word'/>
</head>
<body>
  <div class='ocr_page' id='page_1' title='image "./comentumsuperda01benvgoog_0448.png"; bbox 0 0 4550 6844; ppageno 0'>
   <div class='ocr_carea' id='block_1_1' title="bbox 817 963 1595 1032">
    <p class='ocr_par' dir='ltr' id='par_1_1' title="bbox 817 963 1595 1032">
     <span class='ocr_line' id='line_1_1' title="bbox 817 963 1595 1032; baseline -0.003 0"><span class='ocrx_word' id='word_1_1' title='bbox 817 976 955 1032; x_wconf 71' lang='lat' dir='ltr'>CANTUS</span> <span class='ocrx_word' id='word_1_2' title='bbox 980 973 1206 1030; x_wconf 73' lang='lat' dir='ltr'><strong>memus.</strong></span> <span class='ocrx_word' id='word_1_3' title='bbox 1523 963 1595 1032; x_wconf 67' lang='grc'><strong>439</strong></span> 
     </span>
    </p>
   </div>
   <div class='ocr_carea' id='block_1_2' title="bbox 407 1115 1600 4979">
    <p class='ocr_par' dir='ltr' id='par_1_2' title="bbox 407 1115 1600 4979">
     <span class='ocr_line' id='line_1_2' title="bbox 424 1115 1597 1214; baseline -0.001 -18"><span class='ocrx_word' id='word_1_4' title='bbox 424 1128 483 1197; x_wconf 83' lang='lat' dir='ltr'><strong>rat</strong></span> <span class='ocrx_word' id='word_1_5' title='bbox 515 1119 701 1196; x_wconf 86' lang='lat' dir='ltr'><strong>somnium</strong></span> <span class='ocrx_word' id='word_1_6' title='bbox 732 1119 779 1197; x_wconf 90' lang='lat' dir='ltr'><strong>de</strong></span> <span class='ocrx_word' id='word_1_7' title='bbox 812 1121 1039 1197; x_wconf 75' lang='lat' dir='ltr'><strong>relaxatione</strong></span> <span class='ocrx_word' id='word_1_8' title='bbox 1071 1137 1151 1212; x_wconf 87' lang='lat' dir='ltr'><strong>sua,</strong></span> <span class='ocrx_word' id='word_1_9' title='bbox 1184 1115 1275 1193; x_wconf 81' lang='lat' dir='ltr'><strong>dixit</strong></span> <span class='ocrx_word' id='word_1_10' title='bbox 1311 1117 1403 1214; x_wconf 56' lang='lat' dir='ltr'><strong>rep,</strong></span> <span class='ocrx_word' id='word_1_11' title='bbox 1437 1117 1597 1213; x_wconf 86' lang='lat' dir='ltr'><strong>qualiter</strong></span> 
     </span>
     <span class='ocr_line' id='line_1_3' title="bbox 418 1237 1597 1337; baseline -0.002 -21"><span class='ocrx_word' id='word_1_12' title='bbox 418 1239 566 1337; x_wconf 84' lang='lat' dir='ltr'><strong>juvenis</strong></span> <span class='ocrx_word' id='word_1_13' title='bbox 590 1239 762 1316; x_wconf 78' lang='lat' dir='ltr'><strong>hebraeus</strong></span> <span class='ocrx_word' id='word_1_14' title='bbox 786 1247 868 1316; x_wconf 84' lang='lat' dir='ltr'><strong>erat</strong></span> <span class='ocrx_word' id='word_1_15' title='bbox 892 1241 932 1316; x_wconf 92' lang='lat' dir='ltr'><strong>in</strong></span> <span class='ocrx_word' id='word_1_16' title='bbox 954 1255 1117 1332; x_wconf 76' lang='lat' dir='ltr'><strong>macero,</strong></span> <span class='ocrx_word' id='word_1_17' title='bbox 1134 1237 1199 1332; x_wconf 85' lang='lat' dir='ltr'><strong>qui</strong></span> <span class='ocrx_word' id='word_1_18' title='bbox 1219 1237 1315 1313; x_wconf 84' lang='lat' dir='ltr'><strong>torte</strong></span> <span class='ocrx_word' id='word_1_19' title='bbox 1333 1237 1597 1334; x_wconf 89' lang='lat' dir='ltr'><strong>interpretare·</strong></span> 
     </span>
     <span class='ocr_line' id='line_1_4' title="bbox 422 1357 1596 1455; baseline -0.002 -19"><span class='ocrx_word' id='word_1_20' title='bbox 422 1367 485 1436; x_wconf 89' lang='lat' dir='ltr'><strong>tur</strong></span> <span class='ocrx_word' id='word_1_21' title='bbox 509 1359 651 1436; x_wconf 90' lang='lat' dir='ltr'><strong>somnia</strong></span> <span class='ocrx_word' id='word_1_22' title='bbox 675 1358 754 1435; x_wconf 75' lang='lat' dir='ltr'><strong>ista</strong></span> <span class='ocrx_word' id='word_1_23' title='bbox 781 1360 915 1455; x_wconf 84' lang='lat' dir='ltr'><strong>ioseph</strong></span> <span class='ocrx_word' id='word_1_24' title='bbox 929 1358 1014 1434; x_wconf 90' lang='lat' dir='ltr'><strong>ideo</strong></span> <span class='ocrx_word' id='word_1_25' title='bbox 1033 1358 1080 1433; x_wconf 91' lang='lat' dir='ltr'><strong>de</strong></span> <span class='ocrx_word' id='word_1_26' title='bbox 1099 1357 1274 1434; x_wconf 89' lang='lat' dir='ltr'><strong>mandato</strong></span> <span class='ocrx_word' id='word_1_27' title='bbox 1293 1358 1391 1454; x_wconf 74' lang='lat' dir='ltr'><strong>regis</strong></span> <span class='ocrx_word' id='word_1_28' title='bbox 1414 1357 1596 1434; x_wconf 89' lang='lat' dir='ltr'><strong>adductus</strong></span> 
     </span>
     <span class='ocr_line' id='line_1_5' title="bbox 421 1470 1596 1575; baseline -0.002 -20"><span class='ocrx_word' id='word_1_29' title='bbox 421 1478 469 1555; x_wconf 87' lang='lat' dir='ltr'><strong>ad</strong></span> <span class='ocrx_word' id='word_1_30' title='bbox 493 1479 725 1574; x_wconf 75' lang='lat' dir='ltr'><strong>praesentiam</strong></span> <span class='ocrx_word' id='word_1_31' title='bbox 750 1478 830 1554; x_wconf 88' lang='lat' dir='ltr'><strong>eius</strong></span> <span class='ocrx_word' id='word_1_32' title='bbox 854 1478 999 1575; x_wconf 86' lang='lat' dir='ltr'><strong>aperuit</strong></span> <span class='ocrx_word' id='word_1_33' title='bbox 1012 1470 1051 1569; x_wconf 76' lang='lat'><strong>(¹)</strong></span> <span class='ocrx_word' id='word_1_34' title='bbox 1068 1476 1115 1570; x_wconf 89' lang='lat' dir='ltr'><strong>ei,</strong></span> <span class='ocrx_word' id='word_1_35' title='bbox 1137 1476 1238 1570; x_wconf 83' lang='lat' dir='ltr'><strong>quod</strong></span> <span class='ocrx_word' id='word_1_36' title='bbox 1256 1495 1323 1572; x_wconf 90' lang='lat' dir='ltr'><strong>per</strong></span> <span class='ocrx_word' id='word_1_37' title='bbox 1340 1477 1483 1553; x_wconf 87' lang='lat' dir='ltr'><strong>somnia</strong></span> <span class='ocrx_word' id='word_1_38' title='bbox 1507 1497 1596 1574; x_wconf 91' lang='lat' dir='ltr'><strong>pre·</strong></span> 
     </span>
     <span class='ocr_line' id='line_1_6' title="bbox 422 1594 1597 1694; baseline -0.003 -18"><span class='ocrx_word' id='word_1_39' title='bbox 422 1597 641 1676; x_wconf 85' lang='lat' dir='ltr'><strong>tendebatur</strong></span> <span class='ocrx_word' id='word_1_40' title='bbox 665 1597 897 1694; x_wconf 79' lang='lat' dir='ltr'><strong>septennium</strong></span> <span class='ocrx_word' id='word_1_41' title='bbox 922 1595 1111 1690; x_wconf 83' lang='lat' dir='ltr'><strong>ubertatis,</strong></span> <span class='ocrx_word' id='word_1_42' title='bbox 1131 1596 1309 1691; x_wconf 88' lang='lat' dir='ltr'><strong>adquam</strong></span> <span class='ocrx_word' id='word_1_43' title='bbox 1336 1594 1511 1671; x_wconf 90' lang='lat' dir='ltr'><strong>continuo</strong></span> <span class='ocrx_word' id='word_1_44' title='bbox 1537 1615 1597 1672; x_wconf 88' lang='lat' dir='ltr'><strong>se·</strong></span> 
     </span>
     <span class='ocr_line' id='line_1_7' title="bbox 423 1709 1596 1813; baseline -0.001 -20"><span class='ocrx_word' id='word_1_45' title='bbox 423 1718 607 1812; x_wconf 87' lang='lat' dir='ltr'><strong>qnebatur</strong></span> <span class='ocrx_word' id='word_1_46' title='bbox 621 1709 658 1810; x_wconf 68' lang='lat'><strong>(²)</strong></span> <span class='ocrx_word' id='word_1_47' title='bbox 677 1717 777 1794; x_wconf 88' lang='lat' dir='ltr'><strong>aliud</strong></span> <span class='ocrx_word' id='word_1_48' title='bbox 801 1717 1034 1813; x_wconf 85' lang='lat' dir='ltr'><strong>septennium</strong></span> <span class='ocrx_word' id='word_1_49' title='bbox 1057 1714 1272 1809; x_wconf 84' lang='lat' dir='ltr'><strong>sterilitatis3</strong></span> <span class='ocrx_word' id='word_1_50' title='bbox 1293 1714 1375 1790; x_wconf 92' lang='lat' dir='ltr'><strong>ideo</strong></span> <span class='ocrx_word' id='word_1_51' title='bbox 1399 1717 1596 1811; x_wconf 84' lang='lat' dir='ltr'><strong>providen-</strong></span> 
     </span>
     <span class='ocr_line' id='line_1_8' title="bbox 423 1833 1596 1932; baseline 0.001 -21"><span class='ocrx_word' id='word_1_52' title='bbox 423 1836 513 1912; x_wconf 93' lang='lat' dir='ltr'><strong>dum</strong></span> <span class='ocrx_word' id='word_1_53' title='bbox 539 1857 620 1914; x_wconf 90' lang='lat' dir='ltr'><strong>esse</strong></span> <span class='ocrx_word' id='word_1_54' title='bbox 644 1836 780 1912; x_wconf 84' lang='lat' dir='ltr'><strong>iuturae</strong></span> <span class='ocrx_word' id='word_1_55' title='bbox 804 1836 893 1913; x_wconf 85' lang='lat' dir='ltr'><strong>tami</strong></span> <span class='ocrx_word' id='word_1_56' title='bbox 917 1835 1081 1912; x_wconf 87' lang='lat' dir='ltr'><strong>remedio</strong></span> <span class='ocrx_word' id='word_1_57' title='bbox 1106 1853 1252 1932; x_wconf 72' lang='lat' dir='ltr'><strong>magnis</strong></span> <span class='ocrx_word' id='word_1_58' title='bbox 1281 1833 1406 1929; x_wconf 78' lang='lat' dir='ltr'><strong>oopite.</strong></span> <span class='ocrx_word' id='word_1_59' title='bbox 1439 1835 1520 1924; x_wconf 86' lang='lat' dir='ltr'><strong>Qua</strong></span> <span class='ocrx_word' id='word_1_60' title='bbox 1552 1857 1596 1912; x_wconf 92' lang='lat' dir='ltr'><strong>re</strong></span> 
     </span>
     <span class='ocr_line' id='line_1_9' title="bbox 423 1954 1597 2050; baseline -0.002 -18"><span class='ocrx_word' id='word_1_61' title='bbox 423 1957 568 2033; x_wconf 81' lang='lat' dir='ltr'><strong>Pharao</strong></span> <span class='ocrx_word' id='word_1_62' title='bbox 592 1955 746 2032; x_wconf 87' lang='lat' dir='ltr'><strong>credens</strong></span> <span class='ocrx_word' id='word_1_63' title='bbox 769 1955 958 2040; x_wconf 85' lang='lat' dir='ltr'><strong>hominem</strong></span> <span class='ocrx_word' id='word_1_64' title='bbox 983 1955 1123 2030; x_wconf 86' lang='lat' dir='ltr'><strong>habere</strong></span> <span class='ocrx_word' id='word_1_65' title='bbox 1140 1954 1309 2050; x_wconf 91' lang='lat' dir='ltr'><strong>spiritum</strong></span> <span class='ocrx_word' id='word_1_66' title='bbox 1325 1955 1490 2029; x_wconf 81' lang='lat' dir='ltr'><strong>divinum</strong></span> <span class='ocrx_word' id='word_1_67' title='bbox 1511 1955 1597 2032; x_wconf 82' lang='lat' dir='ltr'><strong>iecit</strong></span> 
     </span>
     <span class='ocr_line' id='line_1_10' title="bbox 424 2073 1596 2171; baseline -0.002 -19"><span class='ocrx_word' id='word_1_68' title='bbox 424 2095 513 2152; x_wconf 91' lang='lat' dir='ltr'><strong>anm</strong></span> <span class='ocrx_word' id='word_1_69' title='bbox 537 2075 774 2171; x_wconf 71' lang='lat' dir='ltr'><strong>prepositum</strong></span> <span class='ocrx_word' id='word_1_70' title='bbox 800 2075 912 2152; x_wconf 89' lang='lat' dir='ltr'><strong>totius</strong></span> <span class='ocrx_word' id='word_1_71' title='bbox 929 2074 1046 2171; x_wconf 79' lang='lat' dir='ltr'><strong>regni,</strong></span> <span class='ocrx_word' id='word_1_72' title='bbox 1064 2073 1241 2149; x_wconf 88' lang='lat' dir='ltr'><strong>mandans</strong></span> <span class='ocrx_word' id='word_1_73' title='bbox 1262 2080 1305 2149; x_wconf 91' lang='lat' dir='ltr'><strong>ut</strong></span> <span class='ocrx_word' id='word_1_74' title='bbox 1320 2080 1510 2171; x_wconf 67' lang='lat' dir='ltr'><strong>umquam</strong></span> <span class='ocrx_word' id='word_1_75' title='bbox 1528 2076 1596 2151; x_wconf 86' lang='lat' dir='ltr'><strong>sibi</strong></span> 
     </span>
     <span class='ocr_line' id='line_1_11' title="bbox 423 2193 1595 2290; baseline 0.001 -20"><span class='ocrx_word' id='word_1_76' title='bbox 423 2195 471 2270; x_wconf 88' lang='lat' dir='ltr'><strong>ab</strong></span> <span class='ocrx_word' id='word_1_77' title='bbox 488 2195 659 2270; x_wconf 88' lang='lat' dir='ltr'><strong>omnibus</strong></span> <span class='ocrx_word' id='word_1_78' title='bbox 675 2201 882 2290; x_wconf 88' lang='lat' dir='ltr'><strong>pareretur,</strong></span> <span class='ocrx_word' id='word_1_79' title='bbox 895 2203 934 2270; x_wconf 92' lang='lat' dir='ltr'><strong>et</strong></span> <span class='ocrx_word' id='word_1_80' title='bbox 949 2193 1095 2270; x_wconf 81' lang='lat' dir='ltr'><strong>vocarit</strong></span> <span class='ocrx_word' id='word_1_81' title='bbox 1111 2213 1199 2269; x_wconf 91' lang='lat' dir='ltr'><strong>eum</strong></span> <span class='ocrx_word' id='word_1_82' title='bbox 1216 2193 1438 2269; x_wconf 82' lang='lat' dir='ltr'><strong>salvatorem</strong></span> <span class='ocrx_word' id='word_1_83' title='bbox 1455 2195 1595 2290; x_wconf 91' lang='lat' dir='ltr'><strong>mundi,</strong></span> 
     </span>
     <span class='ocr_line' id='line_1_12' title="bbox 424 2313 1596 2412; baseline -0.002 -20"><span class='ocrx_word' id='word_1_84' title='bbox 424 2321 462 2392; x_wconf 90' lang='lat' dir='ltr'><strong>et</strong></span> <span class='ocrx_word' id='word_1_85' title='bbox 485 2314 585 2391; x_wconf 87' lang='lat' dir='ltr'><strong>dedit</strong></span> <span class='ocrx_word' id='word_1_86' title='bbox 609 2313 658 2388; x_wconf 88' lang='lat' dir='ltr'><strong>itti</strong></span> <span class='ocrx_word' id='word_1_87' title='bbox 685 2333 841 2390; x_wconf 84' lang='lat' dir='ltr'><strong>uxorem</strong></span> <span class='ocrx_word' id='word_1_88' title='bbox 867 2314 1073 2411; x_wconf 79' lang='lat' dir='ltr'><strong>egyptiam.</strong></span> <span class='ocrx_word' id='word_1_89' title='bbox 1100 2314 1232 2410; x_wconf 85' lang='lat' dir='ltr'><strong>ioseph</strong></span> <span class='ocrx_word' id='word_1_90' title='bbox 1262 2333 1354 2412; x_wconf 77' lang='lat' dir='ltr'><strong>argo</strong></span> <span class='ocrx_word' id='word_1_91' title='bbox 1378 2315 1596 2390; x_wconf 86' lang='lat' dir='ltr'><strong>sublimatus</strong></span> 
     </span>
     <span class='ocr_line' id='line_1_13' title="bbox 423 2431 1596 2529; baseline 0.001 -21"><span class='ocrx_word' id='word_1_92' title='bbox 423 2451 510 2508; x_wconf 89' lang='lat' dir='ltr'><strong>cum</strong></span> <span class='ocrx_word' id='word_1_93' title='bbox 536 2451 671 2529; x_wconf 80' lang='lat' dir='ltr'><strong>magna</strong></span> <span class='ocrx_word' id='word_1_94' title='bbox 695 2431 923 2527; x_wconf 84' lang='lat' dir='ltr'><strong>prouidentia</strong></span> <span class='ocrx_word' id='word_1_95' title='bbox 947 2439 986 2508; x_wconf 88' lang='lat' dir='ltr'><strong>ct</strong></span> <span class='ocrx_word' id='word_1_96' title='bbox 1009 2431 1193 2529; x_wconf 76' lang='lat' dir='ltr'><strong>diligentia</strong></span> <span class='ocrx_word' id='word_1_97' title='bbox 1214 2451 1282 2508; x_wconf 87' lang='lat' dir='ltr'><strong>sua</strong></span> <span class='ocrx_word' id='word_1_98' title='bbox 1298 2434 1528 2509; x_wconf 82' lang='lat' dir='ltr'><strong>conservavit</strong></span> <span class='ocrx_word' id='word_1_99' title='bbox 1545 2433 1596 2510; x_wconf 90' lang='lat' dir='ltr'><strong>ita</strong></span> 
     </span>
     <span class='ocr_line' id='line_1_14' title="bbox 423 2551 1596 2648; baseline 0.002 -22"><span class='ocrx_word' id='word_1_100' title='bbox 423 2552 549 2648; x_wconf 79' lang='lat' dir='ltr'><strong>iruges</strong></span> <span class='ocrx_word' id='word_1_101' title='bbox 573 2551 612 2626; x_wconf 95' lang='lat' dir='ltr'><strong>in</strong></span> <span class='ocrx_word' id='word_1_102' title='bbox 636 2551 817 2646; x_wconf 75' lang='lat' dir='ltr'><strong>uberate,</strong></span> <span class='ocrx_word' id='word_1_103' title='bbox 841 2557 880 2628; x_wconf 88' lang='lat' dir='ltr'><strong>at</strong></span> <span class='ocrx_word' id='word_1_104' title='bbox 898 2551 948 2628; x_wconf 92' lang='lat' dir='ltr'><strong>ita</strong></span> <span class='ocrx_word' id='word_1_105' title='bbox 964 2551 1185 2647; x_wconf 84' lang='lat' dir='ltr'><strong>dispensavit</strong></span> <span class='ocrx_word' id='word_1_106' title='bbox 1199 2551 1239 2627; x_wconf 93' lang='lat' dir='ltr'><strong>in</strong></span> <span class='ocrx_word' id='word_1_107' title='bbox 1257 2551 1420 2648; x_wconf 81' lang='lat' dir='ltr'><strong>caritate,</strong></span> <span class='ocrx_word' id='word_1_108' title='bbox 1438 2561 1481 2628; x_wconf 92' lang='lat' dir='ltr'><strong>ut</strong></span> <span class='ocrx_word' id='word_1_109' title='bbox 1496 2554 1596 2628; x_wconf 90' lang='lat' dir='ltr'><strong>sotus</strong></span> 
     </span>
     <span class='ocr_line' id='line_1_15' title="bbox 423 2663 1594 2768; baseline 0.001 -22"><span class='ocrx_word' id='word_1_110' title='bbox 423 2670 547 2747; x_wconf 92' lang='lat' dir='ltr'><strong>omnia</strong></span> <span class='ocrx_word' id='word_1_111' title='bbox 571 2677 713 2768; x_wconf 77' lang='lat' dir='ltr'><strong>egeret,</strong></span> <span class='ocrx_word' id='word_1_112' title='bbox 738 2676 776 2746; x_wconf 92' lang='lat' dir='ltr'><strong>ct</strong></span> <span class='ocrx_word' id='word_1_113' title='bbox 800 2676 915 2747; x_wconf 89' lang='lat' dir='ltr'><strong>totam</strong></span> <span class='ocrx_word' id='word_1_114' title='bbox 937 2677 1077 2748; x_wconf 79' lang='lat' dir='ltr'><strong>terram</strong></span> <span class='ocrx_word' id='word_1_115' title='bbox 1098 2671 1245 2768; x_wconf 77' lang='lat' dir='ltr'><strong>Aigypti</strong></span> <span class='ocrx_word' id='word_1_116' title='bbox 1270 2671 1368 2768; x_wconf 79' lang='lat' dir='ltr'><strong>regis</strong></span> <span class='ocrx_word' id='word_1_117' title='bbox 1382 2663 1420 2767; x_wconf 54' lang='grc' dir='ltr'><strong>(θ)</strong></span> <span class='ocrx_word' id='word_1_118' title='bbox 1447 2672 1594 2750; x_wconf 87' lang='lat' dir='ltr'><strong>taceret.</strong></span> 
     </span>
     <span class='ocr_line' id='line_1_16' title="bbox 422 2777 1596 2886; baseline 0.003 -24"><span class='ocrx_word' id='word_1_119' title='bbox 422 2789 572 2865; x_wconf 86' lang='lat' dir='ltr'><strong>interim</strong></span> <span class='ocrx_word' id='word_1_120' title='bbox 597 2787 712 2864; x_wconf 84' lang='lat' dir='ltr'><strong>tames</strong></span> <span class='ocrx_word' id='word_1_121' title='bbox 726 2777 765 2881; x_wconf 75' lang='lat'><strong>(⁸)</strong></span> <span class='ocrx_word' id='word_1_122' title='bbox 790 2807 961 2865; x_wconf 88' lang='lat' dir='ltr'><strong>crescens</strong></span> <span class='ocrx_word' id='word_1_123' title='bbox 985 2795 1023 2866; x_wconf 89' lang='lat' dir='ltr'><strong>et</strong></span> <span class='ocrx_word' id='word_1_124' title='bbox 1046 2789 1212 2886; x_wconf 79' lang='lat' dir='ltr'><strong>affligens</strong></span> <span class='ocrx_word' id='word_1_125' title='bbox 1237 2809 1367 2866; x_wconf 84' lang='lat' dir='ltr'><strong>omnes</strong></span> <span class='ocrx_word' id='word_1_126' title='bbox 1390 2797 1522 2886; x_wconf 87' lang='lat' dir='ltr'><strong>terras,</strong></span> <span class='ocrx_word' id='word_1_127' title='bbox 1540 2792 1596 2866; x_wconf 89' lang='lat' dir='ltr'><strong>in·</strong></span> 
     </span>
     <span class='ocr_line' id='line_1_17' title="bbox 424 2907 1595 3005; baseline 0 -21"><span class='ocrx_word' id='word_1_128' title='bbox 424 2907 517 2984; x_wconf 80' lang='lat' dir='ltr'><strong>rasit</strong></span> <span class='ocrx_word' id='word_1_129' title='bbox 539 2907 695 2984; x_wconf 91' lang='lat' dir='ltr'><strong>domum</strong></span> <span class='ocrx_word' id='word_1_130' title='bbox 720 2908 844 3002; x_wconf 87' lang='lat' dir='ltr'><strong>Jacob,</strong></span> <span class='ocrx_word' id='word_1_131' title='bbox 868 2908 932 3002; x_wconf 89' lang='lat' dir='ltr'><strong>qui</strong></span> <span class='ocrx_word' id='word_1_132' title='bbox 957 2927 1005 2984; x_wconf 84' lang='lat' dir='ltr'><strong>ex</strong></span> <span class='ocrx_word' id='word_1_133' title='bbox 1030 2908 1201 2983; x_wconf 85' lang='lat' dir='ltr'><strong>undecim</strong></span> <span class='ocrx_word' id='word_1_134' title='bbox 1227 2907 1308 2982; x_wconf 88' lang='lat' dir='ltr'><strong>tiliis</strong></span> <span class='ocrx_word' id='word_1_135' title='bbox 1331 2909 1428 2984; x_wconf 88' lang='lat' dir='ltr'><strong>misit</strong></span> <span class='ocrx_word' id='word_1_136' title='bbox 1452 2910 1595 3005; x_wconf 90' lang='lat' dir='ltr'><strong>decem,</strong></span> 
     </span>
     <span class='ocr_line' id='line_1_18' title="bbox 424 3017 1597 3123; baseline 0.002 -21"><span class='ocrx_word' id='word_1_137' title='bbox 424 3031 569 3103; x_wconf 88' lang='lat' dir='ltr'><strong>retento</strong></span> <span class='ocrx_word' id='word_1_138' title='bbox 583 3017 621 3119; x_wconf 78' lang='lat'><strong>(⁶)</strong></span> <span class='ocrx_word' id='word_1_139' title='bbox 652 3026 818 3121; x_wconf 88' lang='lat' dir='ltr'><strong>minimo,</strong></span> <span class='ocrx_word' id='word_1_140' title='bbox 842 3027 994 3110; x_wconf 88' lang='lat' dir='ltr'><strong>nominc</strong></span> <span class='ocrx_word' id='word_1_141' title='bbox 1021 3026 1222 3122; x_wconf 87' lang='lat' dir='ltr'><strong>Beniamin,</strong></span> <span class='ocrx_word' id='word_1_142' title='bbox 1251 3027 1316 3123; x_wconf 89' lang='lat' dir='ltr'><strong>qui</strong></span> <span class='ocrx_word' id='word_1_143' title='bbox 1345 3028 1534 3104; x_wconf 77' lang='lat' dir='ltr'><strong>vementes</strong></span> <span class='ocrx_word' id='word_1_144' title='bbox 1558 3029 1597 3104; x_wconf 93' lang='lat' dir='ltr'><strong>in</strong></span> 
     </span>
     <span class='ocr_line' id='line_1_19' title="bbox 424 3145 1596 3246; baseline 0.003 -25"><span class='ocrx_word' id='word_1_145' title='bbox 424 3147 624 3244; x_wconf 79' lang='lat' dir='ltr'><strong>AEgyptum</strong></span> <span class='ocrx_word' id='word_1_146' title='bbox 641 3146 803 3222; x_wconf 61' lang='lat' dir='ltr'><strong>mundo</strong></span> <span class='ocrx_word' id='word_1_147' title='bbox 818 3165 917 3222; x_wconf 87' lang='lat' dir='ltr'><strong>anno</strong></span> <span class='ocrx_word' id='word_1_148' title='bbox 932 3145 1039 3222; x_wconf 69' lang='lat' dir='ltr'><strong>nmis</strong></span> <span class='ocrx_word' id='word_1_149' title='bbox 1057 3146 1307 3222; x_wconf 84' lang='lat' dir='ltr'><strong>adoraverunt</strong></span> <span class='ocrx_word' id='word_1_150' title='bbox 1323 3147 1476 3246; x_wconf 83' lang='lat' dir='ltr'><strong>fratrem</strong></span> <span class='ocrx_word' id='word_1_151' title='bbox 1493 3149 1596 3244; x_wconf 91' lang='lat' dir='ltr'><strong>prin-</strong></span> 
     </span>
     <span class='ocr_line' id='line_1_20' title="bbox 423 3264 1597 3362; baseline 0 -20"><span class='ocrx_word' id='word_1_152' title='bbox 423 3265 542 3361; x_wconf 86' lang='lat' dir='ltr'><strong>cipem</strong></span> <span class='ocrx_word' id='word_1_153' title='bbox 559 3264 718 3361; x_wconf 80' lang='lat' dir='ltr'><strong>AEgypti,</strong></span> <span class='ocrx_word' id='word_1_154' title='bbox 736 3283 848 3358; x_wconf 87' lang='lat' dir='ltr'><strong>quem</strong></span> <span class='ocrx_word' id='word_1_155' title='bbox 865 3282 940 3341; x_wconf 90' lang='lat' dir='ltr'><strong>nou</strong></span> <span class='ocrx_word' id='word_1_156' title='bbox 957 3272 1152 3360; x_wconf 83' lang='lat' dir='ltr'><strong>noverunt,</strong></span> <span class='ocrx_word' id='word_1_157' title='bbox 1175 3285 1261 3342; x_wconf 90' lang='lat' dir='ltr'><strong>cum</strong></span> <span class='ocrx_word' id='word_1_158' title='bbox 1279 3267 1358 3362; x_wconf 89' lang='lat' dir='ltr'><strong>jam</strong></span> <span class='ocrx_word' id='word_1_159' title='bbox 1384 3268 1597 3344; x_wconf 85' lang='lat' dir='ltr'><strong>excessisset</strong></span> 
     </span>
     <span class='ocr_line' id='line_1_21' title="bbox 424 3383 1597 3484; baseline 0.003 -23"><span class='ocrx_word' id='word_1_160' title='bbox 424 3383 655 3482; x_wconf 81' lang='lat' dir='ltr'><strong>trigesimum</strong></span> <span class='ocrx_word' id='word_1_161' title='bbox 674 3383 872 3478; x_wconf 88' lang='lat' dir='ltr'><strong>septimum</strong></span> <span class='ocrx_word' id='word_1_162' title='bbox 888 3403 1040 3462; x_wconf 85' lang='lat' dir='ltr'><strong>annum.</strong></span> <span class='ocrx_word' id='word_1_163' title='bbox 1057 3385 1137 3481; x_wconf 86' lang='lat' dir='ltr'><strong>ipse</strong></span> <span class='ocrx_word' id='word_1_164' title='bbox 1154 3407 1244 3462; x_wconf 84' lang='lat' dir='ltr'><strong>vero</strong></span> <span class='ocrx_word' id='word_1_165' title='bbox 1260 3387 1356 3462; x_wconf 86' lang='lat' dir='ltr'><strong>Bene</strong></span> <span class='ocrx_word' id='word_1_166' title='bbox 1372 3407 1597 3484; x_wconf 78' lang='lat' dir='ltr'><strong>cognoscens</strong></span> 
     </span>
     <span class='ocr_line' id='line_1_22' title="bbox 424 3503 1595 3602; baseline -0.003 -18"><span class='ocrx_word' id='word_1_167' title='bbox 424 3525 500 3600; x_wconf 87' lang='lat' dir='ltr'><strong>eos,</strong></span> <span class='ocrx_word' id='word_1_168' title='bbox 525 3503 588 3580; x_wconf 91' lang='lat' dir='ltr'><strong>sed</strong></span> <span class='ocrx_word' id='word_1_169' title='bbox 619 3503 796 3578; x_wconf 90' lang='lat' dir='ltr'><strong>simulans</strong></span> <span class='ocrx_word' id='word_1_170' title='bbox 821 3505 965 3582; x_wconf 83' lang='lat' dir='ltr'><strong>vocavit</strong></span> <span class='ocrx_word' id='word_1_171' title='bbox 988 3524 1053 3582; x_wconf 90' lang='lat' dir='ltr'><strong>eos</strong></span> <span class='ocrx_word' id='word_1_172' title='bbox 1084 3507 1356 3602; x_wconf 54' lang='lat' dir='ltr'><strong>exploratorem</strong></span> <span class='ocrx_word' id='word_1_173' title='bbox 1380 3514 1419 3584; x_wconf 91' lang='lat' dir='ltr'><strong>et</strong></span> <span class='ocrx_word' id='word_1_174' title='bbox 1447 3507 1595 3583; x_wconf 88' lang='lat' dir='ltr'><strong>taudem</strong></span> 
     </span>
     <span class='ocr_line' id='line_1_23' title="bbox 424 3625 1597 3723; baseline 0.002 -21"><span class='ocrx_word' id='word_1_175' title='bbox 424 3625 510 3702; x_wconf 92' lang='lat' dir='ltr'><strong>dato</strong></span> <span class='ocrx_word' id='word_1_176' title='bbox 534 3627 587 3702; x_wconf 90' lang='lat' dir='ltr'><strong>eis</strong></span> <span class='ocrx_word' id='word_1_177' title='bbox 612 3625 743 3719; x_wconf 90' lang='lat' dir='ltr'><strong>tritico,</strong></span> <span class='ocrx_word' id='word_1_178' title='bbox 768 3631 807 3702; x_wconf 88' lang='lat' dir='ltr'><strong>et</strong></span> <span class='ocrx_word' id='word_1_179' title='bbox 829 3625 959 3719; x_wconf 82' lang='lat' dir='ltr'><strong>praetio</strong></span> <span class='ocrx_word' id='word_1_180' title='bbox 985 3626 1143 3723; x_wconf 90' lang='lat' dir='ltr'><strong>reposito</strong></span> <span class='ocrx_word' id='word_1_181' title='bbox 1167 3625 1206 3701; x_wconf 93' lang='lat' dir='ltr'><strong>in</strong></span> <span class='ocrx_word' id='word_1_182' title='bbox 1230 3626 1356 3722; x_wconf 87' lang='lat' dir='ltr'><strong>saccis,</strong></span> <span class='ocrx_word' id='word_1_183' title='bbox 1374 3626 1508 3702; x_wconf 90' lang='lat' dir='ltr'><strong>dimisit</strong></span> <span class='ocrx_word' id='word_1_184' title='bbox 1532 3646 1597 3704; x_wconf 88' lang='lat' dir='ltr'><strong>eos</strong></span> 
     </span>
     <span class='ocr_line' id='line_1_24' title="bbox 423 3737 1598 3842; baseline 0.002 -21"><span class='ocrx_word' id='word_1_185' title='bbox 423 3765 511 3822; x_wconf 91' lang='lat' dir='ltr'><strong>cum</strong></span> <span class='ocrx_word' id='word_1_186' title='bbox 536 3751 643 3841; x_wconf 92' lang='lat' dir='ltr'><strong>pacto</strong></span> <span class='ocrx_word' id='word_1_187' title='bbox 668 3750 711 3818; x_wconf 93' lang='lat' dir='ltr'><strong>ut</strong></span> <span class='ocrx_word' id='word_1_188' title='bbox 734 3741 914 3820; x_wconf 82' lang='lat' dir='ltr'><strong>ducerent</strong></span> <span class='ocrx_word' id='word_1_189' title='bbox 937 3744 984 3821; x_wconf 86' lang='lat' dir='ltr'><strong>ad</strong></span> <span class='ocrx_word' id='word_1_190' title='bbox 1008 3765 1049 3822; x_wconf 91' lang='lat' dir='ltr'><strong>se</strong></span> <span class='ocrx_word' id='word_1_191' title='bbox 1067 3747 1223 3822; x_wconf 87' lang='lat' dir='ltr'><strong>tratrem</strong></span> <span class='ocrx_word' id='word_1_192' title='bbox 1239 3764 1372 3821; x_wconf 90' lang='lat' dir='ltr'><strong>eorum</strong></span> <span class='ocrx_word' id='word_1_193' title='bbox 1388 3737 1424 3839; x_wconf 81' lang='lat'><strong>(⁶)</strong></span> <span class='ocrx_word' id='word_1_194' title='bbox 1443 3766 1511 3842; x_wconf 88' lang='lat' dir='ltr'><strong>pro</strong></span> <span class='ocrx_word' id='word_1_195' title='bbox 1530 3747 1598 3823; x_wconf 88' lang='lat' dir='ltr'><strong>ob-</strong></span> 
     </span>
     <span class='ocr_line' id='line_1_25' title="bbox 423 3862 1597 3961; baseline 0.004 -24"><span class='ocrx_word' id='word_1_196' title='bbox 423 3862 511 3938; x_wconf 90' lang='lat' dir='ltr'><strong>side.</strong></span> <span class='ocrx_word' id='word_1_197' title='bbox 538 3864 646 3938; x_wconf 89' lang='lat' dir='ltr'><strong>Pater</strong></span> <span class='ocrx_word' id='word_1_198' title='bbox 670 3869 797 3938; x_wconf 90' lang='lat' dir='ltr'><strong>autem</strong></span> <span class='ocrx_word' id='word_1_199' title='bbox 818 3863 874 3936; x_wconf 86' lang='lat' dir='ltr'><strong>his</strong></span> <span class='ocrx_word' id='word_1_200' title='bbox 897 3863 1030 3939; x_wconf 89' lang='lat' dir='ltr'><strong>auditis</strong></span> <span class='ocrx_word' id='word_1_201' title='bbox 1050 3864 1211 3959; x_wconf 90' lang='lat' dir='ltr'><strong>repletus</strong></span> <span class='ocrx_word' id='word_1_202' title='bbox 1232 3863 1360 3941; x_wconf 88' lang='lat' dir='ltr'><strong>dolore</strong></span> <span class='ocrx_word' id='word_1_203' title='bbox 1383 3871 1421 3940; x_wconf 85' lang='lat' dir='ltr'><strong>ct</strong></span> <span class='ocrx_word' id='word_1_204' title='bbox 1445 3871 1597 3961; x_wconf 88' lang='lat' dir='ltr'><strong>stupore</strong></span> 
     </span>
     <span class='ocr_line' id='line_1_26' title="bbox 407 3980 1597 4076; baseline 0.003 -20"><span class='ocrx_word' id='word_1_205' title='bbox 407 3980 617 4064; x_wconf 77' lang='lat' dir='ltr'><strong>‚conterens</strong></span> <span class='ocrx_word' id='word_1_206' title='bbox 640 3999 769 4056; x_wconf 91' lang='lat' dir='ltr'><strong>secum</strong></span> <span class='ocrx_word' id='word_1_207' title='bbox 794 3987 953 4056; x_wconf 84' lang='lat' dir='ltr'><strong>mortem</strong></span> <span class='ocrx_word' id='word_1_208' title='bbox 970 3980 1114 4076; x_wconf 81' lang='lat' dir='ltr'><strong>ioseph,</strong></span> <span class='ocrx_word' id='word_1_209' title='bbox 1132 3999 1244 4074; x_wconf 89' lang='lat' dir='ltr'><strong>quem</strong></span> <span class='ocrx_word' id='word_1_210' title='bbox 1265 3982 1398 4058; x_wconf 88' lang='lat' dir='ltr'><strong>tratres</strong></span> <span class='ocrx_word' id='word_1_211' title='bbox 1415 3983 1597 4060; x_wconf 81' lang='lat' dir='ltr'><strong>tinxerant</strong></span> 
     </span>
     <span class='ocr_line' id='line_1_27' title="bbox 425 4097 1598 4192; baseline 0.004 -19"><span class='ocrx_word' id='word_1_212' title='bbox 425 4099 538 4176; x_wconf 89' lang='lat' dir='ltr'><strong>inisse</strong></span> <span class='ocrx_word' id='word_1_213' title='bbox 566 4119 590 4174; x_wconf 88' lang='lat' dir='ltr'><strong>a</strong></span> <span class='ocrx_word' id='word_1_214' title='bbox 618 4098 698 4174; x_wconf 88' lang='lat' dir='ltr'><strong>iera</strong></span> <span class='ocrx_word' id='word_1_215' title='bbox 730 4097 887 4192; x_wconf 88' lang='lat' dir='ltr'><strong>pessima</strong></span> <span class='ocrx_word' id='word_1_216' title='bbox 911 4099 1142 4192; x_wconf 81' lang='lat' dir='ltr'><strong>devoratum,</strong></span> <span class='ocrx_word' id='word_1_217' title='bbox 1171 4105 1209 4174; x_wconf 92' lang='lat' dir='ltr'><strong>et</strong></span> <span class='ocrx_word' id='word_1_218' title='bbox 1238 4119 1389 4176; x_wconf 89' lang='lat' dir='ltr'><strong>carcere</strong></span> <span class='ocrx_word' id='word_1_219' title='bbox 1417 4101 1598 4178; x_wconf 90' lang='lat' dir='ltr'><strong>Simeonis</strong></span> 
     </span>
     <span class='ocr_line' id='line_1_28' title="bbox 426 4216 1598 4317; baseline 0.001 -21"><span class='ocrx_word' id='word_1_220' title='bbox 426 4225 464 4296; x_wconf 91' lang='lat' dir='ltr'><strong>et</strong></span> <span class='ocrx_word' id='word_1_221' title='bbox 479 4217 644 4314; x_wconf 89' lang='lat' dir='ltr'><strong>periculo</strong></span> <span class='ocrx_word' id='word_1_222' title='bbox 656 4216 845 4293; x_wconf 88' lang='lat' dir='ltr'><strong>Beniamin</strong></span> <span class='ocrx_word' id='word_1_223' title='bbox 862 4216 1055 4293; x_wconf 90' lang='lat' dir='ltr'><strong>induratus</strong></span> <span class='ocrx_word' id='word_1_224' title='bbox 1071 4217 1234 4294; x_wconf 83' lang='lat' dir='ltr'><strong>decreuit</strong></span> <span class='ocrx_word' id='word_1_225' title='bbox 1249 4239 1323 4294; x_wconf 93' lang='lat' dir='ltr'><strong>non</strong></span> <span class='ocrx_word' id='word_1_226' title='bbox 1342 4219 1488 4296; x_wconf 89' lang='lat' dir='ltr'><strong>mittere</strong></span> <span class='ocrx_word' id='word_1_227' title='bbox 1505 4241 1598 4317; x_wconf 90' lang='lat' dir='ltr'><strong>pue-</strong></span> 
     </span>
     <span class='ocr_line' id='line_1_29' title="bbox 425 4337 1598 4436; baseline 0 -22"><span class='ocrx_word' id='word_1_228' title='bbox 425 4357 512 4414; x_wconf 90' lang='lat' dir='ltr'><strong>rum</strong></span> <span class='ocrx_word' id='word_1_229' title='bbox 538 4337 710 4415; x_wconf 86' lang='lat' dir='ltr'><strong>solatium</strong></span> <span class='ocrx_word' id='word_1_230' title='bbox 738 4337 935 4414; x_wconf 90' lang='lat' dir='ltr'><strong>senectutis</strong></span> <span class='ocrx_word' id='word_1_231' title='bbox 968 4355 1057 4414; x_wconf 77' lang='lat' dir='ltr'><strong>suae.</strong></span> <span class='ocrx_word' id='word_1_232' title='bbox 1092 4337 1164 4414; x_wconf 92' lang='lat' dir='ltr'><strong>Sed</strong></span> <span class='ocrx_word' id='word_1_233' title='bbox 1192 4346 1409 4434; x_wconf 88' lang='lat' dir='ltr'><strong>consumpta</strong></span> <span class='ocrx_word' id='word_1_234' title='bbox 1440 4360 1598 4436; x_wconf 86' lang='lat' dir='ltr'><strong>annona,</strong></span> 
     </span>
     <span class='ocr_line' id='line_1_30' title="bbox 425 4457 1599 4555; baseline 0.002 -21"><span class='ocrx_word' id='word_1_235' title='bbox 425 4458 524 4535; x_wconf 81' lang='lat' dir='ltr'><strong>ieme</strong></span> <span class='ocrx_word' id='word_1_236' title='bbox 541 4457 709 4534; x_wconf 83' lang='lat' dir='ltr'><strong>uincente</strong></span> <span class='ocrx_word' id='word_1_237' title='bbox 725 4475 906 4552; x_wconf 90' lang='lat' dir='ltr'><strong>amorem,</strong></span> <span class='ocrx_word' id='word_1_238' title='bbox 920 4457 1017 4534; x_wconf 91' lang='lat' dir='ltr'><strong>misit</strong></span> <span class='ocrx_word' id='word_1_239' title='bbox 1033 4479 1119 4535; x_wconf 91' lang='lat' dir='ltr'><strong>cum</strong></span> <span class='ocrx_word' id='word_1_240' title='bbox 1137 4460 1287 4555; x_wconf 86' lang='lat' dir='ltr'><strong>planctu</strong></span> <span class='ocrx_word' id='word_1_241' title='bbox 1304 4461 1493 4536; x_wconf 89' lang='lat' dir='ltr'><strong>Beniamin</strong></span> <span class='ocrx_word' id='word_1_242' title='bbox 1510 4481 1599 4536; x_wconf 92' lang='lat' dir='ltr'><strong>cum</strong></span> 
     </span>
     <span class='ocr_line' id='line_1_31' title="bbox 426 4577 1600 4676; baseline 0.002 -24"><span class='ocrx_word' id='word_1_243' title='bbox 426 4578 613 4673; x_wconf 86' lang='lat' dir='ltr'><strong>iratribus,</strong></span> <span class='ocrx_word' id='word_1_244' title='bbox 638 4586 677 4653; x_wconf 90' lang='lat' dir='ltr'><strong>et</strong></span> <span class='ocrx_word' id='word_1_245' title='bbox 699 4577 855 4673; x_wconf 88' lang='lat' dir='ltr'><strong>pecunia</strong></span> <span class='ocrx_word' id='word_1_246' title='bbox 879 4577 1080 4673; x_wconf 80' lang='lat' dir='ltr'><strong>duplicata3</strong></span> <span class='ocrx_word' id='word_1_247' title='bbox 1103 4579 1237 4673; x_wconf 86' lang='lat' dir='ltr'><strong>quibus</strong></span> <span class='ocrx_word' id='word_1_248' title='bbox 1261 4579 1394 4676; x_wconf 85' lang='lat' dir='ltr'><strong>ioseph</strong></span> <span class='ocrx_word' id='word_1_249' title='bbox 1410 4581 1495 4656; x_wconf 88' lang='lat' dir='ltr'><strong>iecit</strong></span> <span class='ocrx_word' id='word_1_250' title='bbox 1510 4599 1600 4656; x_wconf 88' lang='lat' dir='ltr'><strong>oon·</strong></span> 
     </span>
     <span class='ocr_line' id='line_1_32' title="bbox 488 4761 1463 4863; baseline 0.006 -52"><span class='ocrx_word' id='word_1_251' title='bbox 488 4761 513 4863; x_wconf 59' lang='lat' dir='ltr'><strong>q)</strong></span> <span class='ocrx_word' id='word_1_252' title='bbox 530 4761 561 4812; x_wconf 80' lang='lat' dir='ltr'><strong>B.</strong></span> <span class='ocrx_word' id='word_1_253' title='bbox 578 4763 696 4826; x_wconf 81' lang='lat' dir='ltr'><strong>exposuit</strong></span> <span class='ocrx_word' id='word_1_254' title='bbox 712 4767 739 4815; x_wconf 91' lang='lat' dir='ltr'><strong>et</strong></span> <span class='ocrx_word' id='word_1_255' title='bbox 755 4765 858 4827; x_wconf 80' lang='lat' dir='ltr'><strong>apernit</strong></span> <span class='ocrx_word' id='word_1_256' title='bbox 872 4765 896 4815; x_wconf 83' lang='lat' dir='ltr'><strong>ct</strong></span> <span class='ocrx_word' id='word_1_257' title='bbox 914 4764 985 4828; x_wconf 80' lang='lat' dir='ltr'><strong>quod</strong></span> <span class='ocrx_word' id='word_1_258' title='bbox 1000 4776 1049 4828; x_wconf 83' lang='lat' dir='ltr'><strong>per</strong></span> <span class='ocrx_word' id='word_1_259' title='bbox 1064 4765 1163 4816; x_wconf 74' lang='lat' dir='ltr'><strong>minoia</strong></span> <span class='ocrx_word' id='word_1_260' title='bbox 1177 4765 1231 4828; x_wconf 83' lang='lat' dir='ltr'><strong>ipsa</strong></span> <span class='ocrx_word' id='word_1_261' title='bbox 1249 4765 1463 4828; x_wconf 79' lang='lat' dir='ltr'><strong>portendebatur.</strong></span> 
     </span>
     <span class='ocr_line' id='line_1_33' title="bbox 486 4836 1377 4979; baseline -0.004 -7"><span class='ocrx_word' id='word_1_262' title='bbox 486 4841 516 4974; x_wconf 79' lang='lat' dir='ltr'><strong>t</strong></span> <span class='ocrx_word' id='word_1_263' title='bbox 532 4836 563 4962; x_wconf 76' lang='lat' dir='ltr'><strong>i.</strong></span> <span class='ocrx_word' id='word_1_264' title='bbox 578 4841 922 4970; x_wconf 55' lang='lat' dir='ltr'><strong>mm</strong></span> <span class='ocrx_word' id='word_1_265' title='bbox 1106 4840 1377 4979; x_wconf 53' lang='lat' dir='ltr'><strong>iiti‘idtf&#39;t</strong></span> 
     </span>
    </p>
   </div>
   <div class='ocr_carea' id='block_1_3' title="bbox 424 4985 1594 5116">
    <p class='ocr_par' dir='ltr' id='par_1_3' title="bbox 424 4985 1594 5116">
     <span class='ocr_line' id='line_1_34' title="bbox 442 4985 1594 5116; baseline 0.003 -79"><span class='ocrx_word' id='word_1_266' title='bbox 442 4985 586 5115; x_wconf 45' lang='lat' dir='ltr'><strong>“¹3:¹ss</strong></span> <span class='ocrx_word' id='word_1_267' title='bbox 603 4999 698 5116; x_wconf 51' lang='lat' dir='ltr'><strong>legram</strong></span> <span class='ocrx_word' id='word_1_268' title='bbox 713 4991 860 5054; x_wconf 73' lang='lat' dir='ltr'><strong>parvulum</strong></span> <span class='ocrx_word' id='word_1_269' title='bbox 876 4994 979 5044; x_wconf 81' lang='lat' dir='ltr'><strong>retento</strong></span> <span class='ocrx_word' id='word_1_270' title='bbox 994 5002 1048 5041; x_wconf 88' lang='lat' dir='ltr'><strong>nno</strong></span> <span class='ocrx_word' id='word_1_271' title='bbox 1067 5001 1162 5042; x_wconf 85' lang='lat' dir='ltr'><strong>eornm</strong></span> <span class='ocrx_word' id='word_1_272' title='bbox 1177 4990 1357 5044; x_wconf 68' lang='lat' dir='ltr'><strong>obite-B.</strong></span> <span class='ocrx_word' id='word_1_273' title='bbox 1373 4990 1482 5042; x_wconf 81' lang='lat' dir='ltr'><strong>intrem</strong></span> <span class='ocrx_word' id='word_1_274' title='bbox 1502 5003 1594 5044; x_wconf 83' lang='lat' dir='ltr'><strong>sorum</strong></span> 
     </span>
     <span class='ocr_line' id='line_1_35' title="bbox 424 5077 652 5115; baseline 0.004 -1"><span class='ocrx_word' id='word_1_275' title='bbox 424 5077 441 5114; x_wconf 90' lang='lat' dir='ltr'><strong>o</strong></span> <span class='ocrx_word' id='word_1_276' title='bbox 541 5098 549 5115; x_wconf 92' lang='lat'><strong>.</strong></span> <span class='ocrx_word' id='word_1_277' title='bbox 586 5077 602 5114; x_wconf 85' lang='grc' dir='ltr'>ι</span> <span class='ocrx_word' id='word_1_278' title='bbox 644 5098 652 5115; x_wconf 92' lang='grc'><strong>.</strong></span> 
     </span>
    </p>
   </div>
   <div class='ocr_carea' id='block_1_4' title="bbox 0 0 2288 6836">
    <p class='ocr_par' dir='ltr' id='par_1_4' title="bbox 0 0 2288 6836">
     <span class='ocr_line' id='line_1_36' title="bbox 0 0 2288 6836; baseline 0 0"><span class='ocrx_word' id='word_1_279' title='bbox 0 0 2288 6836; x_wconf 95' lang='lat' dir='ltr'><strong> </strong></span> 
     </span>
    </p>
   </div>
  </div>
 </body>
</html>
