4526 6836
770 985 908 1043 CANTUS
932 985 1092 1043 DECfflUS
1116 986 1245 1042 domus.
1543 973 1588 1041 33

423 1133 500 1202 met
519 1135 557 1204 et
580 1129 798 1225 praeconizet
814 1138 937 1206 vestra
954 1129 1041 1205 vitia
1058 1137 1096 1206 ct
1111 1127 1295 1224 supplitia3
1313 1135 1351 1202 et
1370 1133 1472 1202 certe
1489 1127 1591 1204 nulla

423 1255 478 1324 est
503 1248 591 1323 tuba
615 1249 879 1352 viventisque
903 1249 953 1324 ita
978 1249 1120 1326 fecisset
1140 1254 1226 1323 nota
1247 1248 1344 1322 mala
1365 1247 1532 1342 istorum,
1554 1253 1592 1322 et

423 1389 510 1446 ecce
532 1369 720 1445 ordinem:
739 1362 831 1464 perd
862 1373 923 1444 clte
951 1373 1042 1444 aedo
1071 1377 1171 1444 terzo
1199 1369 1316 1460 bolpta
1348 1365 1444 1442 stae.
1459 1407 1508 1422 -
1525 1358 1591 1442 md

421 1513 577 1567 aevom.
603 1491 669 1566 llic
693 1497 803 1567 autor
827 1489 922 1568 lacta
946 1489 1210 1566 exclamatione
1235 1487 1425 1585 condigna,
1450 1488 1590 1564 descri-

422 1614 474 1688 bit
497 1614 620 1688 locum
646 1612 693 1688 ad
718 1633 830 1707 quem
856 1612 1096 1707 devenerunt,
1115 1615 1157 1684 ut
1173 1611 1224 1685 sic
1249 1609 1361 1684 intret
1380 1609 1588 1704 materiam,

422 1734 565 1809 dicens:
595 1723 662 1807 th
686 1753 833 1806 ercvam
857 1735 1002 1806 moranti
1026 1736 1070 1807 de
1093 1735 1128 1805 to
1152 1734 1283 1822 scoplr'o
1313 1751 1338 1802 a
1369 1732 1405 1803 ln
1428 1735 1587 1821 rapam

423 1855 552 1947 mmor,
578 1854 669 1954 idest
684 1852 731 1929 ad
749 1853 895 1928 tertiam
912 1853 1087 1950 bulgum,
1108 1872 1221 1946 quarn
1243 1856 1353 1925 autor
1369 1851 1465 1926 bene
1481 1856 1589 1924 vocat

423 1975 601 2070 tumbam,
626 1974 718 2050 idest
741 1974 980 2070 sepulturam,
1006 1972 1092 2067 quia
1128 1971 1167 2045 in
1195 1992 1240 2047 ea
1268 1977 1355 2046 sunt
1379 1970 1511 2067 sepulti
1540 1969 1590 2043 si·

421 2095 588 2190 moniaci,
614 2094 802 2168 utstatim
827 2093 974 2189 patebit.
998 2091 1198 2167 veniebant
1224 2090 1321 2166 enim
1347 2109 1414 2185 per
1438 2096 1588 2184 pontem

420 2215 536 2293 oerttae
566 2215 712 2312 bulgiae,
742 2221 780 2289 et
808 2214 887 2309 jam
903 2207 940 2306 (⁴)
973 2217 1218 2309 pervenerant
1252 2211 1312 2306 ad
1330 2211 1478 2285 culmen
1509 2231 1590 2284 me-

420 2335 521 2410 dium
536 2325 574 2428 (¹)
591 2335 713 2430 ipsius,
730 2333 812 2408 ideo
831 2332 935 2407 dicit:
953 2335 988 2406 in
1007 2334 1120 2424 psalm
1131 2336 1237 2424 parte
1252 2333 1303 2404 clt'
1316 2351 1341 2402 a
1351 2336 1476 2424 punto,
1497 2328 1589 2406 idest

418 2453 768 2551 perpendiculariter
785 2460 822 2528 et
837 2453 985 2547 directe,
998 2451 1155 2545 plomba,
1171 2449 1263 2525 idest
1279 2449 1390 2527 trabit
1405 2449 1452 2524 ad
1468 2448 1588 2544 plom-

418 2573 545 2648 binum
561 2565 611 2668 (³),
636 2594 748 2666 sopra
770 2576 798 2646 tt
820 2593 942 2645 awzzo
964 2576 1076 2667 fosso,
1097 2569 1185 2664 quia
1210 2567 1329 2644 media
1354 2588 1440 2664 pars
1468 2566 1586 2664 pontis

421 2693 613 2790 respondet
626 2681 664 2786 (⁸)
690 2692 907 2789 punctaliter
931 2711 1042 2786 supra
1067 2689 1228 2765 medium
1248 2687 1359 2763 vallis.
1381 2687 1425 2761 Et
1450 2684 1589 2761 descri-

419 2819 551 2909 pturus
566 2815 677 2886 autor
697 2831 845 2908 poenam
871 2809 1103 2908 peregrinam
1121 2810 1288 2904 istorum,
1309 2807 1433 2904 incipit
1453 2829 1476 2882 a
1493 2827 1587 2901 qua-

419 2933 504 3008 dam
529 2932 794 3008 exclamatione
818 2931 1100 3026 admirativum
1121 2929 1279 3026 dirigens
1304 2948 1513 3004 sermonem
1539 2925 1586 3002 ad

420 3053 550 3148 Deum²
575 3052 640 3148 qui
665 3063 739 3129 tam
760 3053 862 3148 juste
886 3051 1001 3148 punit,
1026 3050 1135 3126 dicit:
1171 3054 1201 3123 0
1231 3069 1368 3123 somma
1391 3050 1586 3142 capistria,

417 3173 551 3249 scilicet
574 3173 706 3267 divina,
732 3179 865 3266 puncto
888 3168 926 3247 dc
950 3176 972 3245 ἱ
984 3178 1076 3264 arte,
1092 3169 1197 3266 quasi
1220 3168 1316 3247 dicat
1340 3169 1446 3244 valde
1471 3168 1587 3243 mira-

417 3293 507 3388 bilis,
532 3295 593 3367 cle
616 3296 740 3367 υιουὶυἱ
761 3296 800 3366 ta
823 3295 922 3384 neto,
947 3292 1034 3387 quia
1065 3291 1130 3366 das
1153 3290 1317 3366 diversos
1341 3289 1478 3386 gradus
1504 3289 1586 3385 glo-

417 3412 480 3487 riae
505 3412 543 3486 in
567 3412 662 3488 coelo
686 3412 825 3509 angelis
849 3417 888 3489 et
911 3412 1037 3506 beatis,
1062 3413 1100 3485 in
1125 3418 1259 3485 ter-rae
1279 3412 1338 3483 trel
1351 3412 1427 3484 mol
1440 3410 1585 3500 amado,

415 3531 505 3608 idest
529 3533 567 3608 in
592 3533 826 3610 inremotam
847 3532 1061 3626 viventium,
1083 3551 1196 3626 quam
1219 3535 1454 3606 mortuorum
1469 3521 1521 3625 (ὓ),
1542 3535 1586 3604 ut

413 3659 523 3747 patet,
541 3653 628 3748 quia
653 3653 824 3728 omnibus
839 3653 902 3728 dat
915 3642 951 3746 (⁶)
970 3645 1097 3750 poenas
1115 3651 1266 3728 meritas
1282 3649 1485 3726 secuudum
1506 3649 1586 3725 exi·

413 3773 571 3869 gentiam
598 3781 846 3870 peccatorum,
872 3795 892 3847 e
916 3781 1044 3867 quosue
1067 3775 1194 3866 piato,
1219 3772 1311 3847 idest
1335 3777 1372 3848 et
1397 3778 1584 3866 quantum

408 3894 569 3991 iustitiae,
594 3903 655 3969 tua
680 3891 777 3970 veru
801 3901 998 3988 compertu
1021 3893 1114 3970 idest
1144 3891 1499 3990 proportionabiliter
1528 3891 1583 3967 di·

413 4015 558 4090 stribuit
581 4015 701 4090 dando
717 4015 917 4110 unicuique
928 4014 1129 4111 justissime
1145 4013 1246 4108 quod
1262 4013 1431 4088 convenit
1447 4020 1485 4088 et
1502 4033 1582 4088 me-

414 4141 527 4212 retur.
542 4177 591 4191 -
603 4141 644 4210 lo
663 4138 744 4210 υἱώ
771 4135 836 4210 llic
852 4142 962 4209 autor
978 4133 1150 4210 describit
1165 4134 1281 4230 ipsam
1297 4122 1334 4226 (⁷)
1348 4153 1508 4230 poennm.
1527 4132 1580 4207 dd

413 4256 518 4331 cuius
537 4255 810 4354 intelligentiam
828 4260 882 4330 est
899 4252 1060 4330 breviter
1077 4252 1279 4329 notandum
1291 4243 1341 4347 (θ),
1355 4252 1455 4348 quod
1470 4273 1579 4349 poena

413 4376 566 4454 istorum
592 4385 648 4454 est
676 4376 769 4472 talis,
802 4374 948 4472 scilicet,
974 4374 1074 4471 quod
1098 4380 1195 4449 stant
1223 4373 1352 4449 inclusi
1383 4380 1421 4448 et
1452 4372 1583 4469 sepulti

413 4497 502 4574 recti
527 4497 565 4573 ln
588 4496 828 4572 foraminibus
844 4502 955 4571 terrae
972 4517 1059 4571 cum
1076 4494 1255 4589 capitibus
1271 4493 1446 4569 deorsum
1463 4499 1501 4569 ct
1512 4513 1583 4589 pe-

412 4615 518 4692 dibus
542 4637 703 4712 sursum,
725 4636 886 4711 quorum
911 4615 1044 4712 plantae
1060 4613 1197 4711 pedum
1219 4605 1475 4706 aduruntnrt⁹l
1494 4633 1584 4688 oon-

474 4805 605 4874 <¹rs.tu.
1087 4808 1397 4872 (aspernamus,
1414 4808 1482 4859 roeo.

473 4886 501 4950 (¹)
516 4886 543 4938 S.
559 4887 704 4950 ptonbom.
1086 4883 1114 4949 θ)
1129 4885 1161 4936 ll.
1177 4885 1310 4949 rospondit
1325 4885 1510 4949 pnnotnnlttor.

473 4959 501 5026 (¹)
518 4963 549 5014 B.
565 4963 743 5015 morientium.
886 5003 890 5010 .
1086 4961 1114 5024 θ)
1129 4960 1155 5013 S.
1172 4961 1225 5013 dns.

474 5035 502 5103 θ)
519 5041 574 5100 tlt,
590 5039 712 5092 doeodtrtt
728 5041 812 5093 tutam
1084 5037 1113 5101 θ)
1126 5038 1154 5090 Β.
1170 5039 1313 5092 wtertdm

474 5114 502 5179 p)
519 5120 575 5176 tra,
592 5117 792 5170 maumam.

545 5223 576 5269 Η.
1434 5221 1451 5266 ⁸
