4606 6840
721 967 793 1036 234
1115 977 1320 1035 contumuit
1344 977 1496 1034 utrum

791 1076 925 1201 dlmtre
948 1128 1008 1198 cle
1031 1117 1240 1217 sipariove.
1259 1125 1330 1199 Ista
1347 1130 1402 1200 est
1422 1123 1581 1199 secunda
1602 1143 1687 1220 pars
1702 1115 1738 1215 (¹)
1756 1121 1795 1196 iu
1811 1143 1885 1215 qua

718 1254 828 1322 autor
856 1247 931 1342 agit
960 1252 997 1320 et
1023 1251 1152 1320 tractat
1184 1245 1230 1320 de
1256 1245 1416 1320 secunda
1445 1246 1565 1340 specie
1589 1245 1714 1319 lurum
1741 1249 1889 1318 contra»

720 1368 774 1441 ria
800 1367 938 1462 primae,
965 1366 1051 1460 quia
1077 1385 1223 1460 semper
1248 1366 1436 1459 iurantur3
1463 1365 1561 1440 unde
1586 1364 1688 1460 tingit
1713 1370 1788 1438 tres
1814 1363 1888 1458 spi·
2011 1424 2019 1438 .

720 1487 811 1560 ritus
845 1485 1039 1560 modernos
1069 1486 1280 1560 llorentinos
1314 1483 1562 1582 supervenire,
1589 1503 1750 1579 quorum
1777 1483 1886 1556 unius

721 1605 924 1679 mirabilem
943 1605 1184 1680 mutationem
1203 1604 1305 1702 tingit
1322 1605 1358 1678 in
1385 1606 1452 1678 ista
1469 1603 1628 1679 secunda
1647 1603 1767 1698 specie
1787 1603 1884 1676 lurti.

721 1727 765 1800 Et
789 1725 909 1820 primo
933 1724 1149 1798 continuans
1177 1724 1272 1798 dicta
1296 1725 1465 1818 dicendis,
1490 1723 1593 1798 dicit:
1620 1726 1713 1814 etei,
1740 1722 1886 1817 scilicet,

722 1847 838 1920 Cacus
875 1851 1073 1919 centaurus
1111 1845 1318 1942 sacrilegus,
1357 1857 1545 1935 troscorse,
1579 1844 1681 1938 idest,
1719 1843 1888 1918 celeriter

722 1965 886 2040 transivit
910 1971 947 2039 ct
980 1965 1128 2040 recessit
1158 1985 1179 2038 a
1213 1965 1292 2039 risu
1327 1971 1463 2058 nostro,
1495 1965 1582 2059 quia
1616 1970 1696 2038 erat
1720 1961 1890 2036 dimidius

721 2105 850 2178 equuS,
877 2094 914 2161 et
938 2085 1145 2161 stimulatus
1169 2091 1223 2158 tot
1247 2083 1407 2158 millibus
1431 2089 1655 2179 serpentum,
1680 2089 1811 2154 mentre
1827 2083 1889 2154 elle

718 2197 938 2298 sipariove,
964 2205 1066 2298 idest,
1093 2205 1237 2278 interim
1264 2205 1352 2279 dum
1385 2205 1554 2301 Virgilius
1584 2204 1635 2278 sic
1668 2205 1887 2297 loquebatur

719 2325 765 2399 de
790 2325 866 2419 ipso
896 2325 1002 2418 Caco,
1034 2345 1053 2397 e
1083 2333 1136 2398 tre
1164 2327 1278 2417 spiriti
1306 2345 1434 2398 oenoer
1461 2331 1550 2397 sotto
1582 2327 1665 2415 noi;
1698 2323 1754 2396 isti
1781 2329 1887 2398 erant

719 2451 794 2518 tres
819 2443 957 2518 nobiles
974 2445 1164 2537 tloreutini,
1183 2464 1343 2538 quorum
1363 2465 1459 2518 unus
1481 2450 1633 2518 vocatus
1654 2448 1708 2518 est
1725 2442 1887 2538 Angelus

718 2563 765 2637 de
790 2563 1041 2638 Burnelesclris
1055 2555 1110 2656 (²);
1135 2564 1228 2638 alter
1245 2565 1373 2638 Bosius
1398 2563 1444 2638 de
1468 2564 1633 2656 Donatis3
1660 2563 1789 2638 tertius
1811 2563 1886 2635 Pu-

720 2683 799 2757 cius
823 2682 868 2756 de
893 2683 1061 2779 Galligais
1076 2675 1126 2778 (³),
1151 2683 1197 2758 de
1221 2705 1382 2778 quorum
1400 2685 1520 2780 primo
1536 2683 1656 2757 statim
1677 2683 1829 2776 dicetur,
1847 2691 1885 2758 et

720 2802 824 2878 dicit:
851 2805 904 2875 dc'
917 2806 1000 2894 quai
1022 2796 1068 2876 nd
1088 2807 1124 2876 io
1159 2798 1239 2876 ηδ’(
1256 2806 1346 2877 duco
1374 2807 1444 2876 mio
1478 2807 1507 2876 ε’
1520 2825 1673 2896 accerse,
1705 2803 1798 2897 visu,
1821 2802 1884 2878 sed

721 2941 812 2997 voce
836 2941 923 2996 cum
948 2922 1099 2996 luerunt
1123 2943 1245 3019 prope.
1272 2925 1316 2996 lit
1340 2944 1405 3019 per
1426 2925 1495 2998 hoc
1515 2929 1624 2997 autor
1640 2929 1743 2997 notat
1758 2928 1883 2996 actum

722 3043 858 3137 lurum,
885 3043 948 3137 qui
973 3043 1145 3118 incedunt
1175 3043 1221 3118 ad
1253 3044 1393 3118 lurtum
1426 3045 1475 3118 ita
1510 3045 1617 3138 lente,
1650 3045 1768 3138 plane,
1794 3043 1887 3117 leui-

721 3170 777 3238 ter
792 3151 841 3257 (*),
873 3163 1031 3238 molliter
1062 3173 1099 3242 et
1132 3165 1288 3240 latenter
1322 3165 1420 3259 quod
1446 3166 1557 3239 homo
1582 3184 1655 3238 uon
1684 3163 1884 3259 perpendit,

720 3283 787 3358 uisi
812 3284 960 3377 quaudo
974 3276 1010 3376 (⁵)
1038 3287 1258 3380 requiritur,
1280 3285 1361 3361 ideo
1386 3285 1489 3359 dicit:
1506 3305 1544 3356 se
1559 3305 1630 3357 reon
1647 3287 1788 3376 mando
1807 3287 1885 3376 pn·-

719 3407 809 3477 dar.-
833 3402 1004 3496 dicentes,
1029 3407 1084 3477 clti
1106 3407 1186 3478 aare
1211 3408 1281 3495 ooi,
1306 3404 1477 3499 petebant
1494 3424 1517 3478 a
1533 3403 1682 3500 Virgilio
1707 3409 1745 3478 et
1769 3405 1885 3480 Dante

719 3524 782 3616 qui
807 3529 938 3618 esseut,
964 3545 1057 3617 quos
1082 3524 1251 3602 videbant
1266 3515 1301 3617 (⁶)
1333 3531 1443 3617 stare,
1474 3544 1547 3598 non
1575 3524 1715 3621 lugere,
1746 3535 1783 3602 et
1808 3526 1886 3601 siue

719 3663 838 3739 poeua.
865 3642 949 3717 ldeo
974 3643 1144 3739 Virgilius
1173 3651 1210 3718 et
1242 3645 1375 3718 [lantes
1408 3645 1503 3739 capti
1532 3644 1692 3718 novitate
1724 3645 1777 3719 rei
1813 3667 1886 3720 nou

720 3761 986 3857 responderunt
1011 3762 1089 3856 illis,
1116 3763 1178 3838 sed
1203 3763 1390 3838 desierunt
1415 3764 1525 3859 loqui,
1552 3771 1590 3837 et
1614 3772 1805 3860 ooeperuut
1825 3785 1887 3838 so-

720 3881 911 3956 lummodo
937 3883 1119 3978 respicere
1151 3882 1197 3957 ad
1230 3883 1326 3978 ipsos
1356 3883 1457 3978 quid'
1475 3885 1594 3958 acturi
1625 3891 1761 3979 essent,
1786 3884 1886 3961 unde

720 4003 828 4078 dicit:
852 3999 979 4094 perone*
1000 4011 1125 4077 nostra
1148 4007 1285 4078 novellu
1318 4006 1350 4077 si
1381 4007 1520 4094 mstcttc,
1551 4003 1653 4098 idest,
1682 4003 1887 4079 dimisimus

722 4122 914 4197 materiam
942 4123 1037 4217 Caci,
1054 4123 1101 4198 dc
1126 4145 1201 4217 quo
1227 4143 1345 4219 uuper
1360 4113 1397 4216 (⁷)
1421 4124 1677 4218 loquebamur,
1696 4125 1783 4217 quia
1798 4125 1886 4198 satis

722 4244 859 4319 dictum
898 4249 978 4317 erat
1011 4243 1058 4318 de
1088 4263 1134 4318 eo
1170 4245 1240 4317 sub
1268 4244 1442 4318 brevibus
1472 4244 1604 4338 verbis,
1634 4251 1668 4317 et
1693 4247 1887 4318 mendeno

718 4383 790 4456 pur
823 4364 873 4435 od
904 4365 971 4435 essi
996 4365 1073 4454 pot,
1107 4369 1147 4436 ut
1178 4363 1436 4437 deveniremus
1468 4363 1515 4439 ad
1547 4363 1790 4460 coguitionem
1818 4384 1888 4438 no-

721 4503 854 4556 vorum
888 4481 1026 4575 iurum,
1063 4481 1111 4556 de
1147 4481 1281 4575 quibus
1307 4482 1469 4556 uoudum
1503 4481 1637 4575 aliquid
1663 4483 1884 4558 videramus.

720 4605 823 4674 -lo
845 4621 928 4672 oon.
954 4600 1019 4674 llic
1044 4606 1153 4674 autor
1179 4607 1401 4675 tractaturus
1425 4601 1472 4676 de
1488 4601 1573 4696 istis,
1592 4603 1710 4696 primo
1727 4601 1829 4700 tingit
1846 4623 1887 4678 se

720 4740 793 4794 non
806 4708 995 4810 novisset)
1008 4737 1071 4794 eos
1085 4719 1202 4814 prima
1215 4719 1316 4814 lucie,
1330 4720 1392 4795 sed
1407 4741 1503 4794 unus
1520 4721 1632 4796 ulium
1649 4723 1885 4800 nominavita

781 4937 809 5002 rt
825 4936 1177 5001 upnngmumrnqun.
1224 4935 1252 5000 t't
1267 4937 1298 4986 Β·
1313 4936 1502 4988 emimus
1534 4936 1561 5001 o
1577 4937 1608 4989 R
1623 4938 1656 4989 d·
1670 4938 1816 5004 &nimis

782 5012 810 5076 (·)
825 5012 857 5064 li.
873 5012 974 5064 leviter.
1222 5012 1295 5076 (⁸113.
1313 5016 1421 5063 tautum.
1532 5013 1561 5076 (·)
1575 5014 1607 5066 ll.
1623 5014 1747 5068 ridermt.

783 5089 810 5153 (³)
826 5089 857 5139 li.
873 5101 975 5154 temper
990 5088 1172 5156 toqoetmtur.
1224 5089 1250 5152 (¹)
1265 5089 1291 5141 S.
1308 5103 1335 5140 se
1351 5101 1404 5140 non
1419 5089 1518 5142 vidiae.
