4550 6844
734 981 805 1050 lbb
1128 989 1333 1048 uonnnnun
1357 994 1508 1048 lllFlilllll

732 1139 873 1238 primus
898 1135 1006 1232 ooepit
1023 1155 1104 1216 esse
1121 1143 1249 1233 polens
1265 1138 1361 1214 inter
1377 1139 1556 1234 homines,
1573 1139 1634 1214 cui
1654 1139 1817 1238 Babylon
1836 1141 1908 1217 init

733 1257 950 1357 principium
967 1257 1092 1356 regni3
1110 1257 1209 1334 unde
1234 1258 1377 1335 initium
1395 1260 1578 1335 bellorum
1595 1269 1633 1336 et
1652 1261 1758 1357 origo
1779 1269 1907 1359 lyran-

734 1381 825 1456 nidis
842 1378 947 1454 lluxit
960 1371 997 1478 (¹)
1012 1379 1050 1452 in
1067 1379 1192 1474 terris3
1210 1380 1280 1455 sub
1299 1401 1375 1475 quo
1395 1391 1432 1460 et
1451 1402 1474 1456 a
1491 1401 1566 1476 quo
1582 1381 1644 1455 illa
1664 1380 1805 1457 lamosa
1825 1387 1908 1457 lun-

735 1499 784 1574 ris
815 1497 1030 1594 babylonica
1063 1499 1222 1595 iuooepla
1253 1506 1309 1574 eol
1340 1501 1387 1576 ad
1421 1501 1558 1576 coelum
1591 1501 1701 1595 itura,
1737 1502 1805 1577 nisi
1836 1504 1909 1577 bu-

735 1641 854 1696 manae
869 1611 1107 1714 (²)aupenbiae
1131 1619 1252 1695 divina
1278 1621 1439 1716 potentia
1466 1621 1671 1698 restitisset:
1698 1622 1744 1697 de
1770 1644 1845 1717 qua
1870 1630 1909 1699 el

733 1740 813 1816 eius
837 1745 971 1820 autore
1000 1745 1075 1814 tam
1091 1739 1270 1824 ¹brevitor
1300 1748 1515 1837 pertranseo
1544 1742 1614 1836 bic,
1640 1741 1728 1836 quia
1760 1742 1807 1817 de
1837 1743 1908 1817 boo

732 1861 851 1936 dicam
876 1859 1017 1956 plonius
1042 1859 1250 1956 Purgatorii
1274 1861 1434 1957 capitulo
1465 1863 1541 1956 llll,
1566 1861 1630 1936 ubi
1659 1869 1770 1936 autor
1795 1863 1905 1938 dicit:

733 1984 840 2056 uedeo
858 1979 1044 2059 Nombrolb
1069 2001 1093 2054 α
1112 1976 1174 2073 pie
1191 1982 1250 2054 del
1270 2001 1367 2073 man
1391 1984 1527 2056 lavoro.
1549 1981 1642 2057 llicit
1659 2003 1749 2079 ergo
1774 1989 1904 2058 autor:

728 2103 792 2195 poi
810 2101 942 2178 diseno
967 2119 1038 2174 oue:
1062 2098 1210 2196 scilicet,
1229 2099 1289 2174 ille
1310 2101 1500 2198 Virgilius:
1518 2104 1587 2193 egli
1600 2109 1708 2176 abono
1727 2105 1904 2196 necnon,

732 2221 819 2316 quia
835 2220 971 2302 scilicet
994 2241 1042 2296 ex
1067 2221 1215 2318 loquela
1240 2241 1308 2296 sua
1332 2220 1395 2296 dat
1414 2220 1564 2318 intelligi
1582 2222 1664 2315 quis
1684 2220 1749 2316 sit3
1768 2229 1805 2298 ei
1821 2243 1905 2319 spe·

731 2341 850 2422 nificat
874 2361 961 2417 eum
988 2362 1011 2416 a
1037 2340 1185 2415 nomine
1209 2347 1248 2416 el
1271 2341 1319 2416 ab
1345 2341 1425 2416 eius
1453 2341 1527 2418 alta
1556 2342 1739 2438 superbia,
1757 2342 1903 2418 dicens:

733 2465 841 2558 quenti
863 2459 901 2538 eb
925 2461 1125 2552 Nnmbrolb,
1151 2467 1189 2535 el
1212 2468 1268 2537 esi
1294 2482 1429 2538 nomen
1451 2461 1685 2556 eonveniens,
1699 2483 1765 2556 per
1790 2465 1825 2536 lo
1849 2466 1906 2536 caci

733 2585 809 2660 mul
830 2588 921 2672 coto,
945 2580 1047 2674 idest,
1066 2590 1215 2676 propter
1237 2581 1344 2656 ouius
1368 2582 1509 2656 malum
1535 2581 1755 2679 cogitamen,
1766 2603 1839 2675 pur
1856 2601 1906 2655 un

732 2701 937 2792 lmffltaogio
962 2700 1021 2772 nel
1042 2701 1172 2773 mondo
1196 2719 1269 2773 non
1292 2703 1413 2792 nonu,
1431 2699 1518 2794 quia
1535 2721 1557 2775 a
1574 2701 1752 2797 principio
1775 2721 1905 2777 omnes

733 2819 900 2898 homines
924 2817 1054 2894 eodem
1068 2809 1106 2911 (⁸)
1133 2839 1201 2896 ore
1225 2819 1484 2915 loquebantur,
1510 2826 1548 2895 el
1571 2841 1647 2896 una
1672 2821 1798 2918 lingua
1823 2829 1904 2898 erat

732 2941 769 3016 in
787 2939 980 3035 omnibns3
996 2939 1061 3015 sed
1080 2939 1118 3013 in
1139 2960 1253 3036 opere
1269 2939 1545 3016 inconsumabili
1556 2929 1595 3034 (⁴)
1617 2940 1820 3016 Nembrolb
1837 2942 1905 3017 luit

730 3060 846 3136 divisa
871 3059 908 3132 in
938 3061 1074 3134 mullas
1102 3065 1140 3135 et
1171 3059 1344 3135 diversas.
1377 3059 1421 3134 Et
1449 3059 1633 3136 concludit
1665 3059 1836 3155 Virgilius
1866 3061 1903 3136 in

731 3181 800 3256 bac
824 3185 940 3274 pario,
961 3179 1105 3254 dicens:
1131 3181 1328 3254 Lusciunalo
1343 3185 1453 3271 stare,
1470 3179 1558 3274 quia
1583 3179 1667 3254 lioel
1690 3177 1808 3254 dicam
1835 3178 1902 3253 sibi

731 3300 845 3376 verba
870 3299 1148 3396 exprobratoria
1176 3298 1264 3373 nibil
1296 3305 1428 3394 portat,
1454 3299 1540 3394 quio
1572 3299 1622 3374 ita
1651 3299 1729 3394 ipse
1756 3299 1900 3374 nullum

730 3419 906 3517 inlelligit,
931 3419 1027 3495 siout
1051 3419 1174 3494 nullus
1197 3419 1364 3516 inlelligit
1389 3439 1488 3495 eum.
1515 3418 1608 3494 Dioil
1638 3439 1752 3516 engo:
1782 3442 1802 3494 e
1831 3439 1902 3493 aon

727 3543 908 3635 ρανῑίωηο
932 3560 957 3612 a
981 3546 1074 3632 volo,
1099 3539 1190 3614 idest
1214 3538 1363 3635 inostro,
1390 3539 1476 3634 quia
1508 3559 1582 3613 non
1614 3541 1695 3633 plus
1724 3544 1831 3613 curat
1855 3538 1902 3612 de

731 3659 853 3737 verbis
878 3658 1150 3735 oonlumeliosis
1174 3681 1288 3754 quam
1313 3659 1463 3753 blandis,
1486 3679 1531 3735 ex
1557 3679 1632 3752 quo
1657 3657 1744 3732 nibil
1769 3657 1903 3734 intelli·

730 3781 794 3878 git,
820 3780 919 3856 unde
943 3779 1047 3854 dicii:
1071 3774 1135 3854 obe*
1154 3783 1295 3854 anama
1311 3781 1514 3871 buyuuggio
1537 3771 1560 3852 ἐ
1580 3770 1652 3852 coe*
1672 3799 1697 3851 a
1720 3780 1781 3870 lui,
1798 3777 1901 3871 idest,

731 3907 807 3978 lam
833 3900 932 3976 male
961 3899 1196 3998 intelligibile,
1226 3901 1360 3974 eonae’l
1387 3919 1465 3990 suo,
1493 3897 1630 3972 scilicet
1660 3897 1901 3995 linguagium,

731 4023 781 4096 ud
796 4024 904 4096 altro
918 4021 1005 4094 ob'o
1019 4022 1115 4094 nullo
1139 4017 1161 4094 ὁ
1183 4026 1279 4111 uoto,
1294 4018 1396 4112 idest,
1414 4018 1604 4116 oogniiunn
1621 4019 1680 4093 vel
1698 4019 1839 4092 clarum
1851 4009 1900 4112 (⁸).

804 4147 988 4217 Fnaemno
1005 4143 1152 4234 duoqw
1178 4142 1248 4215 lsta
1273 4139 1453 4216 enitentia
1473 4160 1559 4234 pars
1574 4139 1756 4236 generalis
1772 4140 1809 4212 in
1827 4157 1900 4233 qua

729 4267 839 4338 autor
857 4267 989 4336 tractat
1004 4259 1053 4336 do
1067 4260 1141 4335 alio
1156 4259 1305 4356 gigante
1320 4259 1472 4353 antiquo
1485 4259 1625 4334 lamoso
1641 4259 1739 4355 opud
1755 4265 1898 4354 poetas3

729 4388 767 4458 el
791 4381 910 4478 primo
936 4379 1123 4477 premittit
1148 4399 1335 4454 recessum
1360 4400 1384 4454 a
1408 4380 1621 4475 Nembrolb
1648 4389 1685 4456 et
1710 4399 1896 4456 accessum

727 4501 775 4576 ad
799 4502 926 4594 alium,
950 4499 1093 4574 dicens:
1121 4518 1198 4592 nos,
1220 4500 1303 4572 volti
1326 4519 1351 4571 o
1372 4502 1532 4592 niobae,
1550 4499 1598 4574 ad
1618 4521 1729 4594 quam
1750 4517 1898 4594 sempor

728 4620 803 4693 itur
838 4620 875 4692 in
906 4617 1062 4712 inferno,
1087 4625 1129 4693 ul
1163 4616 1269 4693 toties
1299 4617 1437 4695 dicium
1470 4625 1537 4713 est,
1562 4609 1699 4711 dumne
1726 4623 1898 4712 summo

726 4733 788 4834 pii
812 4741 919 4829 lungo
943 4741 1097 4832 oinggio,
1115 4737 1201 4834 quia
1219 4737 1374 4814 ulterius
1398 4739 1643 4834 pmoessimus
1666 4739 1714 4813 ad
1739 4745 1899 4814 tractan-

793 4953 822 5016 Γ)
837 4954 863 5006 S·
880 4953 993 5019 perluxit
1008 4955 1035 5007 ln
1052 4959 1144 5007 term
1403 4957 1430 5017 (Ἰ
1447 4956 1478 5008 ll.
1494 4957 1557 5010 bulo
1571 4957 1707 5021 monebis,

793 5030 822 5168 {pl
836 5031 863 5158 ἓ
877 5031 1081 5160 ἓξὲξ-Ε.
1097 5031 1191 5084 nouem
1206 5045 1289 5084 more.
1405 5033 1430 5094 ι’)
1447 5033 1477 5084 E.
1495 5031 1677 5086 montnabill.
