4606 6840
710 965 779 1032 ³10
1107 971 1311 1029 commu
1334 975 1486 1028 susurru

707 1119 755 1193 ab
771 1138 816 1193 eo
833 1117 951 1194 rietus
975 1123 1030 1194 ost
1054 1118 1152 1212 apud
1171 1129 1318 1212 pontem
1338 1118 1452 1195 sancti
1476 1117 1632 1192 Proculi.
1658 1117 1723 1192 Hic
1747 1115 1877 1213 genuit

708 1240 911 1316 iohannem
936 1238 1158 1314 Sanohatum
1171 1229 1220 1332 (¹),
1247 1238 1311 1332 qui
1335 1237 1515 1312 interfecit
1539 1237 1696 1311 Paulum
1722 1237 1875 1312 tratrem

708 1381 819 1434 suum
852 1359 961 1432 simul
990 1376 1077 1432 eum
1101 1356 1303 1432 Francisea.
1329 1357 1420 1430 item
1445 1355 1573 1453 genuit
1597 1356 1877 1448 Malatestinum,

709 1479 772 1574 qui
789 1477 857 1552 fuit
881 1477 1112 1571 monoculus,
1138 1475 1382 1550 astutissimus
1409 1481 1597 1571 tyrannus,
1616 1475 1680 1568 qui
1705 1474 1876 1550 suecessit

709 1599 802 1696 patri
827 1598 864 1671 in
894 1597 1065 1690 dominio,
1092 1601 1130 1672 et
1158 1615 1204 1670 er
1238 1613 1283 1671 eo
1309 1601 1416 1670 natus
1444 1599 1499 1669 est
1524 1594 1751 1670 Ferentinus.
1776 1593 1878 1668 Alius
1916 1647 1919 1654 .

709 1717 805 1794 filius
829 1717 897 1792 tuit
921 1735 966 1791 er
984 1716 1135 1810 praeiato
1148 1706 1186 1808 (¹)
1204 1715 1400 1808 Malatesta,
1419 1714 1567 1788 nomine
1584 1712 1796 1806 Pandulim,
1812 1713 1876 1807 qui

709 1835 876 1934 regnavit
900 1841 981 1930 post
1005 1834 1271 1908 Malatestinum
1304 1853 1488 1908 unacum
1515 1833 1713 1908 Ferentino
1745 1837 1879 1928 nepote

708 1977 788 2032 suo.
814 1957 868 2030 Ex
893 1953 1069 2029 Pandulio
1094 1954 1170 2028 nati
1194 1959 1280 2028 sunt
1304 1953 1474 2028 dominus
1504 1953 1690 2028 Malatesta
1719 1951 1877 2047 sagacis·

708 2075 824 2150 simus
857 2081 1045 2170 tyrannus,
1077 2079 1116 2149 et
1144 2073 1314 2149 dominns
1343 2073 1517 2148 Galaotus
1548 2077 1721 2147 strenuus
1749 2090 1876 2146 armo-

707 2185 807 2287 rum,
837 2193 901 2287 qui
929 2192 1058 2268 diebus
1087 2192 1219 2267 nostris
1249 2191 1398 2267 inerunt
1429 2191 1565 2267 domini
1590 2209 1735 2287 magnae
1764 2189 1892 2298 partis,

708 2312 876 2388 Maronia
888 2309 1166 2386 anconitanae*
1182 2311 1275 2386 Dicit
1286 2330 1396 2407 ergo:
1414 2313 1471 2384 e't
1485 2313 1611 2386 mastio
1624 2311 1770 2401 necao,
1784 2307 1877 2383 idest

709 2434 895 2507 Malatesta
918 2431 1103 2524 antiquus,
1130 2430 1194 2524 qui
1217 2429 1286 2503 suit
1310 2449 1402 2506 avus
1427 2430 1530 2504 istius
1554 2431 1749 2506 Malatestae
1774 2431 1891 2504 vete-³

710 2551 761 2626 ris
786 2550 855 2624 viri
879 2549 1112 2645 sagacissimi,
1134 2549 1197 2642 qui
1215 2549 1381 2645 regnarit
1397 2549 1549 2624 Arimini
1568 2549 1792 2645 temporibus
1808 2569 1877 2623 no·
1869 2609 1890 2656 ,

710 2669 805 2764 stris,
830 2671 887 2742 e't
908 2687 1036 2759 nuovo,
1062 2667 1153 2742 idest
1177 2668 1361 2743 Malaterta
1386 2668 1548 2763 iuvenis,
1566 2669 1631 2763 qui
1646 2675 1799 2744 vocatus
1824 2667 1897 2743 eso

710 2788 974 2882 Malatestinus3
995 2807 1156 2882 quorum
1177 2792 1381 2881 utrumque
1404 2788 1560 2883 appellat
1584 2788 1778 2863 Mastinum
1801 2808 1881 2865 me-

710 2909 907 3006 taphorice,
937 2907 1041 3002 quasi
1073 2907 1160 2982 velit
1183 2906 1317 3002 dicere,
1341 2908 1453 2982 ambo
1478 2908 1603 3004 magni
1632 2908 1797 3004 magistri
1823 2916 1879 3004 ty-

710 3027 880 3106 rannidis.
906 3027 1078 3102 Mastinus
1110 3027 1209 3100 enim
1236 3034 1291 3102 est
1323 3028 1436 3122 sortis,
1470 3028 1651 3103 violentus
1681 3037 1718 3105 et
1752 3048 1878 3123 rapax,

710 3149 774 3244 qui
800 3146 936 3222 nonde
952 3145 1046 3221 taciti
1062 3144 1208 3220 dimittit
1232 3146 1407 3242 praedam,
1434 3167 1546 3240 quam
1571 3137 1817 3238 assannatt³iz
1842 3117 1902 3296 εξ

709 3267 817 3342 dicit:
844 3269 892 3340 do
922 3265 1485 3358 amoeno,quiaverucu1um
1514 3269 1569 3341 est
1597 3287 1715 3342 unum
1748 3267 1880 3348 castei-

710 3388 788 3461 lum
807 3385 843 3459 in
860 3384 1035 3458 comitatu
1051 3382 1216 3476 Arimini,
1232 3403 1256 3458 a
1276 3404 1351 3476 qno
1368 3384 1564 3459 Malatestae
1583 3385 1882 3476 denominantur,

710 3505 811 3598 quod
826 3502 1066 3578 ariminenses
1082 3501 1170 3575 olim
1187 3491 1415 3593 dederuntt‘)
1432 3502 1579 3578 cuidam
1597 3504 1793 3580 Malateste
1813 3523 1882 3578 an·

711 3622 915 3718 tiquissimo
930 3612 980 3713 (³),
997 3618 1045 3694 ob
1064 3619 1144 3692 eius
1162 3639 1295 3716 magna
1314 3620 1447 3694 merita
1463 3621 1501 3695 in
1518 3621 1793 3716 rempublicam.
1812 3623 1882 3696 Ta-

712 3763 800 3818 men
825 3741 871 3817 de
896 3740 950 3816 rei
981 3739 1135 3816 veritate
1159 3739 1354 3814 Malatestoe
1379 3759 1453 3814 non
1477 3739 1629 3814 fuerunt
1657 3739 1882 3836 originaliter

710 3864 758 3938 de
774 3861 959 3937 Verueulo
970 3850 1022 3954 (⁰),
1037 3859 1152 3934 immo
1169 3859 1215 3934 do
1231 3858 1469 3953 Monteieltro‚
1482 3860 1529 3935 de
1545 3859 1705 3953 qrrodam
1722 3861 1882 3954 castello,

712 3983 811 4079 quod
836 3987 992 4057 vocatur
1016 3981 1141 4056 Penna
1166 3979 1355 4055 Billorum.
1387 3978 1459 4054 Sed
1491 3986 1602 4055 antor
1631 3981 1833 4057 nominavit
1846 3969 1883 4073 (⁷)

711 4122 775 4180 eos
799 4125 822 4178 a
845 4103 927 4176 loco
951 4099 1093 4193 notiori,
1119 4119 1143 4174 a
1169 4119 1245 4193 quo
1274 4098 1557 4174 denominantur
1581 4101 1707 4197 vulgo,
1737 4107 1775 4176 et
1800 4099 1885 4195 ipsi·

711 4230 788 4300 met
812 4242 853 4297 se
878 4219 1125 4296 denominant
1151 4219 1196 4292 Et
1219 4215 1402 4312 specificat
1425 4225 1629 4313 utrumque
1646 4218 1839 4292 itastinum
1860 4197 1906 4292 εἶ’

712 4341 872 4438 quodam
897 4338 1073 4435 singulari
1097 4344 1185 4412 actu
1209 4337 1412 4432 tyrannice
1441 4337 1635 4431 violentiae,
1660 4337 1803 4412 diceus:
1824 4338 1884 4409 ete

707 4465 803 4556 secer
827 4462 865 4534 a·
892 4463 1088 4548 Montoooo
1117 4459 1145 4529 tt
1172 4457 1247 4528 mot
1271 4475 1442 4546 yoaemo.
1473 4455 1528 4531 dd
1556 4456 1656 4550 quod
1679 4427 1889 4548 suendum]

710 4578 810 4673 quod
838 4580 1032 4672 Moutagna
1066 4580 1122 4648 est
1154 4591 1290 4647 nomen
1322 4574 1514 4670 proprium
1551 4575 1630 4648 viri.
1671 4573 1753 4647 Fuit
1783 4573 1882 4648 enim

774 4764 801 4826 (¹)
816 4763 847 4813 B.
862 4761 999 4824 Stratum
1014 4759 1055 4810 rel
1065 4757 1238 4819 Soimortum,
1252 4759 1306 4824 qut.
1368 4760 1395 4824 (¹)
1412 4761 1437 4812 S.
1454 4762 1540 4825 primo
1556 4761 1702 4814 maturata.

774 4836 981 4902 nummu
1366 4835 1591 4899 eruuntur.

774 4915 802 4977 (¹)
819 4917 872 4976 tto,
888 4913 1065 4979 anttqntssimo
1080 4925 1142 4962 oum
1159 4911 1257 4974 putero
1272 4912 1391 4965 domibus
1407 4919 1434 4968 at
1450 4915 1549 4980 magnis
1564 4915 1770 4968 immunitatibus
1780 4916 1808 4967 in
1818 4914 1886 4967 otri-

714 4997 765 5044 tato
781 4991 904 5054 Arimini,
920 4991 954 5043 ob
969 4991 1024 5042 dm
1039 5003 1141 5056 magna

775 5067 802 5132 Γ)
819 5067 849 5120 n.
864 5069 897 5119 do
913 5067 1068 5119 Vennonio.
1371 5067 1399 5132 (¹)
1415 5072 1471 5130 tto,
1488 5069 1687 5122 denominat-
1697 5067 1728 5120 E.
1743 5067 1868 5120 nominat.
