4580 6844
712 937 783 1006 330
1103 944 1309 1001 munerun
1334 946 1488 1002 nuruum

712 1092 766 1167 uti
782 1089 901 1188 logica
920 1090 958 1164 iu
982 1088 1138 1165 iadendo
1157 1089 1415 1166 conscientiam
1439 1095 1556 1183 tum,
1582 1107 1667 1182 quae
1691 1087 1882 1185 estiustus

708 1211 842 1307 jude13
867 1208 949 1284 ideo
974 1207 1069 1284 hene
1097 1207 1205 1283 dicit:
1236 1229 1261 1282 o
1294 1212 1410 1284 utne
1434 1211 1483 1283 nri
1505 1199 1625 1300 portd,
1651 1208 1715 1303 qui
1747 1208 1883 1306 dgurat

709 1329 890 1425 iudicium
907 1326 1149 1422 conscientie,
1174 1333 1217 1401 ut
1236 1328 1316 1423 iam
1341 1346 1439 1423 saepe
1453 1327 1592 1402 dictum
1613 1334 1680 1422 est,
1706 1333 1744 1403 et
1768 1327 1883 1425 tangit

714 1454 839 1523 actum
851 1445 984 1542 judicis
999 1445 1135 1540 dicens,
1148 1468 1167 1519 c
1178 1448 1305 1540 pueptt,
1323 1445 1469 1542 scilieet,
1486 1447 1601 1522 Minos
1615 1445 1663 1522 de
1681 1467 1786 1523 more
1801 1468 1884 1542 suo,

714 1573 845 1640 uttorm
862 1572 932 1640 otto
950 1568 1038 1640 cotto
1061 1569 1098 1638 tu
1114 1568 1206 1640 coda
1230 1568 1270 1639 ol
1292 1567 1397 1639 desso
1414 1568 1520 1657 mmo,
1540 1566 1627 1660 quia
1644 1565 1680 1640 iu
1700 1565 1773 1641 flue
1793 1587 1883 1643 cou-

714 1686 863 1762 scientia
892 1691 973 1782 post
1002 1685 1249 1761 examinatam
1275 1705 1427 1761 causam
1452 1705 1494 1760 se
1523 1685 1766 1780 condemnat3
1800 1685 1883 1762 ideo

713 1806 826 1880 Minos
851 1804 1039 1882 damnavit
1057 1824 1145 1879 eum
1171 1805 1218 1879 ad
1234 1812 1403 1880 octavam
1422 1804 1598 1902 hulgiam,
1616 1827 1635 1880 c
1650 1808 1759 1880 disse:
1774 1809 1884 1898 plecti

712 1922 799 2001 ddst
812 1926 877 2016 rei,
891 1923 982 1998 idest
1000 1923 1047 1998 de
1064 1922 1328 2018 peccatoribus,
1345 1926 1404 1999 det
1417 1927 1525 2018 sooco
1538 1927 1637 2018 stne,
1653 1924 1741 2019 quia
1761 1925 1882 2000 omnis

712 2045 861 2119 damma
887 2042 1023 2118 involat
1050 2063 1167 2117 uuum
1187 2049 1432 2137 peccatorem,
1455 2049 1497 2118 ut
1511 2043 1649 2119 dictum
1676 2043 1744 2117 luit
1768 2063 1879 2138 supra

711 2163 748 2236 in
773 2161 891 2255 litera,
912 2165 976 2254 pot
998 2163 1129 2234 olr'etto
1152 2164 1184 2234 n·
1207 2181 1336 2253 morse,
1356 2161 1492 2237 scilicet
1510 2162 1610 2237 illam
1631 2162 1800 2257 caudam,
1814 2183 1881 2255 pcr

711 2303 806 2374 pron
818 2281 936 2373 raddo,
950 2280 1086 2356 scilicet
1098 2280 1370 2376 desperationis.
1385 2282 1429 2356 ut
1441 2281 1625 2357 concludit
1635 2301 1760 2358 comes
1772 2301 1881 2356 snam

712 2401 974 2495 narrationem,
999 2399 1145 2475 diceus:
1168 2395 1307 2493 molid,
1333 2399 1436 2496 idest,
1454 2408 1603 2498 propter
1627 2402 1726 2496 quod
1751 2421 1883 2496 perca·

713 2527 793 2594 tum
818 2519 1027 2626 principale,
1052 2539 1118 2592 son
1136 2522 1299 2612 pedem
1325 2510 1362 2594 td
1385 2522 1474 2596 douc
1501 2522 1592 2613 vadi,
1624 2520 1761 2596 scilicet
1789 2521 1884 2596 inter

713 2639 799 2714 istas
824 2640 951 2734 vulpes
966 2631 1004 2730 (¹)
1030 2644 1253 2733 veternosas,
1278 2659 1298 2712 c
1328 2642 1498 2714 undando
1525 2633 1557 2713 st
1587 2642 1720 2730 oesdtm
1748 2639 1884 2714 scilieet

713 2759 862 2833 damma
886 2758 1039 2852 ardenti,
1065 2761 1114 2832 ml
1136 2779 1308 2850 resono,
1323 2758 1426 2853 idest,
1443 2759 1551 2834 doleo
1575 2758 1634 2833 vel
1659 2778 1879 2852 conqueror.

712 2917 762 2932 -
778 2879 1003 2969 Quond'eptt
1030 2877 1095 2952 Hic
1119 2877 1251 2952 ultimo
1275 2882 1384 2952 autor
1409 2877 1580 2952 describit
1603 2896 1791 2952 recessum
1818 2897 1882 2952 co-

713 2997 808 3070 mitis
832 2995 1006 3072 datdonis
1030 3017 1054 3072 a
1083 3017 1135 3091 se,
1167 3006 1206 3074 et
1238 3016 1427 3072 recessum
1457 3015 1589 3071 eorum
1620 2995 1667 3070 de
1679 2987 1717 3088 (²)
1750 3001 1881 3072 octava

710 3139 797 3194 cum
822 3137 971 3192 accessu
997 3116 1044 3192 ad
1070 3137 1218 3212 nouam,
1235 3118 1377 3193 diceus:
1396 3120 1434 3193 tn
1454 3119 1601 3210 fiommn
1624 3118 1657 3189 st
1676 3118 1796 3208 portio
1813 3117 1880 3188 do-

710 3239 876 3328 lormrdo,
902 3236 1006 3330 quasi
1031 3236 1188 3314 diceret:
1214 3237 1303 3332 quid
1325 3237 1448 3312 valent
1465 3241 1589 3311 nostra
1605 3235 1774 3333 ingenia?
1791 3232 1881 3328 quid

710 3357 893 3433 cautelaet
908 3349 944 3449 (³)
971 3356 1101 3431 melior
1126 3362 1163 3432 et
1188 3357 1310 3431 utilior
1336 3364 1417 3432 erat
1439 3357 1536 3431 bona
1557 3355 1775 3451 simplicitas.
1794 3354 1880 3430 ldeo

710 3476 812 3551 dicit:
831 3477 996 3548 torccndo
1015 3475 1248 3548 edtduttcndo
1271 3479 1301 3548 u
1321 3495 1433 3548 correo
1449 3481 1565 3566 muto,
1581 3474 1685 3568 idest,
1701 3474 1878 3569 linguam,

711 3594 798 3689 quia
823 3593 1126 3670 commemoratio
1146 3593 1418 3688 preteritorum
1437 3593 1622 3667 malorum
1639 3600 1797 3666 auxerat
1813 3590 1881 3666 sibi

697 3733 870 3810 posnam,
896 3713 954 3788 vel
980 3713 1067 3807 quia
1092 3733 1179 3787 cum
1195 3713 1345 3806 aliquali
1361 3711 1592 3788 alleviatione
1616 3731 1736 3806 poenae
1760 3710 1882 3788 luerat

710 3835 855 3908 locutus
879 3853 967 3907 cum
991 3837 1134 3928 autore,
1160 3837 1203 3907 ut
1227 3831 1364 3908 dictum
1391 3839 1447 3908 est
1470 3851 1602 3927 supra3
1628 3851 1728 3906 nunc
1753 3849 1881 3907 rever-

709 3954 856 4030 tebatur
880 3953 928 4029 ad
952 3953 1114 4049 primum
1131 3941 1169 4046 (⁸)
1187 3959 1324 4028 statum
1348 3952 1446 4029 iacto
1470 3952 1543 4028 due
1562 3972 1641 4027 suae
1659 3949 1880 4046 narratioui3

707 4073 791 4148 ideo
820 4071 928 4147 dicit:
954 4075 1083 4166 quand
1095 4073 1268 4164 epti-etde
1298 4065 1369 4146 cosi
1397 4075 1568 4166 mmpimn
1600 4072 1719 4146 uero
1746 4074 1818 4163 dir,
1842 4081 1881 4149 et

708 4191 785 4288 ipso
809 4192 861 4267 sic
886 4192 1093 4288 recedente,
1119 4195 1180 4266 not
1203 4199 1237 4266 ct
1258 4195 1294 4265 to
1317 4193 1374 4265 c’t
1392 4194 1484 4266 muca
1501 4194 1583 4282 mio,
1602 4211 1806 4284 persomme
1825 4191 1879 4263 or-
1918 4265 1922 4273 ,

707 4318 773 4402 tre,
798 4311 903 4405 quasi
927 4312 1044 4387 dicat:
1071 4312 1182 4387 ambo
1208 4310 1428 4386 recessimus
1453 4310 1632 4410 simulcra
1647 4329 1717 4402 per
1741 4311 1776 4380 lo
1799 4327 1878 4380 soo-

704 4433 797 4524 plto;
822 4437 999 4507 steterant
1023 4431 1122 4506 enim
1140 4430 1178 4504 in
1195 4429 1317 4505 medio
1332 4429 1495 4504 culmine
1510 4427 1640 4525 pontis,
1657 4427 1775 4502 donec
1795 4425 1879 4500 Vir-

704 4550 813 4647 gilius
837 4550 961 4627 iuerat
985 4552 1130 4625 locutus
1156 4570 1244 4624 cum
1269 4550 1385 4645 Ulyxe
1410 4559 1449 4626 et
1471 4549 1607 4624 Dentes
1622 4568 1710 4623 cum
1731 4544 1877 4640 comite,

707 4673 744 4743 et
778 4689 876 4744 nunc
909 4669 1157 4743 transiverunt
1192 4668 1373 4763 reliquam
1408 4668 1640 4744 medietatem
1675 4664 1805 4761 pontis,
1840 4669 1877 4738 et

708 4794 958 4883 pervenerunt
989 4788 1035 4863 ad
1065 4787 1253 4862 introitum
1283 4788 1435 4863 alterius
1464 4787 1599 4884 bulgiae
1628 4804 1745 4860 noum.
1775 4782 1879 4856 Unde

770 4973 799 5036 (¹)
814 4973 845 5024 Ε.
862 4973 943 5024 ιιιιὴει
957 4979 1113 5027 mamone
1269 4973 1298 5038 (¹)
1314 4975 1345 5026 Ε.
1361 4974 1393 5027 dc
1408 4979 1498 5028 ochra
1514 4975 1602 5042 tulpia
1611 4981 1639 5029 et
1648 4941 1760 5028 nocendo
1769 4971 1809 5022 ad.
1920 4943 1924 4952 ’

771 5048 798 5113 (¹)
814 5054 868 5111 tto.
885 5053 993 5105 mutato
1009 5053 1063 5102 totr
1078 5053 1180 5105 melior·
1269 5050 1343 5114 (¹21³.
1359 5052 1504 5116 pristinum.
