4550 6844
689 958 762 1030 394
1089 967 1295 1028 conburitur
1319 969 1472 1027 mmm

687 1113 888 1192 toutiatitar
911 1111 1045 1208 dicere,
1072 1113 1172 1208 quod
1205 1114 1237 1192 si
1261 1114 1382 1192 omnis
1406 1113 1511 1190 dolor
1536 1113 1740 1210 procedens
1752 1107 1790 1207 (¹)
1817 1132 1866 1194 ex

687 1234 805 1310 tribus
829 1233 919 1310 locis
943 1232 1195 1328 pestilentibus
1218 1241 1316 1312 esset
1340 1233 1451 1310 simut
1467 1233 1644 1310 collectus
1663 1232 1701 1310 iu
1717 1253 1795 1312 uua
1811 1235 1868 1312 to-

687 1372 769 1448 rea,
787 1359 884 1430 esset
903 1351 983 1428 tatis
1009 1353 1128 1448 qualis
1157 1359 1214 1430 est
1242 1353 1348 1432 dotor
1379 1353 1443 1449 qui
1473 1353 1695 1448 procedebat
1726 1353 1787 1430 bic
1818 1374 1867 1432 ex

687 1492 764 1548 uua
787 1492 915 1567 cavea,
940 1471 1077 1550 scilicet
1100 1493 1148 1548 ex
1174 1473 1300 1570 bulgio
1328 1473 1482 1550 decima.
1513 1471 1606 1552 Dicit
1630 1493 1723 1569 ergo
1746 1473 1868 1569 primo

686 1592 734 1668 do
758 1592 905 1668 dolore:
931 1595 960 1668 o
982 1595 1087 1668 dotor
1111 1615 1177 1668 cro
1201 1597 1253 1670 tut
1275 1597 1381 1690 patui,
1407 1593 1510 1688 idest,
1536 1599 1613 1670 tam
1637 1593 1867 1692 miserabilis,

687 1715 774 1806 puot
801 1733 877 1786 esca
903 1716 989 1806 soor
1012 1716 1107 1805 depti
1130 1716 1272 1808 capituti
1293 1716 1332 1788 di
1363 1711 1683 1788 Vadomarium
1713 1713 1783 1796 boo
1811 1697 1883 1790 es?

686 1831 889 1926 sciendum,
899 1833 1000 1926 quod
1012 1833 1149 1910 Cbiaua
1162 1840 1218 1910 est
1230 1833 1401 1928 quaedam
1415 1833 1517 1908 valtis
1524 1831 1708 1932 palustris,
1717 1839 1866 1910 mortua

686 1958 724 2030 et
749 1951 912 2028 marcida
936 1952 975 2026 iu
999 1953 1129 2030 Tuscia
1155 1953 1251 2030 iuter
1275 1952 1453 2048 Clusium,
1478 1952 1646 2028 Arotium
1671 1959 1710 2027 et
1735 1952 1866 2028 Corto-

686 2091 787 2166 nam,
812 2072 850 2146 iu
875 2072 1061 2148 territorio
1086 2072 1240 2149 civitatis
1265 2073 1459 2167 Seuerum,
1485 2089 1570 2167 que
1595 2070 1713 2148 reddit
1736 2089 1864 2148 aerem

686 2192 915 2286 pestilentem
943 2192 981 2268 iu
1006 2199 1145 2289 estate,
1170 2193 1319 2289 quaudo
1336 2203 1392 2271 cst
1407 2193 1574 2273 intensus
1589 2191 1709 2286 calor3
1725 2193 1773 2270 de
1789 2213 1864 2288 qua

686 2313 798 2390 otiam
825 2313 865 2388 bt
890 2314 1028 2390 mentio
1053 2313 1092 2388 iu
1117 2313 1278 2410 capitulo
1302 2313 1474 2392 Paradisi.
1500 2314 1611 2389 Juxta
1636 2318 1761 2390 autem
1784 2315 1864 2390 vai-

687 2435 761 2511 lem
787 2434 894 2508 istam
920 2439 1002 2510 erat
1031 2435 1092 2510 itto
1116 2440 1285 2530 tempore
1310 2435 1488 2530 hospitato
1510 2433 1559 2509 de
1574 2434 1777 2529 ditopassu,
1799 2433 1881 2562 ubi]

688 2553 856 2629 solebant
888 2573 969 2630 osse
1003 2554 1109 2628 multi
1138 2574 1320 2649 pauperes
1349 2554 1588 2647 infirmantes,
1613 2558 1651 2629 et
1679 2572 1746 2647 per
1774 2561 1864 2628 oou-

687 2693 847 2768 sequeus
872 2693 1030 2770 magnus
1054 2673 1171 2769 dolor,
1197 2681 1256 2750 tro
1271 2677 1298 2748 ’t
1320 2677 1428 2766 tuptio
1453 2697 1472 2747 c
1495 2676 1521 2747 't
1543 2673 1735 2764 settembre,
1760 2673 1863 2768 idest,

687 2793 735 2869 de
759 2811 888 2869 mense
911 2793 1069 2889 augusti.
1096 2793 1197 2868 Sicut
1222 2793 1321 2870 cuim
1351 2795 1454 2870 locus
1483 2800 1538 2868 ost
1567 2813 1679 2870 causa
1711 2793 1864 2868 iufirmi-

688 2914 782 3010 tatis‚
796 2913 847 2988 ita
863 2919 901 2988 et
918 2919 1081 3008 tempus3
1099 2914 1264 2992 maximo
1278 2921 1406 2992 autem
1422 2921 1603 3010 augustus
1623 2920 1679 2990 ost
1695 2913 1864 2992 infirmus

688 3033 825 3110 mensis
855 3033 967 3109 etiam
1001 3033 1038 3107 iu
1073 3033 1161 3110 iocis
1191 3033 1298 3110 sanis.
1324 3034 1369 3108 Et
1397 3033 1506 3110 dicit:
1540 3055 1559 3106 e
1590 3035 1605 3106 i
1635 3035 1732 3123 moti,
1757 3031 1862 3130 idest,

687 3154 811 3250 quatio
838 3154 935 3227 maia
967 3163 1118 3248 exeunt,
1151 3156 1190 3227 di
1219 3159 1430 3248 barsuma,
1460 3153 1562 3248 idest,
1588 3152 1634 3227 de
1663 3151 1860 3228 Maritima:

686 3273 723 3350 io
749 3272 929 3350 Maritima
955 3271 1065 3348 etiam
1085 3293 1240 3348 romana
1255 3264 1291 3364 (¹)
1311 3273 1430 3350 soient
1447 3272 1553 3346 multi
1571 3271 1748 3346 infirmari
1764 3271 1861 3348 dicto

686 3399 866 3488 tempore,
891 3413 910 3466 e
935 3395 973 3468 di
997 3396 1199 3484 Sardeoua,
1217 3392 1302 3488 quia
1318 3393 1357 3468 iu
1374 3391 1539 3468 Sardinia
1565 3391 1730 3468 similitor
1755 3390 1860 3467 multi

686 3512 932 3589 infirmantur.
958 3514 1004 3589 Et
1026 3512 1086 3588 bic
1110 3519 1208 3606 nota,
1233 3513 1333 3606 quod
1364 3513 1402 3587 in
1432 3510 1613 3606 predictis
1635 3511 1724 3586 locis
1748 3529 1861 3588 causa

685 3630 941 3706 infirmitatum
959 3637 1014 3734 est
1031 3632 1219 3726 corruptio
1243 3633 1339 3708 aeris
1365 3642 1403 3708 et
1426 3651 1536 3726 aque
1559 3637 1709 3726 proptor
1732 3637 1861 3708 ventos

687 3749 943 3826 meridionales
968 3757 1006 3826 et
1030 3770 1223 3826 excessum
1249 3751 1382 3826 caloris
1399 3741 1458 3844 (³):
1479 3751 1578 3826 undo
1598 3751 1718 3826 insuta
1737 3750 1861 3825 Sardi-

686 3871 756 3947 uiae
786 3871 896 3948 babet
928 3891 1054 3948 aerem
1088 3872 1329 3967 pestilentem,
1365 3872 1527 3948 maxime
1560 3870 1658 3946 circa
1692 3876 1860 3948 extremo

685 3992 793 4068 litora
817 4011 902 4086 sua;
928 4011 1002 4068 uon
1026 3992 1078 4068 sic
1103 3992 1142 4066 iu
1167 3992 1446 4070 mediterraneis
1470 3991 1658 4066 montibus
1683 3997 1720 4066 et
1750 3991 1859 4085 tocis3

684 4120 723 4188 ct
756 4119 882 4189 tamen
912 4113 1008 4190 sardi
1043 4113 1162 4210 magis
1194 4113 1360 4190 habitant
1391 4111 1498 4188 litora
1529 4109 1576 4185 ad
1609 4109 1859 4188 defensionem
1957 4105 1960 4114 ‘

684 4234 813 4309 insutos
830 4251 915 4329 qum
932 4239 987 4310 est
1004 4222 1041 4326 (⁴)
1060 4233 1225 4328 exposita
1243 4231 1420 4308 barbaris.
1435 4230 1538 4306 Uudc
1555 4229 1684 4306 medici
1703 4235 1741 4304 ot
1757 4249 1858 4304 mer-

682 4361 827 4430 catores
851 4354 1068 4431 accedentes
1091 4353 1140 4429 de
1163 4353 1264 4430 ltalia
1289 4353 1328 4426 iu
1343 4350 1560 4444 Sardiniam,
1578 4349 1650 4425 cito
1667 4348 1858 4424 infirman-

683 4482 747 4550 tur
780 4482 817 4550 ct
850 4474 1081 4568 moriuntur3
1104 4477 1243 4567 sossero
1273 4474 1349 4546 orco
1375 4470 1549 4544 iurembrc
1571 4472 1610 4544 io
1642 4489 1716 4544 urio
1741 4472 1857 4562 socco,

684 4594 789 4688 quasi
821 4593 940 4668 dicat:
970 4593 1000 4666 si
1032 4593 1158 4668 omnia
1187 4593 1284 4668 mala
1316 4598 1588 4686 narrataque
1617 4597 1704 4666 suut
1733 4590 1772 4664 iu
1801 4588 1857 4664 bis
1953 4647 1959 4658 .

542 4739 545 4744 ·
683 4713 836 4789 diversis
866 4712 953 4788 iocis
985 4721 1024 4790 ot
1055 4712 1248 4803 similibus,
1274 4719 1395 4788 essem
1426 4711 1551 4787 omnia
1586 4716 1788 4807 aggregata
1819 4708 1858 4784 iu

746 4943 774 5006 (¹)
790 4943 815 4995 s.
831 4945 877 5009 qur
893 4945 1049 5008 proccessu
1064 4959 1105 4997 ex.
1231 4943 1259 5006 (¹)
1274 4945 1300 4996 a
1318 4949 1431 4998 ωωω.

746 5019 774 5082 (⁸)
790 5019 821 5071 u.
836 5026 864 5072 et
878 5022 1039 5072 exoautrom
1050 5020 1174 5072 calorem.

745 5096 772 5158 ‹⁶›
789 5097 820 5149 B·
836 5111 896 5163 qua
911 5103 952 5149 est
966 5111 999 5150 ax
1015 5100 1133 5164 opposito
1149 5098 1289 5150 Barbortoe.
1301 5099 1383 5151 Unda.
