4526 6836
736 954 875 1010 caurus
900 953 1058 1010 uncruus
1081 951 1253 1008 octavus.
1550 943 1572 1010 9

401 1100 500 1194 quod
514 1091 552 1192 (¹)
580 1099 743 1194 undique
769 1099 904 1176 claudit
927 1098 1063 1174 dictam
1085 1097 1263 1195 bulgiam,
1280 1105 1380 1192 tetro,
1401 1097 1493 1176 idest
1509 1099 1577 1175 ob·

401 1240 565 1314 esurum,
584 1220 672 1315 quia
689 1219 798 1296 babet
815 1221 978 1296 colorem
994 1219 1263 1314 ferrugineum,
1284 1226 1326 1293 ut
1339 1219 1418 1314 jam
1435 1219 1574 1294 dictum

401 1346 458 1415 est
483 1361 507 1416 a
531 1339 705 1438 principio
729 1340 888 1436 capituli,
913 1343 951 1414 di
974 1359 1045 1431 pon
1069 1341 1108 1414 di
1131 1329 1180 1431 td,
1198 1338 1290 1416 idest
1310 1339 1402 1414 citra
1420 1346 1457 1415 et
1477 1341 1575 1416 ultra

403 1461 576 1536 medium.
603 1461 648 1536 Et
671 1460 793 1536 subdit
817 1480 1024 1557 aggravans
1048 1479 1216 1555 poenam:
1235 1463 1314 1552 Ati,
1332 1459 1423 1538 idest
1447 1460 1573 1538 dolen-

402 1586 459 1656 ter
485 1581 616 1676 refero,
642 1601 738 1654 oonre
762 1581 812 1656 illi
837 1581 1034 1674 daemones,
1050 1585 1200 1676 sooeoon
1225 1583 1295 1673 ior,
1317 1581 1452 1657 scilieet
1477 1581 1573 1677 ipsos

400 1699 603 1797 instigans,
630 1704 728 1776 boor
753 1704 784 1775 lo
808 1702 920 1791 beroe,
932 1700 1024 1778 idest
1049 1701 1251 1796 calcaneos,
1269 1700 1373 1795 quasi
1394 1700 1500 1796 dieat,
1519 1703 1574 1778 la·

400 1819 544 1897 ciebant
569 1841 633 1897 eos
659 1828 736 1897 tam
762 1821 935 1896 velociter
960 1839 1125 1914 currere,
1143 1820 1242 1915 quod
1261 1841 1333 1896 unu
1354 1821 1573 1898 videbantur

401 1946 554 2036 tangere
579 1947 735 2035 terram3
754 1942 853 2036 quod
878 1941 1009 2037 probat
1024 1941 1167 2016 diceus:
1184 1963 1209 2014 a
1225 1944 1384 2035 inpriore
1396 1963 1572 2035 peroosse,

401 2059 493 2136 idest
517 2060 564 2136 ad
590 2061 709 2156 prima
733 2061 991 2138 baculamenta
1008 2067 1083 2136 tam
1100 2061 1194 2138 dure
1211 2061 1398 2158 impressa,
1415 2055 1476 2155 pst
1493 2085 1573 2138 nes·

400 2200 490 2256 suno
515 2187 694 2273 apamea
718 2184 750 2254 le
773 2184 919 2256 seconde
942 2177 988 2256 ne*
1010 2185 1041 2255 le
1065 2185 1181 2273 tercie,
1202 2183 1306 2277 quasi
1330 2183 1426 2260 dicat
1451 2186 1573 2259 nullus

401 2299 612 2376 retardabat
638 2307 679 2374 ut
702 2300 840 2377 laceret
864 2301 1061 2396 aliqualem
1086 2301 1355 2396 dispositionem
1372 2295 1421 2397 (¹),
1447 2305 1505 2380 vel
1531 2313 1573 2382 ut

403 2425 551 2517 rogaret
580 2421 726 2496 veniam
755 2420 815 2496 vel
848 2421 1146 2517 misericordiam,
1177 2423 1271 2498 siout
1301 2425 1418 2499 solent
1451 2424 1573 2502 iacere

405 2543 510 2618 multi
535 2543 682 2638 quando
707 2550 793 2618 sunt
816 2543 1031 2640 deprehensi
1064 2544 1101 2619 iu
1126 2544 1250 2638 aliquo
1281 2546 1378 2640 fallo,
1405 2545 1492 2640 quia
1523 2545 1574 2620 illi

404 2665 453 2740 ita
479 2665 692 2759 frequenter
707 2655 743 2757 (³)
770 2685 857 2740 cum
883 2665 1010 2742 lurore
1036 2666 1250 2760 repetebant
1269 2666 1363 2742 ictus
1383 2666 1484 2760 quod
1500 2686 1573 2741 uon

404 2785 605 2880 potuissent
630 2783 751 2860 lacere
768 2805 886 2859 unum
907 2783 1081 2879 verbum3
1099 2791 1137 2862 et
1162 2786 1191 2860 si
1217 2785 1384 2862 iecissent
1409 2807 1482 2862 uon
1507 2805 1574 2882 po-

405 2910 526 2979 terant
549 2902 681 2998 audiri,
695 2905 753 2980 vel
778 2903 928 3001 intelligi
951 2904 999 2979 ab
1023 2904 1091 2978 illis
1113 2904 1213 2981 iratis
1230 2905 1490 2983 fabricantibus
1508 2927 1573 2980 su-

401 3045 469 3120 per
493 3025 645 3100 dorsum
671 3044 794 3099 suum.

475 3148 600 3220 lient‘
609 3149 654 3219 to.
681 3145 752 3219 lsta
777 3150 833 3222 est
856 3144 1016 3222 secunda
1040 3165 1125 3240 pars
1150 3145 1342 3242 generalis,
1355 3145 1393 3220 in
1409 3167 1484 3241 qua
1502 3167 1573 3222 au·

401 3271 459 3340 tor
483 3264 655 3340 describit
686 3265 808 3340 virum
829 3253 867 3359 (⁸)
897 3265 1117 3341 modernum
1149 3265 1366 3340 infamatum
1397 3265 1573 3363 singulari

401 3386 579 3464 lenocinio
604 3385 702 3462 circa
734 3393 902 3484 tempora
924 3385 1075 3462 aumris.
1106 3385 1161 3460 Ad
1192 3386 1298 3462 cuius
1328 3375 1590 3483 neguitiouenil

401 3513 457 3584 est
480 3506 681 3602 sciendum,
707 3508 806 3601 quod
831 3507 898 3582 iste
926 3507 994 3582 luit
1025 3505 1174 3602 quddam
1207 3507 1310 3584 mite
1341 3507 1574 3584 bononiensis

403 3615 449 3706 de
474 3627 745 3704 Caecianimicis
769 3627 815 3704 de
840 3627 1014 3722 muenia,
1048 3629 1104 3702 rir
1133 3628 1283 3722 quidem
1315 3627 1455 3724 nobilis,
1484 3629 1575 3704 libe-

406 3747 492 3824 ralis
515 3755 553 3824 et
578 3747 761 3844 placibilis
787 3748 852 3842 qui
877 3755 1043 3843 tempore
1068 3768 1137 3823 suo
1167 3748 1235 3823 luit
1259 3748 1364 3825 valde
1388 3749 1573 3844 potensin

402 3868 566 3946 Bononia
590 3868 716 3944 lavore
741 3867 961 3944 marchionis
985 3869 1156 3963 Emensis,
1173 3869 1237 3964 qui
1256 3869 1324 3944 luit
1348 3871 1423 3944 Azo
1440 3871 1496 3963 lll,
1510 3870 1575 3964 qui

401 3987 512 4086 gessit
536 4009 714 4086 magnum
740 3988 878 4063 bellum
912 4008 999 4062 cum
1033 3989 1207 4084 Βοιιοιιίε,
1240 3989 1287 4064 de
1324 4009 1399 4085 quo
1431 3989 1574 4064 dinetur
1613 4039 1616 4046 .

402 4109 607 4206 Purgatorii
633 4109 792 4205 capitulo
816 4109 866 4202 V3
893 4115 930 4183 et
956 4107 1101 4183 mudem
1125 4109 1336 4204 procuravit
1361 4109 1428 4184 sibi
1452 4109 1574 4184 tacere

401 4250 574 4328 magnam
596 4236 738 4325 partem
756 4228 792 4302 in
809 4227 983 4323 Bononia,
1006 4248 1090 4323 quae
1115 4235 1245 4306 vocata
1265 4236 1321 4306 est
1337 4227 1385 4304 ob
1401 4229 1472 4304 boo
1487 4249 1574 4325 pars

401 4351 619 4427 blarebiana.
656 4351 727 4425 lste
757 4369 848 4446 ergo
882 4350 997 4444 miles,
1032 4349 1180 4426 nomine
1215 4335 1420 4443 veneticus,
1445 4350 1574 4426 babuit

404 4493 516 4548 uuam
543 4491 709 4548 sororem
730 4469 1002 4567 pulcerrimam,
1023 4490 1137 4565 quam
1159 4469 1332 4547 eonduxit
1347 4470 1393 4545 ad
1410 4470 1574 4548 servien-

398 4593 488 4668 dum
522 4591 724 4667 marchioni
757 4590 868 4666 Adoni
900 4591 1044 4666 desua
1075 4591 1204 4686 pulcra
1232 4609 1399 4685 persona,
1425 4597 1468 4664 ut
1498 4591 1574 4668 lor-

401 4712 472 4788 tius
497 4718 773 4808 promereretur
797 4711 955 4807 gratiam
982 4711 1080 4806 eius3
1105 4710 1186 4788 ideo
1211 4717 1321 4786 autor
1349 4711 1444 4786 bene
1468 4713 1593 4829 solvit

400 4833 467 4908 sibi
492 4833 539 4908 de
564 4830 626 4906 tali
650 4830 809 4907 servitio.
828 4830 882 4906 ld
898 4830 1041 4906 literam
1061 4852 1169 4928 erg03
1189 4831 1275 4906 dicit
1295 4841 1423 4910 autor:
1445 4835 1496 4924 pli
1512 4855 1572 4907 oe·

403 4969 490 5085 Ἶ)
507 5021 538 5072 ll.
553 5019 622 5085 quie.
1028 5017 1056 5082 (¹)
1073 5022 1127 5078 tte.
1144 5018 1344 5070 exeusationem.

462 5097 488 5160 ι’)
505 5097 537 5148 tt.
554 5095 705 5160 ammte:
721 5093 872 5160 repetebant
886 5095 962 5148 letus.
1031 5093 1058 5156 t'l
1074 5095 1109 5156 S„
1127 5095 1157 5146 E.
1174 5107 1189 5146 e
1206 5098 1259 5156 lle.
1276 5109 1358 5146 nuum
1375 5095 1539 5148 modernum.
