4550 6844
766 961 905 1018 monus
929 957 1154 1014 nalem&
1473 947 1549 1014 135

370 1111 457 1181 sunt
482 1103 607 1180 videre
631 1123 655 1180 a
679 1105 800 1202 longe,
830 1125 903 1180 non
935 1110 1060 1179 tamen
1089 1107 1196 1178 extra
1219 1099 1384 1198 bulgiam
1414 1121 1547 1196 snam3

371 1224 454 1300 iden
479 1243 553 1298 non
578 1229 696 1319 potent
711 1224 836 1318 aliquo
856 1223 967 1298 modo
984 1219 1147 1317 intelligi,
1164 1218 1264 1313 qnod
1282 1219 1351 1294 iste
1371 1219 1548 1316 loquatm

369 1343 417 1419 de
441 1343 649 1420 Alexandro
674 1344 859 1439 predicto,
877 1343 964 1438 qnia
985 1361 1059 1416 non
1077 1346 1229 1436 possunt
1252 1339 1311 1414 isti
1336 1341 1493 1416 transire
1509 1342 1547 1416 in

369 1469 536 1558 putenm,
555 1462 593 1538 in
613 1482 725 1558 quem
751 1469 862 1538 auton
887 1460 1037 1537 intrabit
1060 1477 1128 1554 per
1151 1479 1286 1534 manus
1312 1459 1464 1534 maximi
1489 1460 1549 1558 gi-

367 1583 487 1681 gantis
517 1583 660 1658 Antlne'n
696 1582 782 1659 ideo
812 1581 923 1658 dicit:
953 1601 1014 1654 mn
1042 1582 1102 1654 ode
1133 1582 1184 1654 mi
1214 1582 1286 1672 not,
1321 1578 1423 1674 idest,
1458 1578 1547 1674 quid

369 1702 511 1799 prolicit
535 1703 582 1778 ad
606 1702 878 1778 alleviationem
903 1721 1024 1798 poenoe
1050 1719 1156 1794 meae,
1181 1691 1308 1774 ct't'd
1334 1701 1365 1774 te
1389 1700 1548 1774 mmdrn

369 1825 500 1914 done?
511 1821 659 1916 scilieet,
673 1819 885 1898 infirmitate
900 1820 1018 1917 gravi,
1031 1819 1083 1895 ito
1095 1818 1195 1914 qnod
1208 1838 1281 1893 non
1298 1839 1448 1914 possum
1466 1839 1549 1893 am-

370 1941 510 2016 bulare.
525 1979 575 1994 -
587 1944 624 2016 S’
638 1944 683 2016 io.
710 1940 776 2016 liic
800 1939 916 2016 Adam
936 1937 1094 2014 ostendit
1111 1937 1314 2012 maximam
1335 1936 1546 2014 aviditatem
1572 1983 1575 1992 ι

371 2081 485 2155 quam
511 2060 620 2136 habat
646 2060 790 2136 videndi
819 2060 959 2134 dictum
992 2058 1176 2155 spiritum,
1205 2057 1294 2153 quia
1325 2056 1468 2132 nullum
1494 2057 1549 2132 la-

370 2179 502 2274 borem
529 2185 876 2275 quantumcumque
904 2197 1057 2275 gravem
1090 2185 1126 2253 et
1157 2177 1309 2274 longum
1344 2177 1488 2273 vitaret,
1516 2177 1547 2252 si

371 2307 539 2397 speraret
564 2319 729 2395 unquam
756 2319 862 2393 posse
890 2299 1074 2395 appellere
1103 2298 1150 2374 ad
1180 2319 1288 2393 enm3
1313 2297 1413 2374 unde
1441 2297 1547 2372 dicit:

370 2424 406 2495 to
430 2423 526 2495 nerto
551 2440 682 2511 mosao,
707 2419 766 2494 vel
792 2439 905 2494 menso
927 2411 990 2511 gid
1009 2440 1079 2511 per
1103 2423 1139 2494 to
1162 2422 1327 2509 aennon,
1349 2418 1453 2514 idest,
1475 2437 1547 2515 ego

371 2560 490 2616 maem
500 2539 580 2634 jam
592 2539 630 2615 in
650 2538 793 2634 itinere,
809 2541 882 2612 s'io
895 2543 992 2634 fosse
1003 2559 1077 2632 por
1092 2557 1206 2613 aanor
1222 2542 1377 2632 legam
1393 2540 1432 2612 di
1450 2545 1548 2612 tanto

369 2662 470 2734 oi’to
491 2662 621 2752 potesne·
642 2662 682 2734 to
706 2666 804 2734 cento
832 2662 920 2733 anni
948 2661 1069 2734 ander
1096 2662 1281 2734 tm’onet'a.
1308 2659 1354 2733 Et
1378 2658 1436 2732 liic
1461 2663 1548 2732 nola

371 2777 472 2874 quod
487 2776 599 2872 aliqui
619 2777 756 2871 dicunt,
775 2778 874 2873 quod
890 2778 968 2854 dieo
984 2778 1163 2854 naturalis
1181 2777 1294 2854 habet
1311 2777 1445 2852 multae
1461 2797 1547 2872 par-

373 2903 440 2990 tes,
465 2905 504 2974 at
534 2895 634 2990 quod
665 2896 771 2972 uncia
804 2903 859 2973 est
889 2896 1107 2972 duodecima
1138 2917 1224 2992 pars
1255 2897 1453 2991 momenti3
1482 2895 1547 2972 sed

373 3016 470 3091 istud
499 3023 555 3092 eet
584 3016 827 3112 superdeum,
852 3017 940 3113 quia
969 3022 1080 3092 autor
1108 3037 1182 3092 non
1217 3015 1380 3110 loquitur
1414 3015 1473 3090 nic
1500 3015 1549 3090 de

373 3155 549 3213 mensura
566 3134 741 3231 temporis
757 3135 822 3212 sed
839 3135 921 3232 loci,
934 3141 971 3212 et
989 3136 1056 3214 iste
1071 3156 1179 3213 error
1193 3135 1361 3234 provenit
1378 3156 1425 3211 en
1443 3135 1550 3232 igno-

373 3257 492 3332 rantia
510 3255 672 3352 vulgaris
697 3255 896 3351 dorentini3
922 3277 1009 3332 nam
1036 3257 1145 3334 uncia
1170 3257 1364 3333 Florentiae
1388 3255 1551 3351 appella-

371 3383 435 3451 tur
458 3375 612 3453 latitudo
643 3375 744 3473 digiti
773 3375 977 3472 ganasida
1008 3377 1108 3472 quod
1137 3377 1175 3452 in
1205 3375 1340 3454 ellectu
1369 3375 1438 3451 iste
1469 3375 1551 3449 vult

371 3496 518 3572 dinero:
545 3495 577 3570 si
605 3516 676 3592 ego
704 3516 848 3591 possem
882 3495 919 3570 in
951 3497 1067 3592 spatio
1095 3504 1247 3572 eentum
1282 3516 1468 3572 annorum
1492 3495 1549 3570 ire

372 3622 516 3692 tentum
533 3623 655 3710 terre,
672 3621 810 3710 quanta
831 3622 887 3692 eat
904 3615 1058 3692 latitudo
1078 3615 1191 3691 onius
1206 3615 1319 3713 digiti,
1337 3635 1408 3714 ego
1426 3633 1547 3690 essem

370 3734 408 3810 in
432 3735 492 3810 via
517 3733 564 3809 ad
589 3736 834 3830 qnaerondnm
865 3735 997 3831 ipsum.
1027 3734 1114 3812 lden
1137 3735 1241 3812 dicit:
1271 3738 1447 3810 manando
1486 3737 1548 3828 tani,

370 3853 505 3928 seilicet
543 3853 759 3947 praedictum
793 3854 981 3948 domitam,
1011 3862 1070 3929 tro
1101 3861 1222 3946 questo
1257 3861 1358 3946 gente
1393 3855 1549 3944 ooonoia,

372 3971 475 4065 idest,
502 3969 597 4046 inter
621 3969 769 4046 turbam
795 3971 1027 4048 lalsnnorum
1044 3965 1081 4064 (¹)
1098 3971 1250 4048 diversis
1270 3971 1550 4068 egritudinibus

372 4087 603 4164 alieniorem.
630 4089 674 4162 Et
697 4089 750 4164 sic
775 4089 859 4164 vide
883 4090 984 4184 quod
1004 4089 1084 4186 iste,
1101 4090 1219 4186 posito
1239 4091 1340 4186 qnod
1364 4091 1469 4167 tieret
1495 4091 1550 4165 le-

373 4209 439 4302 vis,
457 4227 531 4282 non
552 4214 673 4304 posset
686 4199 723 4302 (¹)
746 4229 917 4304 querere
934 4209 1044 4286 istum
1066 4209 1134 4284 nisi
1159 4228 1226 4305 per
1251 4209 1357 4286 istam
1385 4207 1549 4306 bulgiom

371 4327 566 4422 decimam,
593 4334 672 4402 tum
699 4328 786 4424 quia
817 4349 891 4404 non
924 4335 1046 4426 posset
1074 4330 1177 4406 exiro
1207 4350 1356 4427 poenam
1391 4329 1552 4406 destina·

372 4454 449 4524 tam
474 4447 709 4542 eternaliter,
735 4454 816 4524 tum
841 4449 928 4543 quia
955 4450 1027 4544 ille,
1054 4469 1168 4545 quem
1193 4449 1343 4545 optabat
1368 4447 1546 4542 invenire,

371 4567 530 4645 debehat
552 4588 635 4644 essa
653 4567 850 4644 damnatus
875 4568 912 4644 in
937 4569 1007 4646 ista
1022 4567 1160 4666 belgia,
1178 4568 1266 4664 quia
1283 4568 1421 4646 fenerat
1437 4567 1550 4643 istum

372 4688 505 4764 talanta
529 4689 741 4784 pecuniam3
764 4695 804 4764 et
826 4696 977 4787 propter
991 4679 1029 4783 (³)
1050 4689 1150 4785 quod
1182 4688 1479 4785 unumquodque
1511 4697 1551 4764 et

372 4805 461 4881 illud
487 4806 624 4903 magis;
657 4829 725 4884 neo
756 4810 861 4884 labor
890 4811 1010 4906 longae
1037 4809 1107 4885 viae
1137 4816 1296 4886 temeret
1310 4797 1347 4902 (⁸)
1374 4829 1452 4903 me3
1481 4828 1548 4882 oon

435 4992 462 5054 (¹)
478 4992 509 5043 ll.
526 4991 688 5046 solutorum.
812 4993 840 5059 (¹)
856 4997 888 5047 B.
905 5001 990 5062 pont
1004 4997 1103 5048 intima
1119 5009 1167 5060 per
1182 4997 1267 5048 letam

436 5066 463 5130 tl
480 5067 510 5118 B.
528 5072 636 5132 propter
651 5072 856 5136 unumquodque
871 5077 898 5123 et
914 5071 981 5122 lilnd
996 5073 1087 5136 anagn
1212 5071 1239 5134 (¹)
1255 5071 1281 5122 S.
1297 5071 1408 5124 todenet
1422 5083 1475 5122 me.
