<?xml version="1.0" encoding="UTF-8"?>
<!DOCTYPE html PUBLIC "-//W3C//DTD XHTML 1.0 Transitional//EN"
    "http://www.w3.org/TR/xhtml1/DTD/xhtml1-transitional.dtd">
<html xmlns="http://www.w3.org/1999/xhtml" xml:lang="en" lang="en">
 <head>
  <title>
</title>
<meta http-equiv="Content-Type" content="text/html;charset=utf-8" />
  <meta name='ocr-system' content='tesseract 3.04.00' />
  <meta name='ocr-capabilities' content='ocr_page ocr_carea ocr_par ocr_line ocrx_word'/>
</head>
<body>
  <div class='ocr_page' id='page_1' title='image "./comentumsuperda01benvgoog_0084.png"; bbox 0 0 4526 6836; ppageno 0'>
   <div class='ocr_carea' id='block_1_1' title="bbox 750 885 1531 1000">
    <p class='ocr_par' dir='ltr' id='par_1_1' title="bbox 750 885 1531 1000">
     <span class='ocr_line' id='line_1_1' title="bbox 750 885 1531 1000; baseline -0.005 0"><span class='ocrx_word' id='word_1_1' title='bbox 750 943 888 1000; x_wconf 76' lang='lat' dir='ltr'><strong>manns</strong></span> <span class='ocrx_word' id='word_1_2' title='bbox 913 889 1114 1000; x_wconf 76' lang='lat' dir='ltr'><strong>nonanus.</strong></span> <span class='ocrx_word' id='word_1_3' title='bbox 1186 885 1191 894; x_wconf 46' lang='lat'><strong><em>¹</em></strong></span> <span class='ocrx_word' id='word_1_4' title='bbox 1485 931 1531 996; x_wconf 82' lang='lat' dir='ltr'><strong>rs</strong></span> 
     </span>
    </p>
   </div>
   <div class='ocr_carea' id='block_1_2' title="bbox 345 1086 1560 4893">
    <p class='ocr_par' dir='ltr' id='par_1_2' title="bbox 345 1086 1560 4893">
     <span class='ocr_line' id='line_1_2' title="bbox 358 1086 1533 1186; baseline -0.004 -21"><span class='ocrx_word' id='word_1_5' title='bbox 358 1089 613 1186; x_wconf 75' lang='lat' dir='ltr'><strong>Amphiaraus,</strong></span> <span class='ocrx_word' id='word_1_6' title='bbox 639 1092 681 1161; x_wconf 93' lang='lat' dir='ltr'><strong>nt</strong></span> <span class='ocrx_word' id='word_1_7' title='bbox 701 1089 781 1184; x_wconf 81' lang='lat' dir='ltr'><strong>jam</strong></span> <span class='ocrx_word' id='word_1_8' title='bbox 804 1088 945 1164; x_wconf 87' lang='lat' dir='ltr'><strong>dictum</strong></span> <span class='ocrx_word' id='word_1_9' title='bbox 969 1097 1036 1184; x_wconf 87' lang='lat' dir='ltr'><strong>est,</strong></span> <span class='ocrx_word' id='word_1_10' title='bbox 1053 1098 1091 1166; x_wconf 87' lang='lat' dir='ltr'><strong>et</strong></span> <span class='ocrx_word' id='word_1_11' title='bbox 1110 1089 1188 1162; x_wconf 79' lang='lat' dir='ltr'><strong>bec</strong></span> <span class='ocrx_word' id='word_1_12' title='bbox 1204 1087 1369 1163; x_wconf 79' lang='lat' dir='ltr'><strong>breuiter</strong></span> <span class='ocrx_word' id='word_1_13' title='bbox 1383 1087 1431 1162; x_wconf 88' lang='lat' dir='ltr'><strong>do</strong></span> <span class='ocrx_word' id='word_1_14' title='bbox 1447 1086 1533 1160; x_wconf 86' lang='lat' dir='ltr'><strong>Tbi·</strong></span> 
     </span>
     <span class='ocr_line' id='line_1_3' title="bbox 360 1205 1534 1303; baseline -0.005 -18"><span class='ocrx_word' id='word_1_15' title='bbox 360 1210 464 1285; x_wconf 87' lang='lat' dir='ltr'><strong>resia.</strong></span> <span class='ocrx_word' id='word_1_16' title='bbox 491 1208 545 1283; x_wconf 82' lang='lat' dir='ltr'><strong>ld</strong></span> <span class='ocrx_word' id='word_1_17' title='bbox 577 1207 721 1282; x_wconf 84' lang='lat' dir='ltr'><strong>literam</strong></span> <span class='ocrx_word' id='word_1_18' title='bbox 756 1227 847 1303; x_wconf 69' lang='lat' dir='ltr'><strong>erpo</strong></span> <span class='ocrx_word' id='word_1_19' title='bbox 882 1207 1112 1284; x_wconf 85' lang='lat' dir='ltr'><strong>redeundum</strong></span> <span class='ocrx_word' id='word_1_20' title='bbox 1137 1216 1213 1284; x_wconf 85' lang='lat' dir='ltr'><strong>est:</strong></span> <span class='ocrx_word' id='word_1_21' title='bbox 1246 1208 1332 1283; x_wconf 88' lang='lat' dir='ltr'><strong>dicit</strong></span> <span class='ocrx_word' id='word_1_22' title='bbox 1363 1205 1534 1302; x_wconf 76' lang='lat' dir='ltr'><strong>Virgilius</strong></span> 
     </span>
     <span class='ocr_line' id='line_1_4' title="bbox 359 1321 1532 1422; baseline -0.005 -16"><span class='ocrx_word' id='word_1_23' title='bbox 359 1331 488 1406; x_wconf 89' lang='lat' dir='ltr'><strong>llanti:</strong></span> <span class='ocrx_word' id='word_1_24' title='bbox 527 1331 608 1402; x_wconf 73' lang='lat' dir='ltr'><strong>Vati</strong></span> <span class='ocrx_word' id='word_1_25' title='bbox 637 1330 855 1402; x_wconf 70' lang='lat' dir='ltr'><strong>limmate</strong></span> <span class='ocrx_word' id='word_1_26' title='bbox 877 1321 973 1402; x_wconf 76' lang='lat' dir='ltr'><strong>maid</strong></span> <span class='ocrx_word' id='word_1_27' title='bbox 1001 1330 1201 1421; x_wconf 63' lang='lat' dir='ltr'><strong>mane,</strong></span> <span class='ocrx_word' id='word_1_28' title='bbox 1234 1328 1326 1404; x_wconf 87' lang='lat' dir='ltr'><strong>idest</strong></span> <span class='ocrx_word' id='word_1_29' title='bbox 1350 1345 1532 1422; x_wconf 87' lang='lat' dir='ltr'><strong>apparen-</strong></span> 
     </span>
     <span class='ocr_line' id='line_1_5' title="bbox 360 1447 1531 1546; baseline -0.006 -20"><span class='ocrx_word' id='word_1_30' title='bbox 360 1451 448 1526; x_wconf 90' lang='lat' dir='ltr'><strong>tiam</strong></span> <span class='ocrx_word' id='word_1_31' title='bbox 474 1455 512 1524; x_wconf 86' lang='lat' dir='ltr'><strong>et</strong></span> <span class='ocrx_word' id='word_1_32' title='bbox 536 1447 707 1544; x_wconf 68' lang='lat' dir='ltr'><strong>figlinam,</strong></span> <span class='ocrx_word' id='word_1_33' title='bbox 727 1449 869 1546; x_wconf 79' lang='lat' dir='ltr'><strong>quondo</strong></span> <span class='ocrx_word' id='word_1_34' title='bbox 893 1451 1040 1524; x_wconf 73' lang='lat' dir='ltr'><strong>dinem</strong></span> <span class='ocrx_word' id='word_1_35' title='bbox 1058 1451 1191 1543; x_wconf 65' lang='lat' dir='ltr'><strong>semma</strong></span> <span class='ocrx_word' id='word_1_36' title='bbox 1206 1451 1245 1523; x_wconf 87' lang='lat' dir='ltr'><strong>dt</strong></span> <span class='ocrx_word' id='word_1_37' title='bbox 1260 1451 1426 1538; x_wconf 70' lang='lat' dir='ltr'><strong>multo,</strong></span> <span class='ocrx_word' id='word_1_38' title='bbox 1443 1467 1531 1519; x_wconf 85' lang='lat' dir='ltr'><strong>ooa-</strong></span> 
     </span>
     <span class='ocr_line' id='line_1_6' title="bbox 361 1565 1544 1662; baseline -0.004 -20"><span class='ocrx_word' id='word_1_39' title='bbox 361 1572 524 1662; x_wconf 81' lang='lat' dir='ltr'><strong>piandosi</strong></span> <span class='ocrx_word' id='word_1_40' title='bbox 555 1571 586 1640; x_wconf 81' lang='lat' dir='ltr'><strong>le</strong></span> <span class='ocrx_word' id='word_1_41' title='bbox 614 1568 771 1642; x_wconf 77' lang='lat' dir='ltr'><strong>uoembru</strong></span> <span class='ocrx_word' id='word_1_42' title='bbox 799 1575 879 1642; x_wconf 72' lang='lat' dir='ltr'><strong>aas</strong></span> <span class='ocrx_word' id='word_1_43' title='bbox 907 1577 1044 1662; x_wconf 69' lang='lat' dir='ltr'><strong>quone.</strong></span> <span class='ocrx_word' id='word_1_44' title='bbox 1076 1569 1153 1644; x_wconf 93' lang='lat' dir='ltr'><strong>lloc</strong></span> <span class='ocrx_word' id='word_1_45' title='bbox 1184 1569 1270 1645; x_wconf 90' lang='lat' dir='ltr'><strong>dicit</strong></span> <span class='ocrx_word' id='word_1_46' title='bbox 1301 1568 1389 1662; x_wconf 87' lang='lat' dir='ltr'><strong>quia</strong></span> <span class='ocrx_word' id='word_1_47' title='bbox 1413 1565 1544 1642; x_wconf 86' lang='lat' dir='ltr'><strong>omnis</strong></span> 
     </span>
     <span class='ocr_line' id='line_1_7' title="bbox 363 1686 1535 1785; baseline -0.004 -21"><span class='ocrx_word' id='word_1_48' title='bbox 363 1689 518 1785; x_wconf 79' lang='lat' dir='ltr'><strong>qualitas</strong></span> <span class='ocrx_word' id='word_1_49' title='bbox 542 1687 640 1763; x_wconf 86' lang='lat' dir='ltr'><strong>aeris</strong></span> <span class='ocrx_word' id='word_1_50' title='bbox 664 1686 802 1762; x_wconf 88' lang='lat' dir='ltr'><strong>mutari</strong></span> <span class='ocrx_word' id='word_1_51' title='bbox 827 1687 982 1781; x_wconf 85' lang='lat' dir='ltr'><strong>videtur,</strong></span> <span class='ocrx_word' id='word_1_52' title='bbox 1001 1689 1050 1764; x_wconf 84' lang='lat' dir='ltr'><strong>ita</strong></span> <span class='ocrx_word' id='word_1_53' title='bbox 1076 1689 1175 1784; x_wconf 79' lang='lat' dir='ltr'><strong>qnod</strong></span> <span class='ocrx_word' id='word_1_54' title='bbox 1202 1695 1346 1783; x_wconf 89' lang='lat' dir='ltr'><strong>tempus</strong></span> <span class='ocrx_word' id='word_1_55' title='bbox 1363 1707 1462 1761; x_wconf 92' lang='lat' dir='ltr'><strong>nunc</strong></span> <span class='ocrx_word' id='word_1_56' title='bbox 1478 1686 1535 1760; x_wconf 90' lang='lat' dir='ltr'><strong>di-</strong></span> 
     </span>
     <span class='ocr_line' id='line_1_8' title="bbox 365 1805 1536 1905; baseline -0.003 -21"><span class='ocrx_word' id='word_1_57' title='bbox 365 1809 460 1884; x_wconf 88' lang='lat' dir='ltr'><strong>citur</strong></span> <span class='ocrx_word' id='word_1_58' title='bbox 485 1806 656 1900; x_wconf 90' lang='lat' dir='ltr'><strong>calidum,</strong></span> <span class='ocrx_word' id='word_1_59' title='bbox 681 1827 780 1882; x_wconf 92' lang='lat' dir='ltr'><strong>nunc</strong></span> <span class='ocrx_word' id='word_1_60' title='bbox 806 1807 990 1905; x_wconf 77' lang='lat' dir='ltr'><strong>frigidum,</strong></span> <span class='ocrx_word' id='word_1_61' title='bbox 1013 1829 1111 1884; x_wconf 87' lang='lat' dir='ltr'><strong>nanc</strong></span> <span class='ocrx_word' id='word_1_62' title='bbox 1128 1809 1332 1903; x_wconf 83' lang='lat' dir='ltr'><strong>humidum,</strong></span> <span class='ocrx_word' id='word_1_63' title='bbox 1350 1828 1449 1882; x_wconf 90' lang='lat' dir='ltr'><strong>nunc</strong></span> <span class='ocrx_word' id='word_1_64' title='bbox 1466 1805 1536 1880; x_wconf 86' lang='lat' dir='ltr'><strong>sic-</strong></span> 
     </span>
     <span class='ocr_line' id='line_1_9' title="bbox 367 1927 1537 2023; baseline -0.004 -19"><span class='ocrx_word' id='word_1_65' title='bbox 367 1949 465 2023; x_wconf 84' lang='lat' dir='ltr'><strong>cum,</strong></span> <span class='ocrx_word' id='word_1_66' title='bbox 486 1951 505 2000; x_wconf 83' lang='lat' dir='ltr'><strong>e</strong></span> <span class='ocrx_word' id='word_1_67' title='bbox 526 1931 601 2020; x_wconf 88' lang='lat' dir='ltr'><strong>poi,</strong></span> <span class='ocrx_word' id='word_1_68' title='bbox 625 1927 718 2002; x_wconf 83' lang='lat' dir='ltr'><strong>idsst</strong></span> <span class='ocrx_word' id='word_1_69' title='bbox 733 1927 875 2022; x_wconf 85' lang='lat' dir='ltr'><strong>deinde,</strong></span> <span class='ocrx_word' id='word_1_70' title='bbox 892 1933 924 2002; x_wconf 82' lang='lat' dir='ltr'><strong>lc</strong></span> <span class='ocrx_word' id='word_1_71' title='bbox 940 1948 1115 2004; x_wconf 76' lang='lat' dir='ltr'><strong>convenae</strong></span> <span class='ocrx_word' id='word_1_72' title='bbox 1129 1931 1275 2004; x_wconf 70' lang='lat' dir='ltr'><strong>monor</strong></span> <span class='ocrx_word' id='word_1_73' title='bbox 1292 1951 1358 2003; x_wconf 80' lang='lat' dir='ltr'><strong>coo</strong></span> <span class='ocrx_word' id='word_1_74' title='bbox 1374 1933 1410 2002; x_wconf 85' lang='lat' dir='ltr'><strong>lo</strong></span> <span class='ocrx_word' id='word_1_75' title='bbox 1427 1949 1537 2019; x_wconf 78' lang='lat' dir='ltr'><strong>serpo</strong></span> 
     </span>
     <span class='ocr_line' id='line_1_10' title="bbox 368 2048 1538 2147; baseline -0.003 -23"><span class='ocrx_word' id='word_1_76' title='bbox 368 2055 381 2124; x_wconf 87' lang='lat' dir='ltr'><strong>t</strong></span> <span class='ocrx_word' id='word_1_77' title='bbox 413 2051 474 2124; x_wconf 84' lang='lat' dir='ltr'><strong>dni</strong></span> <span class='ocrx_word' id='word_1_78' title='bbox 503 2051 656 2141; x_wconf 68' lang='lat' dir='ltr'><strong>seperta</strong></span> <span class='ocrx_word' id='word_1_79' title='bbox 683 2049 825 2140; x_wconf 76' lang='lat' dir='ltr'><strong>comiti,</strong></span> <span class='ocrx_word' id='word_1_80' title='bbox 857 2048 948 2126; x_wconf 85' lang='lat' dir='ltr'><strong>idest</strong></span> <span class='ocrx_word' id='word_1_81' title='bbox 976 2049 1130 2125; x_wconf 87' lang='lat' dir='ltr'><strong>invicem</strong></span> <span class='ocrx_word' id='word_1_82' title='bbox 1162 2051 1302 2147; x_wconf 77' lang='lat' dir='ltr'><strong>ligatos,</strong></span> <span class='ocrx_word' id='word_1_83' title='bbox 1324 2053 1445 2143; x_wconf 86' lang='lat' dir='ltr'><strong>prima</strong></span> <span class='ocrx_word' id='word_1_84' title='bbox 1479 2050 1538 2120; x_wconf 80' lang='lat' dir='ltr'><strong>cite</strong></span> 
     </span>
     <span class='ocr_line' id='line_1_11' title="bbox 368 2167 1536 2272; baseline 0 -29"><span class='ocrx_word' id='word_1_85' title='bbox 368 2173 523 2243; x_wconf 67' lang='lat' dir='ltr'><strong>measse</strong></span> <span class='ocrx_word' id='word_1_86' title='bbox 546 2171 578 2240; x_wconf 86' lang='lat' dir='ltr'><strong>le</strong></span> <span class='ocrx_word' id='word_1_87' title='bbox 597 2187 711 2260; x_wconf 77' lang='lat' dir='ltr'><strong>penae</strong></span> <span class='ocrx_word' id='word_1_88' title='bbox 727 2170 895 2258; x_wconf 72' lang='lat' dir='ltr'><strong>manno,</strong></span> <span class='ocrx_word' id='word_1_89' title='bbox 912 2167 1004 2243; x_wconf 92' lang='lat' dir='ltr'><strong>idest</strong></span> <span class='ocrx_word' id='word_1_90' title='bbox 1020 2168 1189 2244; x_wconf 89' lang='lat' dir='ltr'><strong>membra</strong></span> <span class='ocrx_word' id='word_1_91' title='bbox 1211 2169 1422 2272; x_wconf 84' lang='lat' dir='ltr'><strong>masculina,</strong></span> <span class='ocrx_word' id='word_1_92' title='bbox 1442 2167 1536 2243; x_wconf 74' lang='lat' dir='ltr'><strong>sicin</strong></span> 
     </span>
     <span class='ocr_line' id='line_1_12' title="bbox 369 2273 1539 2364; baseline -0.005 0"><span class='ocrx_word' id='word_1_93' title='bbox 369 2289 524 2364; x_wconf 85' lang='lat' dir='ltr'><strong>barbam</strong></span> <span class='ocrx_word' id='word_1_94' title='bbox 549 2291 585 2362; x_wconf 88' lang='lat' dir='ltr'><strong>et</strong></span> <span class='ocrx_word' id='word_1_95' title='bbox 611 2287 681 2361; x_wconf 87' lang='lat' dir='ltr'><strong>alia</strong></span> <span class='ocrx_word' id='word_1_96' title='bbox 701 2273 941 2363; x_wconf 81' lang='lat' dir='ltr'><strong>discernentia</strong></span> <span class='ocrx_word' id='word_1_97' title='bbox 961 2305 1103 2363; x_wconf 82' lang='lat' dir='ltr'><strong>sexum.</strong></span> <span class='ocrx_word' id='word_1_98' title='bbox 1117 2327 1167 2344; x_wconf 90' lang='lat'><strong>·-</strong></span> <span class='ocrx_word' id='word_1_99' title='bbox 1179 2295 1327 2363; x_wconf 80' lang='lat' dir='ltr'><strong>Aroatc.</strong></span> <span class='ocrx_word' id='word_1_100' title='bbox 1349 2288 1414 2362; x_wconf 86' lang='lat' dir='ltr'><strong>llic</strong></span> <span class='ocrx_word' id='word_1_101' title='bbox 1430 2293 1539 2362; x_wconf 88' lang='lat' dir='ltr'><strong>autor</strong></span> 
     </span>
     <span class='ocr_line' id='line_1_13' title="bbox 369 2407 1537 2503; baseline -0.002 -21"><span class='ocrx_word' id='word_1_102' title='bbox 369 2407 539 2484; x_wconf 80' lang='lat' dir='ltr'><strong>describit</strong></span> <span class='ocrx_word' id='word_1_103' title='bbox 562 2407 677 2482; x_wconf 91' lang='lat' dir='ltr'><strong>alium</strong></span> <span class='ocrx_word' id='word_1_104' title='bbox 694 2427 879 2503; x_wconf 81' lang='lat' dir='ltr'><strong>augurem</strong></span> <span class='ocrx_word' id='word_1_105' title='bbox 897 2407 1049 2482; x_wconf 89' lang='lat' dir='ltr'><strong>latinum</strong></span> <span class='ocrx_word' id='word_1_106' title='bbox 1068 2409 1132 2502; x_wconf 89' lang='lat' dir='ltr'><strong>qni</strong></span> <span class='ocrx_word' id='word_1_107' title='bbox 1153 2415 1304 2484; x_wconf 86' lang='lat' dir='ltr'><strong>vocatus</strong></span> <span class='ocrx_word' id='word_1_108' title='bbox 1329 2415 1384 2483; x_wconf 88' lang='lat' dir='ltr'><strong>est</strong></span> <span class='ocrx_word' id='word_1_109' title='bbox 1407 2411 1537 2481; x_wconf 82' lang='lat' dir='ltr'><strong>Aruns</strong></span> 
     </span>
     <span class='ocr_line' id='line_1_14' title="bbox 371 2525 1541 2622; baseline -0.003 -20"><span class='ocrx_word' id='word_1_110' title='bbox 371 2527 425 2602; x_wconf 77' lang='lat' dir='ltr'><strong>ld</strong></span> <span class='ocrx_word' id='word_1_111' title='bbox 450 2527 556 2601; x_wconf 87' lang='lat' dir='ltr'><strong>cuius</strong></span> <span class='ocrx_word' id='word_1_112' title='bbox 581 2525 854 2622; x_wconf 78' lang='lat' dir='ltr'><strong>intelligentiam</strong></span> <span class='ocrx_word' id='word_1_113' title='bbox 881 2532 935 2602; x_wconf 88' lang='lat' dir='ltr'><strong>est</strong></span> <span class='ocrx_word' id='word_1_114' title='bbox 960 2527 1148 2602; x_wconf 89' lang='lat' dir='ltr'><strong>sciendum</strong></span> <span class='ocrx_word' id='word_1_115' title='bbox 1175 2527 1285 2620; x_wconf 88' lang='lat' dir='ltr'><strong>qnod,</strong></span> <span class='ocrx_word' id='word_1_116' title='bbox 1301 2527 1396 2602; x_wconf 85' lang='lat' dir='ltr'><strong>sicat</strong></span> <span class='ocrx_word' id='word_1_117' title='bbox 1416 2525 1541 2600; x_wconf 87' lang='lat' dir='ltr'><strong>scribit</strong></span> 
     </span>
     <span class='ocr_line' id='line_1_15' title="bbox 373 2645 1542 2742; baseline -0.002 -22"><span class='ocrx_word' id='word_1_118' title='bbox 373 2649 542 2720; x_wconf 80' lang='lat' dir='ltr'><strong>Lucanus</strong></span> <span class='ocrx_word' id='word_1_119' title='bbox 558 2646 595 2719; x_wconf 93' lang='lat' dir='ltr'><strong>in</strong></span> <span class='ocrx_word' id='word_1_120' title='bbox 612 2645 732 2741; x_wconf 89' lang='lat' dir='ltr'><strong>primo</strong></span> <span class='ocrx_word' id='word_1_121' title='bbox 748 2646 844 2721; x_wconf 84' lang='lat' dir='ltr'><strong>circs</strong></span> <span class='ocrx_word' id='word_1_122' title='bbox 860 2645 982 2740; x_wconf 82' lang='lat' dir='ltr'><strong>inem,</strong></span> <span class='ocrx_word' id='word_1_123' title='bbox 997 2646 1117 2722; x_wconf 74' lang='lat' dir='ltr'><strong>Aruns</strong></span> <span class='ocrx_word' id='word_1_124' title='bbox 1133 2647 1201 2721; x_wconf 87' lang='lat' dir='ltr'><strong>init</strong></span> <span class='ocrx_word' id='word_1_125' title='bbox 1218 2647 1402 2722; x_wconf 83' lang='lat' dir='ltr'><strong>maximus</strong></span> <span class='ocrx_word' id='word_1_126' title='bbox 1419 2665 1542 2742; x_wconf 82' lang='lat' dir='ltr'><strong>augur</strong></span> 
     </span>
     <span class='ocr_line' id='line_1_16' title="bbox 375 2764 1543 2860; baseline -0.002 -21"><span class='ocrx_word' id='word_1_127' title='bbox 375 2767 412 2839; x_wconf 94' lang='lat' dir='ltr'><strong>in</strong></span> <span class='ocrx_word' id='word_1_128' title='bbox 440 2764 580 2858; x_wconf 80' lang='lat' dir='ltr'><strong>Tuscia,</strong></span> <span class='ocrx_word' id='word_1_129' title='bbox 614 2765 678 2858; x_wconf 86' lang='lat' dir='ltr'><strong>qni</strong></span> <span class='ocrx_word' id='word_1_130' title='bbox 711 2783 817 2839; x_wconf 87' lang='lat' dir='ltr'><strong>suam</strong></span> <span class='ocrx_word' id='word_1_131' title='bbox 847 2772 966 2840; x_wconf 88' lang='lat' dir='ltr'><strong>artem</strong></span> <span class='ocrx_word' id='word_1_132' title='bbox 1000 2765 1218 2842; x_wconf 89' lang='lat' dir='ltr'><strong>vaticinandi</strong></span> <span class='ocrx_word' id='word_1_133' title='bbox 1250 2766 1416 2842; x_wconf 85' lang='lat' dir='ltr'><strong>exercuit</strong></span> <span class='ocrx_word' id='word_1_134' title='bbox 1444 2765 1543 2860; x_wconf 91' lang='lat' dir='ltr'><strong>apud</strong></span> 
     </span>
     <span class='ocr_line' id='line_1_17' title="bbox 374 2884 1543 2978; baseline 0 -19"><span class='ocrx_word' id='word_1_135' title='bbox 374 2886 556 2960; x_wconf 84' lang='lat' dir='ltr'><strong>civitatem</strong></span> <span class='ocrx_word' id='word_1_136' title='bbox 581 2885 771 2978; x_wconf 89' lang='lat' dir='ltr'><strong>antiquam</strong></span> <span class='ocrx_word' id='word_1_137' title='bbox 789 2884 985 2978; x_wconf 80' lang='lat' dir='ltr'><strong>qnoedlcta</strong></span> <span class='ocrx_word' id='word_1_138' title='bbox 1010 2893 1065 2960; x_wconf 88' lang='lat' dir='ltr'><strong>est</strong></span> <span class='ocrx_word' id='word_1_139' title='bbox 1089 2887 1204 2962; x_wconf 86' lang='lat' dir='ltr'><strong>Luna.</strong></span> <span class='ocrx_word' id='word_1_140' title='bbox 1223 2888 1294 2963; x_wconf 89' lang='lat' dir='ltr'><strong>iste</strong></span> <span class='ocrx_word' id='word_1_141' title='bbox 1309 2887 1431 2960; x_wconf 79' lang='lat' dir='ltr'><strong>Aruns</strong></span> <span class='ocrx_word' id='word_1_142' title='bbox 1448 2894 1543 2960; x_wconf 83' lang='lat' dir='ltr'><strong>tern-</strong></span> 
     </span>
     <span class='ocr_line' id='line_1_18' title="bbox 376 3003 1545 3101; baseline -0.002 -21"><span class='ocrx_word' id='word_1_143' title='bbox 376 3025 466 3101; x_wconf 87' lang='lat' dir='ltr'><strong>pore</strong></span> <span class='ocrx_word' id='word_1_144' title='bbox 490 3004 575 3080; x_wconf 90' lang='lat' dir='ltr'><strong>belli</strong></span> <span class='ocrx_word' id='word_1_145' title='bbox 598 3003 710 3078; x_wconf 87' lang='lat' dir='ltr'><strong>civilis</strong></span> <span class='ocrx_word' id='word_1_146' title='bbox 734 3013 886 3081; x_wconf 76' lang='lat' dir='ltr'><strong>vocatus</strong></span> <span class='ocrx_word' id='word_1_147' title='bbox 905 3010 960 3080; x_wconf 86' lang='lat' dir='ltr'><strong>est</strong></span> <span class='ocrx_word' id='word_1_148' title='bbox 976 3005 1132 3081; x_wconf 88' lang='lat' dir='ltr'><strong>Romam</strong></span> <span class='ocrx_word' id='word_1_149' title='bbox 1151 3011 1192 3079; x_wconf 91' lang='lat' dir='ltr'><strong>ut</strong></span> <span class='ocrx_word' id='word_1_150' title='bbox 1208 3006 1416 3100; x_wconf 81' lang='lat' dir='ltr'><strong>exploraret</strong></span> <span class='ocrx_word' id='word_1_151' title='bbox 1432 3025 1545 3081; x_wconf 83' lang='lat' dir='ltr'><strong>eren·</strong></span> 
     </span>
     <span class='ocr_line' id='line_1_19' title="bbox 377 3123 1545 3221; baseline -0.003 -21"><span class='ocrx_word' id='word_1_152' title='bbox 377 3133 454 3200; x_wconf 91' lang='lat' dir='ltr'><strong>tum</strong></span> <span class='ocrx_word' id='word_1_153' title='bbox 480 3124 579 3217; x_wconf 90' lang='lat' dir='ltr'><strong>belli,</strong></span> <span class='ocrx_word' id='word_1_154' title='bbox 611 3124 675 3218; x_wconf 87' lang='lat' dir='ltr'><strong>qui</strong></span> <span class='ocrx_word' id='word_1_155' title='bbox 698 3123 848 3198; x_wconf 83' lang='lat' dir='ltr'><strong>verricus</strong></span> <span class='ocrx_word' id='word_1_156' title='bbox 873 3123 1045 3221; x_wconf 78' lang='lat' dir='ltr'><strong>purgavit</strong></span> <span class='ocrx_word' id='word_1_157' title='bbox 1070 3124 1202 3198; x_wconf 90' lang='lat' dir='ltr'><strong>urbem</strong></span> <span class='ocrx_word' id='word_1_158' title='bbox 1232 3124 1413 3220; x_wconf 84' lang='lat' dir='ltr'><strong>prodigiis,</strong></span> <span class='ocrx_word' id='word_1_159' title='bbox 1439 3124 1545 3198; x_wconf 83' lang='lat' dir='ltr'><strong>creri-</strong></span> 
     </span>
     <span class='ocr_line' id='line_1_20' title="bbox 377 3237 1548 3338; baseline -0.003 -18"><span class='ocrx_word' id='word_1_160' title='bbox 377 3243 519 3320; x_wconf 84' lang='lat' dir='ltr'><strong>monias</strong></span> <span class='ocrx_word' id='word_1_161' title='bbox 543 3249 581 3320; x_wconf 92' lang='lat' dir='ltr'><strong>et</strong></span> <span class='ocrx_word' id='word_1_162' title='bbox 604 3243 854 3338; x_wconf 81' lang='lat' dir='ltr'><strong>processiones</strong></span> <span class='ocrx_word' id='word_1_163' title='bbox 872 3243 972 3320; x_wconf 88' lang='lat' dir='ltr'><strong>lecit:</strong></span> <span class='ocrx_word' id='word_1_164' title='bbox 999 3243 1147 3318; x_wconf 91' lang='lat' dir='ltr'><strong>tandem</strong></span> <span class='ocrx_word' id='word_1_165' title='bbox 1165 3243 1249 3318; x_wconf 88' lang='lat' dir='ltr'><strong>iecit</strong></span> <span class='ocrx_word' id='word_1_166' title='bbox 1265 3237 1483 3318; x_wconf 85' lang='lat' dir='ltr'><strong>sacrificium</strong></span> <span class='ocrx_word' id='word_1_167' title='bbox 1500 3243 1548 3317; x_wconf 88' lang='lat' dir='ltr'><strong>de</strong></span> 
     </span>
     <span class='ocr_line' id='line_1_21' title="bbox 378 3361 1549 3458; baseline -0.003 -16"><span class='ocrx_word' id='word_1_168' title='bbox 378 3375 488 3442; x_wconf 83' lang='lat' dir='ltr'><strong>tauro</strong></span> <span class='ocrx_word' id='word_1_169' title='bbox 512 3364 591 3439; x_wconf 84' lang='lat' dir='ltr'><strong>lori</strong></span> <span class='ocrx_word' id='word_1_170' title='bbox 615 3363 753 3458; x_wconf 86' lang='lat' dir='ltr'><strong>optimo</strong></span> <span class='ocrx_word' id='word_1_171' title='bbox 777 3363 952 3458; x_wconf 80' lang='lat' dir='ltr'><strong>maximo,</strong></span> <span class='ocrx_word' id='word_1_172' title='bbox 974 3370 1011 3438; x_wconf 89' lang='lat' dir='ltr'><strong>et</strong></span> <span class='ocrx_word' id='word_1_173' title='bbox 1036 3370 1177 3458; x_wconf 88' lang='lat' dir='ltr'><strong>partem</strong></span> <span class='ocrx_word' id='word_1_174' title='bbox 1203 3363 1457 3439; x_wconf 75' lang='lat' dir='ltr'><strong>intmtinorum</strong></span> <span class='ocrx_word' id='word_1_175' title='bbox 1484 3361 1549 3438; x_wconf 91' lang='lat' dir='ltr'><strong>de·</strong></span> 
     </span>
     <span class='ocr_line' id='line_1_22' title="bbox 379 3483 1548 3578; baseline -0.002 -20"><span class='ocrx_word' id='word_1_176' title='bbox 379 3483 520 3578; x_wconf 81' lang='lat' dir='ltr'><strong>putavit</strong></span> <span class='ocrx_word' id='word_1_177' title='bbox 544 3483 729 3578; x_wconf 84' lang='lat' dir='ltr'><strong>Pompeio,</strong></span> <span class='ocrx_word' id='word_1_178' title='bbox 759 3489 902 3578; x_wconf 86' lang='lat' dir='ltr'><strong>partem</strong></span> <span class='ocrx_word' id='word_1_179' title='bbox 932 3503 1022 3559; x_wconf 85' lang='lat' dir='ltr'><strong>rsro</strong></span> <span class='ocrx_word' id='word_1_180' title='bbox 1052 3484 1203 3578; x_wconf 78' lang='lat' dir='ltr'><strong>Caesari3</strong></span> <span class='ocrx_word' id='word_1_181' title='bbox 1233 3491 1272 3558; x_wconf 92' lang='lat' dir='ltr'><strong>et</strong></span> <span class='ocrx_word' id='word_1_182' title='bbox 1296 3484 1458 3559; x_wconf 86' lang='lat' dir='ltr'><strong>breviter</strong></span> <span class='ocrx_word' id='word_1_183' title='bbox 1483 3503 1548 3578; x_wconf 91' lang='lat' dir='ltr'><strong>per</strong></span> 
     </span>
     <span class='ocr_line' id='line_1_23' title="bbox 379 3601 1549 3700; baseline -0.001 -22"><span class='ocrx_word' id='word_1_184' title='bbox 379 3604 481 3700; x_wconf 79' lang='lat' dir='ltr'><strong>sigila</strong></span> <span class='ocrx_word' id='word_1_185' title='bbox 497 3601 709 3698; x_wconf 85' lang='lat' dir='ltr'><strong>apparentia</strong></span> <span class='ocrx_word' id='word_1_186' title='bbox 727 3601 915 3698; x_wconf 84' lang='lat' dir='ltr'><strong>perpendit</strong></span> <span class='ocrx_word' id='word_1_187' title='bbox 931 3609 1073 3699; x_wconf 86' lang='lat' dir='ltr'><strong>partem</strong></span> <span class='ocrx_word' id='word_1_188' title='bbox 1091 3603 1246 3678; x_wconf 78' lang='lat' dir='ltr'><strong>crasans</strong></span> <span class='ocrx_word' id='word_1_189' title='bbox 1262 3603 1549 3700; x_wconf 77' lang='lat' dir='ltr'><strong>praevaliturum,</strong></span> 
     </span>
     <span class='ocr_line' id='line_1_24' title="bbox 345 3720 1550 3822; baseline -0.002 -24"><span class='ocrx_word' id='word_1_190' title='bbox 345 3815 349 3822; x_wconf 12' lang='grc' dir='ltr'>ἢ</span> <span class='ocrx_word' id='word_1_191' title='bbox 380 3723 443 3798; x_wconf 85' lang='lat' dir='ltr'><strong>sed</strong></span> <span class='ocrx_word' id='word_1_192' title='bbox 469 3721 679 3798; x_wconf 85' lang='lat' dir='ltr'><strong>vaticinium</strong></span> <span class='ocrx_word' id='word_1_193' title='bbox 705 3720 909 3796; x_wconf 86' lang='lat' dir='ltr'><strong>obscurum</strong></span> <span class='ocrx_word' id='word_1_194' title='bbox 935 3721 1021 3799; x_wconf 86' lang='lat' dir='ltr'><strong>lecit</strong></span> <span class='ocrx_word' id='word_1_195' title='bbox 1045 3722 1115 3796; x_wconf 91' lang='lat' dir='ltr'><strong>sub</strong></span> <span class='ocrx_word' id='word_1_196' title='bbox 1147 3722 1323 3820; x_wconf 83' lang='lat' dir='ltr'><strong>ambiguo</strong></span> <span class='ocrx_word' id='word_1_197' title='bbox 1348 3724 1550 3799; x_wconf 80' lang='lat' dir='ltr'><strong>verborum</strong></span> 
     </span>
     <span class='ocr_line' id='line_1_25' title="bbox 380 3836 1547 3936; baseline 0.003 -22"><span class='ocrx_word' id='word_1_198' title='bbox 380 3841 583 3934; x_wconf 86' lang='lat' dir='ltr'><strong>involucro,</strong></span> <span class='ocrx_word' id='word_1_199' title='bbox 600 3841 693 3916; x_wconf 89' lang='lat' dir='ltr'><strong>sicut</strong></span> <span class='ocrx_word' id='word_1_200' title='bbox 710 3850 765 3918; x_wconf 85' lang='lat' dir='ltr'><strong>est</strong></span> <span class='ocrx_word' id='word_1_201' title='bbox 789 3839 836 3916; x_wconf 89' lang='lat' dir='ltr'><strong>de</strong></span> <span class='ocrx_word' id='word_1_202' title='bbox 861 3859 966 3916; x_wconf 89' lang='lat' dir='ltr'><strong>more</strong></span> <span class='ocrx_word' id='word_1_203' title='bbox 990 3839 1250 3936; x_wconf 73' lang='lat' dir='ltr'><strong>divinatorem,</strong></span> <span class='ocrx_word' id='word_1_204' title='bbox 1268 3853 1305 3920; x_wconf 86' lang='lat' dir='ltr'><strong>ot</strong></span> <span class='ocrx_word' id='word_1_205' title='bbox 1321 3843 1390 3918; x_wconf 92' lang='lat' dir='ltr'><strong>boc</strong></span> <span class='ocrx_word' id='word_1_206' title='bbox 1407 3843 1491 3917; x_wconf 89' lang='lat' dir='ltr'><strong>iacit</strong></span> <span class='ocrx_word' id='word_1_207' title='bbox 1510 3836 1547 3934; x_wconf 80' lang='lat'><strong>(¹)</strong></span> 
     </span>
     <span class='ocr_line' id='line_1_26' title="bbox 382 3961 1553 4057; baseline -0.001 -20"><span class='ocrx_word' id='word_1_208' title='bbox 382 3961 585 4037; x_wconf 85' lang='lat' dir='ltr'><strong>secundum</strong></span> <span class='ocrx_word' id='word_1_209' title='bbox 611 3971 731 4038; x_wconf 85' lang='lat' dir='ltr'><strong>artem</strong></span> <span class='ocrx_word' id='word_1_210' title='bbox 756 3961 872 4057; x_wconf 74' lang='lat' dir='ltr'><strong>tagis,</strong></span> <span class='ocrx_word' id='word_1_211' title='bbox 898 3961 964 4055; x_wconf 88' lang='lat' dir='ltr'><strong>qui</strong></span> <span class='ocrx_word' id='word_1_212' title='bbox 988 3963 1130 4056; x_wconf 88' lang='lat' dir='ltr'><strong>primus</strong></span> <span class='ocrx_word' id='word_1_213' title='bbox 1155 3963 1191 4036; x_wconf 96' lang='lat' dir='ltr'><strong>in</strong></span> <span class='ocrx_word' id='word_1_214' title='bbox 1215 3961 1344 4038; x_wconf 81' lang='lat' dir='ltr'><strong>Tuscia</strong></span> <span class='ocrx_word' id='word_1_215' title='bbox 1370 3963 1553 4038; x_wconf 84' lang='lat' dir='ltr'><strong>adinvenit</strong></span> 
     </span>
     <span class='ocr_line' id='line_1_27' title="bbox 384 4079 1555 4174; baseline 0 -18"><span class='ocrx_word' id='word_1_216' title='bbox 384 4087 503 4156; x_wconf 86' lang='lat' dir='ltr'><strong>artem</strong></span> <span class='ocrx_word' id='word_1_217' title='bbox 520 4079 714 4174; x_wconf 79' lang='lat' dir='ltr'><strong>divinandi,</strong></span> <span class='ocrx_word' id='word_1_218' title='bbox 739 4081 834 4156; x_wconf 80' lang='lat' dir='ltr'><strong>sicru</strong></span> <span class='ocrx_word' id='word_1_219' title='bbox 857 4080 981 4156; x_wconf 86' lang='lat' dir='ltr'><strong>scribit</strong></span> <span class='ocrx_word' id='word_1_220' title='bbox 1004 4079 1144 4155; x_wconf 74' lang='lat' dir='ltr'><strong>l&#39;nllius</strong></span> <span class='ocrx_word' id='word_1_221' title='bbox 1169 4082 1206 4154; x_wconf 93' lang='lat' dir='ltr'><strong>in</strong></span> <span class='ocrx_word' id='word_1_222' title='bbox 1231 4101 1301 4157; x_wconf 89' lang='lat' dir='ltr'><strong>suo</strong></span> <span class='ocrx_word' id='word_1_223' title='bbox 1315 4082 1409 4158; x_wconf 88' lang='lat' dir='ltr'><strong>libro</strong></span> <span class='ocrx_word' id='word_1_224' title='bbox 1431 4083 1478 4157; x_wconf 96' lang='lat' dir='ltr'><strong>de</strong></span> <span class='ocrx_word' id='word_1_225' title='bbox 1495 4083 1555 4156; x_wconf 84' lang='lat' dir='ltr'><strong>ot-</strong></span> 
     </span>
     <span class='ocr_line' id='line_1_28' title="bbox 385 4195 1555 4297; baseline 0.003 -21"><span class='ocrx_word' id='word_1_226' title='bbox 385 4200 579 4276; x_wconf 81' lang='lat' dir='ltr'><strong>rinatione</strong></span> <span class='ocrx_word' id='word_1_227' title='bbox 605 4201 645 4274; x_wconf 92' lang='lat' dir='ltr'><strong>ln</strong></span> <span class='ocrx_word' id='word_1_228' title='bbox 670 4201 800 4276; x_wconf 73' lang='lat' dir='ltr'><strong>Tnsda</strong></span> <span class='ocrx_word' id='word_1_229' title='bbox 824 4219 987 4294; x_wconf 87' lang='lat' dir='ltr'><strong>namque</strong></span> <span class='ocrx_word' id='word_1_230' title='bbox 1010 4201 1097 4276; x_wconf 88' lang='lat' dir='ltr'><strong>obm</strong></span> <span class='ocrx_word' id='word_1_231' title='bbox 1120 4201 1279 4274; x_wconf 86' lang='lat' dir='ltr'><strong>multum</strong></span> <span class='ocrx_word' id='word_1_232' title='bbox 1306 4201 1503 4297; x_wconf 82' lang='lat' dir='ltr'><strong>riguerunt</strong></span> <span class='ocrx_word' id='word_1_233' title='bbox 1519 4195 1555 4294; x_wconf 55' lang='grc' dir='ltr'><strong>ι’)</strong></span> 
     </span>
     <span class='ocr_line' id='line_1_29' title="bbox 386 4319 1556 4417; baseline 0.001 -23"><span class='ocrx_word' id='word_1_234' title='bbox 386 4320 555 4416; x_wconf 80' lang='lat' dir='ltr'><strong>auguria,</strong></span> <span class='ocrx_word' id='word_1_235' title='bbox 580 4320 767 4415; x_wconf 83' lang='lat' dir='ltr'><strong>sacrificia,</strong></span> <span class='ocrx_word' id='word_1_236' title='bbox 797 4327 834 4396; x_wconf 89' lang='lat' dir='ltr'><strong>st</strong></span> <span class='ocrx_word' id='word_1_237' title='bbox 867 4319 991 4396; x_wconf 90' lang='lat' dir='ltr'><strong>omnia</strong></span> <span class='ocrx_word' id='word_1_238' title='bbox 1015 4319 1214 4416; x_wconf 87' lang='lat' dir='ltr'><strong>spectantia</strong></span> <span class='ocrx_word' id='word_1_239' title='bbox 1242 4320 1290 4394; x_wconf 92' lang='lat' dir='ltr'><strong>ad</strong></span> <span class='ocrx_word' id='word_1_240' title='bbox 1320 4319 1556 4417; x_wconf 81' lang='lat' dir='ltr'><strong>religionem3</strong></span> 
     </span>
     <span class='ocr_line' id='line_1_30' title="bbox 388 4439 1556 4536; baseline 0 -22"><span class='ocrx_word' id='word_1_241' title='bbox 388 4439 485 4516; x_wconf 92' lang='lat' dir='ltr'><strong>unde</strong></span> <span class='ocrx_word' id='word_1_242' title='bbox 510 4441 650 4535; x_wconf 83' lang='lat' dir='ltr'><strong>antiqui</strong></span> <span class='ocrx_word' id='word_1_243' title='bbox 682 4439 827 4516; x_wconf 86' lang='lat' dir='ltr'><strong>romani</strong></span> <span class='ocrx_word' id='word_1_244' title='bbox 855 4461 878 4535; x_wconf 82' lang='lat' dir='ltr'><strong>a</strong></span> <span class='ocrx_word' id='word_1_245' title='bbox 904 4439 1080 4536; x_wconf 84' lang='lat' dir='ltr'><strong>principio</strong></span> <span class='ocrx_word' id='word_1_246' title='bbox 1109 4439 1302 4516; x_wconf 85' lang='lat' dir='ltr'><strong>mittebant</strong></span> <span class='ocrx_word' id='word_1_247' title='bbox 1326 4440 1363 4515; x_wconf 93' lang='lat' dir='ltr'><strong>in</strong></span> <span class='ocrx_word' id='word_1_248' title='bbox 1388 4441 1556 4517; x_wconf 88' lang='lat' dir='ltr'><strong>Tusciam</strong></span> 
     </span>
     <span class='ocr_line' id='line_1_31' title="bbox 388 4558 1558 4654; baseline 0.003 -19"><span class='ocrx_word' id='word_1_249' title='bbox 388 4580 455 4654; x_wconf 88' lang='lat' dir='ltr'><strong>pro</strong></span> <span class='ocrx_word' id='word_1_250' title='bbox 481 4559 736 4637; x_wconf 79' lang='lat' dir='ltr'><strong>informatione</strong></span> <span class='ocrx_word' id='word_1_251' title='bbox 759 4579 963 4654; x_wconf 87' lang='lat' dir='ltr'><strong>sacrorum,</strong></span> <span class='ocrx_word' id='word_1_252' title='bbox 993 4559 1090 4637; x_wconf 88' lang='lat' dir='ltr'><strong>sicut</strong></span> <span class='ocrx_word' id='word_1_253' title='bbox 1113 4558 1238 4635; x_wconf 90' lang='lat' dir='ltr'><strong>scribit</strong></span> <span class='ocrx_word' id='word_1_254' title='bbox 1270 4559 1436 4636; x_wconf 84' lang='lat' dir='ltr'><strong>Valerius</strong></span> <span class='ocrx_word' id='word_1_255' title='bbox 1460 4563 1558 4638; x_wconf 88' lang='lat' dir='ltr'><strong>circa</strong></span> 
     </span>
     <span class='ocr_line' id='line_1_32' title="bbox 390 4677 1559 4777; baseline 0 -23"><span class='ocrx_word' id='word_1_256' title='bbox 390 4679 616 4775; x_wconf 87' lang='lat' dir='ltr'><strong>principium.</strong></span> <span class='ocrx_word' id='word_1_257' title='bbox 642 4679 697 4754; x_wconf 81' lang='lat' dir='ltr'><strong>ld</strong></span> <span class='ocrx_word' id='word_1_258' title='bbox 721 4677 946 4775; x_wconf 87' lang='lat' dir='ltr'><strong>propositum</strong></span> <span class='ocrx_word' id='word_1_259' title='bbox 973 4698 1064 4777; x_wconf 81' lang='lat' dir='ltr'><strong>ergo</strong></span> <span class='ocrx_word' id='word_1_260' title='bbox 1081 4677 1252 4776; x_wconf 81' lang='lat' dir='ltr'><strong>Virgilius</strong></span> <span class='ocrx_word' id='word_1_261' title='bbox 1269 4700 1367 4755; x_wconf 92' lang='lat' dir='ltr'><strong>nunc</strong></span> <span class='ocrx_word' id='word_1_262' title='bbox 1391 4680 1559 4756; x_wconf 81' lang='lat' dir='ltr'><strong>describit</strong></span> 
     </span>
     <span class='ocr_line' id='line_1_33' title="bbox 391 4787 1560 4893; baseline 0.002 -22"><span class='ocrx_word' id='word_1_263' title='bbox 391 4799 568 4873; x_wconf 70' lang='lat' dir='ltr'><strong>aruntem</strong></span> <span class='ocrx_word' id='word_1_264' title='bbox 593 4817 616 4872; x_wconf 92' lang='lat' dir='ltr'><strong>a</strong></span> <span class='ocrx_word' id='word_1_265' title='bbox 641 4799 769 4893; x_wconf 90' lang='lat' dir='ltr'><strong>patria,</strong></span> <span class='ocrx_word' id='word_1_266' title='bbox 794 4799 843 4876; x_wconf 90' lang='lat' dir='ltr'><strong>ab</strong></span> <span class='ocrx_word' id='word_1_267' title='bbox 860 4787 898 4891; x_wconf 71' lang='lat'><strong>(³)</strong></span> <span class='ocrx_word' id='word_1_268' title='bbox 924 4805 1017 4892; x_wconf 82' lang='lat' dir='ltr'><strong>arte,</strong></span> <span class='ocrx_word' id='word_1_269' title='bbox 1033 4797 1180 4875; x_wconf 74' lang='lat' dir='ltr'><strong>dauns:</strong></span> <span class='ocrx_word' id='word_1_270' title='bbox 1197 4806 1336 4874; x_wconf 70' lang='lat' dir='ltr'><strong>tronto</strong></span> <span class='ocrx_word' id='word_1_271' title='bbox 1351 4795 1389 4874; x_wconf 76' lang='lat' dir='ltr'><strong>ds</strong></span> <span class='ocrx_word' id='word_1_272' title='bbox 1406 4804 1486 4893; x_wconf 80' lang='lat' dir='ltr'><strong>puel</strong></span> <span class='ocrx_word' id='word_1_273' title='bbox 1500 4803 1560 4874; x_wconf 82' lang='lat' dir='ltr'><strong>cle</strong></span> 
     </span>
    </p>
   </div>
   <div class='ocr_carea' id='block_1_3' title="bbox 453 5041 1494 5114">
    <p class='ocr_par' dir='ltr' id='par_1_3' title="bbox 453 5041 1494 5114">
     <span class='ocr_line' id='line_1_34' title="bbox 453 5041 1494 5114; baseline -0.003 -11"><span class='ocrx_word' id='word_1_274' title='bbox 453 5041 615 5106; x_wconf 65' lang='lat' dir='ltr'><strong>dinus</strong></span> <span class='ocrx_word' id='word_1_275' title='bbox 800 5047 901 5111; x_wconf 68' lang='lat' dir='ltr'><strong>ptris,</strong></span> <span class='ocrx_word' id='word_1_276' title='bbox 917 5049 1061 5114; x_wconf 62' lang='lat' dir='ltr'><strong>rimam</strong></span> <span class='ocrx_word' id='word_1_277' title='bbox 1247 5049 1275 5114; x_wconf 80' lang='lat'><strong>(⁸)</strong></span> <span class='ocrx_word' id='word_1_278' title='bbox 1291 5049 1494 5102; x_wconf 65' lang='lat' dir='ltr'><strong>Laome.</strong></span> 
     </span>
    </p>
   </div>
   <div class='ocr_carea' id='block_1_4' title="bbox 0 0 2323 6836">
    <p class='ocr_par' dir='ltr' id='par_1_4' title="bbox 0 0 2323 6836">
     <span class='ocr_line' id='line_1_35' title="bbox 0 0 2323 6836; baseline 0 0"><span class='ocrx_word' id='word_1_279' title='bbox 0 0 2323 6836; x_wconf 95' lang='lat' dir='ltr'><strong> </strong></span> 
     </span>
    </p>
   </div>
  </div>
 </body>
</html>
