4526 6836
761 973 901 1030 CAMUS
926 971 1126 1029 vlumus.
1481 969 1525 1034 71

356 1118 542 1214 punbetus
574 1135 660 1194 eum
698 1117 776 1194 alib
813 1117 851 1194 ln
884 1117 1035 1210 bellum,
1066 1115 1192 1192 volens
1228 1133 1297 1192 auu
1335 1119 1416 1196 vica
1450 1123 1530 1198 acie

356 1257 536 1334 pugnare,
566 1236 728 1316 meeudn
758 1255 914 1312 currum
945 1255 1057 1310 auum
1092 1239 1259 1310 armatus
1291 1243 1339 1312 et·
1366 1247 1528 1334 paratus,

356 1357 449 1434 deut
473 1363 554 1434 erat
578 1355 667 1432 olim
690 1356 738 1432 de
764 1377 869 1434 mure
894 1376 1025 1452 regum
1056 1355 1301 1450 orientalium,
1333 1357 1427 1434 sicut
1455 1361 1529 1436 lla-

357 1477 433 1552 riue
458 1495 525 1552 rex
546 1492 745 1571 persarum
772 1482 901 1554 contra
924 1469 962 1568 (¹)
993 1474 1241 1550 Alexandrum
1267 1495 1455 1574 magnum.
1484 1481 1527 1554 llt

355 1596 442 1690 quta
466 1594 711 1690 Amphiaraus
735 1601 816 1670 erat
840 1594 1013 1690 pransurus
1037 1614 1116 1670 aure
1141 1595 1269 1670 mortis
1295 1616 1527 1676 recommen-
1650 1587 1655 1597 '

355 1714 445 1792 dana
468 1713 635 1808 domum,
651 1721 690 1792 et
706 1713 822 1790 hlium
839 1713 992 1808 Apollini
1011 1713 1165 1788 ardebat
1179 1733 1310 1792 amore
1326 1715 1422 1810 belli,
1440 1717 1527 1812 quia

357 1834 489 1910 bduala
517 1834 778 1912 montiscurte
808 1833 1038 1908 ministrabat
1062 1832 1128 1908 sibl
1159 1833 1279 1926 virea;
1304 1833 1386 1910 iden
1417 1837 1527 1932 caepit

357 1973 523 2051 pugnare
547 1953 842 2050 magnanimiter.
862 1954 906 2030 Et
928 1973 1015 2028 eece
1039 1953 1239 2030 terribilem
1264 1973 1411 2030 casum:
1438 1975 1525 2030 nam

359 2083 458 2152 terra
482 2074 603 2150 subito
626 2082 754 2169 aperta
774 2081 842 2166 est,
859 2074 954 2150 butu
979 2093 1046 2150 ure
1063 2073 1243 2168 prolundu
1259 2093 1345 2150 aum
1364 2075 1526 2151 marimo

359 2203 539 2288 tremnrtm
557 2201 596 2270 et
612 2193 787 2269 condano
811 2193 1054 2288 Amphiaraus
1069 2212 1155 2268 eum
1175 2201 1395 2288 lutacium,
1413 2195 1527 2270 armis

356 2324 393 2393 et
417 2315 522 2409 equ‘m
545 2313 716 2390 ahmrtm
740 2319 795 2388 ast
819 2333 840 2386 a
868 2317 978 2405 terra,
996 2317 1033 2387 et
1057 2305 1330 2406 descendensl²)
1356 2313 1526 2409 respicie-

355 2435 417 2510 bat
433 2435 583 2526 coeluan,
599 2439 637 2508 et
649 2431 765 2508 deluit
778 2431 903 2510 videns
921 2437 1058 2507 terram
1075 2431 1194 2506 claudi
1210 2452 1324 2527 supra
1334 2453 1386 2527 se,
1400 2433 1526 2528 sicque

355 2555 461 2630 vivus
484 2553 649 2650 sepultus
674 2558 739 2628 est
766 2550 836 2626 Sed
867 2551 973 2626 mulli
1004 2551 1186 2626 mirantur
1216 2559 1254 2628 et
1284 2558 1413 2647 petunt
1437 2551 1524 2646 quid

354 2673 422 2748 sibi
445 2673 525 2748 vult
549 2672 615 2750 ista
639 2671 747 2746 butio.
765 2670 853 2746 Ilien
870 2670 1031 2746 breviter
1047 2671 1147 2766 quod
1164 2671 1233 2746 ista
1253 2673 1320 2750 luit
1337 2693 1396 2748 res
1421 2694 1522 2765 vern,

355 2811 429 2868 nun
454 2791 556 2884 tletu3
582 2809 667 2864 nam
692 2796 926 2866 terremotus
956 2789 1024 2864 luit
1047 2809 1160 2868 causa
1185 2793 1294 2868 huius
1318 2803 1521 2888 aperturae;

354 2911 449 2989 daut
466 2909 663 3004 aliquando
680 2917 777 2986 terra
795 2927 861 3002 per
879 2915 1132 2985 terraemotum
1149 2910 1340 3007 deglutivit
1354 2904 1390 3004 (³)
1410 2933 1522 2988 unam

355 3031 510 3106 insulam
536 3031 596 3105 vel
620 3029 728 3104 aliana
755 3035 907 3122 terram,
933 3028 1008 3104 imo
1037 3029 1234 3123 aliquando
1258 3032 1400 3126 recidit,
1425 3033 1523 3126 quod

355 3157 521 3246 tempure
545 3169 676 3224 sereno
701 3155 739 3224 et
764 3148 858 3224 mari
883 3148 1080 3241 tranquillo
1103 3169 1179 3226 una
1205 3151 1307 3226 navis
1324 3152 1436 3228 intrat
1455 3154 1525 3228 sub

354 3291 502 3366 aquam,
518 3276 557 3346 et
580 3287 773 3362 uunquam
795 3267 952 3362 amplius
966 3275 1135 3363 apparet3
1152 3278 1190 3347 et
1207 3271 1276 3346 huc
1291 3271 1420 3348 antidit
1436 3273 1523 3367 quia

354 3397 454 3466 terra
477 3397 605 3484 aperta
629 3392 685 3463 est
710 3385 747 3462 in
771 3386 884 3462 tundo
914 3385 1038 3480 maris,
1070 3387 1163 3464 sieut
1196 3389 1282 3466 dicit
1295 3379 1332 3483 (⁸)
1366 3411 1524 3488 magnus

352 3509 533 3586 Albanus.
559 3508 664 3582 Nune
679 3505 728 3582 ad
743 3505 904 3582 literam:
930 3505 1100 3603 Virgilius
1125 3507 1333 3586 daoenhans
1350 3511 1523 3607 Amphia-

353 3648 459 3706 raum
485 3649 507 3702 a
533 3625 690 3704 mirabili
711 3631 832 3700 morte
848 3624 940 3720 eius,
956 3625 1042 3702 dbia
1059 3626 1188 3702 bauti:
1215 3630 1348 3704 &indu
1367 3633 1404 3704 la
1423 3637 1522 3720 tantu,
1636 3703 1643 3712 ,

189 3747 195 3756 ’
351 3747 453 3841 idest,
478 3748 581 3844 erige
605 3746 731 3822 oculos
757 3744 899 3839 mentis,
917 3755 955 3822 et
970 3746 1101 3840 repetit
1125 3745 1222 3824 istud
1246 3749 1403 3824 verbum
1426 3752 1522 3826 dvlc-

351 3871 419 3958 n'e,
444 3877 486 3946 ut
510 3866 629 3962 magia
660 3871 785 3960 tangat
813 3883 913 3959 eum,
939 3865 1043 3958 quasi
1073 3865 1193 3940 dicat:
1225 3887 1297 3942 non
1329 3869 1416 3944 tleas
1439 3889 1522 3944 am·

352 3987 458 4082 plius,
469 3986 581 4078 latua,
594 4005 666 4062 nun
684 3985 783 4076 Aeas,
800 3983 865 4060 sed
881 3983 1023 4060 dimitte
1048 3984 1144 4078 ipsus
1165 3985 1265 4079 llere,
1284 3993 1322 4062 et
1340 3987 1469 4062 incede
1483 3979 1519 4080 (⁵)

352 4105 399 4180 ud
415 4103 708 4201 cognoscendam
734 4101 896 4197 aliquus;
914 4107 951 4176 et
971 4101 1090 4195 primu
1109 4102 1371 4197 Amphiaraum
1390 4105 1521 4201 praele·

352 4225 508 4302 rendum
533 4225 686 4318 cetera,
711 4222 798 4317 quia
824 4221 892 4297 tuit
916 4241 1074 4318 magnus
1097 4239 1221 4317 augur
1245 4228 1284 4297 et
1308 4243 1374 4297 rer
1400 4230 1438 4299 et
1462 4245 1522 4299 sa-

350 4347 497 4441 oerdoea
522 4345 603 4422 idea
627 4344 735 4420 dinit:
761 4364 781 4416 e
805 4345 889 4432 uidi,
914 4342 1030 4436 illum,
1060 4343 1200 4438 supple,
1225 4363 1251 4416 u
1278 4346 1334 4418 etti
1363 4346 1401 4418 lu
1424 4351 1523 4418 tetra

349 4469 379 4540 ι’
390 4487 527 4560 φατι,
561 4465 598 4540 in
633 4485 709 4559 qua
739 4461 936 4559 pugnabat,
970 4464 1044 4553 apli
1081 4463 1177 4536 nacti
1208 4464 1262 4538 det
1278 4463 1393 4554 edun,
1431 4463 1522 4540 idat

349 4591 435 4662 ante
459 4583 587 4660 uculoe
603 4582 861 4675 thebanorum,
882 4581 968 4676 quia
988 4581 1126 4658 bellum
1151 4591 1232 4658 erat
1253 4581 1351 4676 apud
1367 4582 1521 4676 Theben

345 4707 463 4796 pemt'
475 4707 519 4796 ei,
554 4702 691 4780 saltent
722 4700 881 4794 thebani,
911 4702 1090 4792 andam
1123 4703 1210 4792 att,
1242 4699 1289 4778 de
1321 4702 1437 4776 muris
1468 4702 1521 4776 ei-

350 4823 468 4898 vitatis
499 4843 653 4898 eurum:
690 4823 923 4913 ermeno
955 4821 1043 4894 duae
1077 4821 1156 4912 rad5
1182 4839 1281 4914 nam,
1307 4820 1402 4896 sicut
1432 4820 1518 4898 dicit

409 5006 765 5068 l¹lssattsstrlteantrn
892 5003 1120 5068 (Asmurnam
1214 5006 1423 5074 l'leeglutlt.

411 5083 438 5145 (⁸)
454 5079 597 5135 Rrerlhlt.
893 5083 920 5144 ι’)
936 5081 967 5132 Ε.
983 5082 1139 5136 att-m
