<?xml version="1.0" encoding="UTF-8"?>
<!DOCTYPE html PUBLIC "-//W3C//DTD XHTML 1.0 Transitional//EN"
    "http://www.w3.org/TR/xhtml1/DTD/xhtml1-transitional.dtd">
<html xmlns="http://www.w3.org/1999/xhtml" xml:lang="en" lang="en">
 <head>
  <title>
</title>
<meta http-equiv="Content-Type" content="text/html;charset=utf-8" />
  <meta name='ocr-system' content='tesseract 3.04.00' />
  <meta name='ocr-capabilities' content='ocr_page ocr_carea ocr_par ocr_line ocrx_word'/>
</head>
<body>
  <div class='ocr_page' id='page_1' title='image "./comentumsuperda01benvgoog_0298.png"; bbox 0 0 4606 6840; ppageno 0'>
   <div class='ocr_carea' id='block_1_1' title="bbox 818 965 1652 1038">
    <p class='ocr_par' dir='ltr' id='par_1_1' title="bbox 818 965 1652 1038">
     <span class='ocr_line' id='line_1_1' title="bbox 818 965 1652 1038; baseline -0.006 -2"><span class='ocrx_word' id='word_1_1' title='bbox 818 981 957 1038; x_wconf 79' lang='lat' dir='ltr'>caurus</span> <span class='ocrx_word' id='word_1_2' title='bbox 981 981 1173 1038; x_wconf 80' lang='lat' dir='ltr'>vruasmos</span> <span class='ocrx_word' id='word_1_3' title='bbox 1198 980 1342 1036; x_wconf 76' lang='lat' dir='ltr'>saurus.</span> <span class='ocrx_word' id='word_1_4' title='bbox 1581 965 1652 1032; x_wconf 77' lang='grc'>289</span> 
     </span>
    </p>
   </div>
   <div class='ocr_carea' id='block_1_2' title="bbox 482 1119 1655 2898">
    <p class='ocr_par' dir='ltr' id='par_1_2' title="bbox 482 1119 1655 2898">
     <span class='ocr_line' id='line_1_2' title="bbox 484 1119 1653 1224; baseline -0.003 -23"><span class='ocrx_word' id='word_1_5' title='bbox 484 1129 631 1202; x_wconf 87' lang='lat' dir='ltr'>lumnas</span> <span class='ocrx_word' id='word_1_6' title='bbox 646 1126 684 1200; x_wconf 90' lang='lat' dir='ltr'>in</span> <span class='ocrx_word' id='word_1_7' title='bbox 709 1126 867 1224; x_wconf 77' lang='lat' dir='ltr'>signum,</span> <span class='ocrx_word' id='word_1_8' title='bbox 888 1123 986 1203; x_wconf 80' lang='lat' dir='ltr'>occid</span> <span class='ocrx_word' id='word_1_9' title='bbox 1004 1131 1064 1203; x_wconf 85' lang='lat' dir='ltr'>cite</span> <span class='ocrx_word' id='word_1_10' title='bbox 1083 1132 1200 1204; x_wconf 74' lang='lat' dir='ltr'>tuom</span> <span class='ocrx_word' id='word_1_11' title='bbox 1215 1149 1288 1202; x_wconf 82' lang='lat' dir='ltr'>ooo</span> <span class='ocrx_word' id='word_1_12' title='bbox 1303 1129 1336 1200; x_wconf 77' lang='lat' dir='ltr'>oi</span> <span class='ocrx_word' id='word_1_13' title='bbox 1354 1132 1458 1200; x_wconf 75' lang='lat' dir='ltr'>medo</span> <span class='ocrx_word' id='word_1_14' title='bbox 1468 1119 1533 1218; x_wconf 76' lang='lat' dir='ltr'>piri</span> <span class='ocrx_word' id='word_1_15' title='bbox 1553 1127 1653 1219; x_wconf 76' lang='lat' dir='ltr'>oltra,</span> 
     </span>
     <span class='ocr_line' id='line_1_3' title="bbox 483 1244 1653 1344; baseline -0.001 -23"><span class='ocrx_word' id='word_1_16' title='bbox 483 1247 586 1340; x_wconf 80' lang='lat' dir='ltr'>idest,</span> <span class='ocrx_word' id='word_1_17' title='bbox 621 1266 694 1320; x_wconf 91' lang='lat' dir='ltr'>uon</span> <span class='ocrx_word' id='word_1_18' title='bbox 731 1255 931 1342; x_wconf 86' lang='lat' dir='ltr'>proesumut</span> <span class='ocrx_word' id='word_1_19' title='bbox 966 1248 1122 1324; x_wconf 89' lang='lat' dir='ltr'>ulterius</span> <span class='ocrx_word' id='word_1_20' title='bbox 1153 1247 1345 1344; x_wconf 83' lang='lat' dir='ltr'>navigare3</span> <span class='ocrx_word' id='word_1_21' title='bbox 1380 1251 1417 1322; x_wconf 89' lang='lat' dir='ltr'>et</span> <span class='ocrx_word' id='word_1_22' title='bbox 1446 1244 1532 1340; x_wconf 86' lang='lat' dir='ltr'>quia</span> <span class='ocrx_word' id='word_1_23' title='bbox 1553 1245 1653 1340; x_wconf 42' lang='lat' dir='ltr'>*Uly-</span> 
     </span>
     <span class='ocr_line' id='line_1_4' title="bbox 482 1365 1654 1443; baseline -0.001 -4"><span class='ocrx_word' id='word_1_24' title='bbox 482 1386 547 1441; x_wconf 83' lang='lat' dir='ltr'>res</span> <span class='ocrx_word' id='word_1_25' title='bbox 579 1365 695 1440; x_wconf 81' lang='lat' dir='ltr'>voluit</span> <span class='ocrx_word' id='word_1_26' title='bbox 726 1386 807 1442; x_wconf 83' lang='lat' dir='ltr'>esse</span> <span class='ocrx_word' id='word_1_27' title='bbox 838 1368 1037 1443; x_wconf 82' lang='lat' dir='ltr'><strong>animosior</strong></span> <span class='ocrx_word' id='word_1_28' title='bbox 1069 1368 1228 1443; x_wconf 80' lang='lat' dir='ltr'>Hercule</span> <span class='ocrx_word' id='word_1_29' title='bbox 1261 1365 1440 1443; x_wconf 87' lang='lat' dir='ltr'>transiens</span> <span class='ocrx_word' id='word_1_30' title='bbox 1476 1365 1654 1440; x_wconf 88' lang='lat' dir='ltr'>terminos</span> 
     </span>
     <span class='ocr_line' id='line_1_5' title="bbox 482 1484 1652 1582; baseline -0.002 -22"><span class='ocrx_word' id='word_1_31' title='bbox 482 1485 575 1579; x_wconf 89' lang='lat' dir='ltr'>eius,</span> <span class='ocrx_word' id='word_1_32' title='bbox 600 1485 695 1560; x_wconf 88' lang='lat' dir='ltr'>boue</span> <span class='ocrx_word' id='word_1_33' title='bbox 719 1487 887 1582; x_wconf 88' lang='lat' dir='ltr'>poeuituit</span> <span class='ocrx_word' id='word_1_34' title='bbox 910 1508 1009 1562; x_wconf 91' lang='lat' dir='ltr'>eum.</span> <span class='ocrx_word' id='word_1_35' title='bbox 1035 1489 1081 1562; x_wconf 82' lang='lat' dir='ltr'>itt</span> <span class='ocrx_word' id='word_1_36' title='bbox 1105 1495 1191 1563; x_wconf 87' lang='lat' dir='ltr'>nota</span> <span class='ocrx_word' id='word_1_37' title='bbox 1216 1486 1317 1582; x_wconf 86' lang='lat' dir='ltr'>quod</span> <span class='ocrx_word' id='word_1_38' title='bbox 1339 1486 1516 1561; x_wconf 85' lang='lat' dir='ltr'>Hercules</span> <span class='ocrx_word' id='word_1_39' title='bbox 1541 1484 1652 1561; x_wconf 88' lang='lat' dir='ltr'>etiam</span> 
     </span>
     <span class='ocr_line' id='line_1_6' title="bbox 482 1603 1652 1701; baseline -0.003 -21"><span class='ocrx_word' id='word_1_40' title='bbox 482 1605 615 1680; x_wconf 85' lang='lat' dir='ltr'>dieitur</span> <span class='ocrx_word' id='word_1_41' title='bbox 638 1605 803 1701; x_wconf 84' lang='lat' dir='ltr'>posuisse</span> <span class='ocrx_word' id='word_1_42' title='bbox 834 1607 1025 1682; x_wconf 82' lang='lat' dir='ltr'>columnas</span> <span class='ocrx_word' id='word_1_43' title='bbox 1054 1607 1091 1681; x_wconf 92' lang='lat' dir='ltr'>in</span> <span class='ocrx_word' id='word_1_44' title='bbox 1124 1607 1262 1680; x_wconf 77' lang='lat' dir='ltr'>ultimis</span> <span class='ocrx_word' id='word_1_45' title='bbox 1295 1605 1461 1682; x_wconf 88' lang='lat' dir='ltr'>litoribus</span> <span class='ocrx_word' id='word_1_46' title='bbox 1490 1603 1652 1697; x_wconf 89' lang='lat' dir='ltr'>orientis,</span> 
     </span>
     <span class='ocr_line' id='line_1_7' title="bbox 484 1723 1653 1824; baseline -0.004 -22"><span class='ocrx_word' id='word_1_47' title='bbox 484 1746 569 1819; x_wconf 76' lang='lat' dir='ltr'>quar</span> <span class='ocrx_word' id='word_1_48' title='bbox 593 1733 742 1821; x_wconf 90' lang='lat' dir='ltr'>propter</span> <span class='ocrx_word' id='word_1_49' title='bbox 766 1725 972 1802; x_wconf 72' lang='lat' dir='ltr'>distantiam</span> <span class='ocrx_word' id='word_1_50' title='bbox 991 1727 1060 1802; x_wconf 87' lang='lat' dir='ltr'>loci</span> <span class='ocrx_word' id='word_1_51' title='bbox 1076 1727 1305 1824; x_wconf 82' lang='lat' dir='ltr'>ignorantur,</span> <span class='ocrx_word' id='word_1_52' title='bbox 1324 1725 1387 1799; x_wconf 92' lang='lat' dir='ltr'>ubi</span> <span class='ocrx_word' id='word_1_53' title='bbox 1408 1723 1486 1798; x_wconf 78' lang='lat' dir='ltr'>istae</span> <span class='ocrx_word' id='word_1_54' title='bbox 1503 1729 1653 1818; x_wconf 83' lang='lat' dir='ltr'>propter</span> 
     </span>
     <span class='ocr_line' id='line_1_8' title="bbox 485 1841 1653 1922; baseline -0.002 -4"><span class='ocrx_word' id='word_1_55' title='bbox 485 1844 705 1920; x_wconf 87' lang='lat' dir='ltr'>vicinitatem</span> <span class='ocrx_word' id='word_1_56' title='bbox 731 1845 800 1921; x_wconf 86' lang='lat' dir='ltr'>loci</span> <span class='ocrx_word' id='word_1_57' title='bbox 825 1855 911 1922; x_wconf 90' lang='lat' dir='ltr'>sunt</span> <span class='ocrx_word' id='word_1_58' title='bbox 935 1846 1039 1921; x_wconf 88' lang='lat' dir='ltr'>nobis</span> <span class='ocrx_word' id='word_1_59' title='bbox 1063 1845 1270 1921; x_wconf 74' lang='lat' dir='ltr'>notissime.</span> <span class='ocrx_word' id='word_1_60' title='bbox 1294 1845 1348 1920; x_wconf 83' lang='lat' dir='ltr'>lle</span> <span class='ocrx_word' id='word_1_61' title='bbox 1372 1842 1448 1918; x_wconf 82' lang='lat' dir='ltr'>istis</span> <span class='ocrx_word' id='word_1_62' title='bbox 1472 1841 1653 1917; x_wconf 87' lang='lat' dir='ltr'>oolumnis</span> 
     </span>
     <span class='ocr_line' id='line_1_9' title="bbox 484 1961 1653 2060; baseline -0.003 -22"><span class='ocrx_word' id='word_1_63' title='bbox 484 1964 628 2040; x_wconf 89' lang='lat' dir='ltr'>dioetur</span> <span class='ocrx_word' id='word_1_64' title='bbox 651 1964 736 2038; x_wconf 84' lang='lat' dir='ltr'>alibi</span> <span class='ocrx_word' id='word_1_65' title='bbox 761 1964 921 2040; x_wconf 87' lang='lat' dir='ltr'>Paradisi</span> <span class='ocrx_word' id='word_1_66' title='bbox 950 1965 1109 2060; x_wconf 87' lang='lat' dir='ltr'>capitulo</span> <span class='ocrx_word' id='word_1_67' title='bbox 1140 1963 1277 2038; x_wconf 84' lang='lat' dir='ltr'><strong>XXVII.</strong></span> <span class='ocrx_word' id='word_1_68' title='bbox 1303 1964 1348 2037; x_wconf 83' lang='lat' dir='ltr'>lit</span> <span class='ocrx_word' id='word_1_69' title='bbox 1376 1961 1516 2037; x_wconf 86' lang='lat' dir='ltr'>subdit:</span> <span class='ocrx_word' id='word_1_70' title='bbox 1542 1963 1592 2036; x_wconf 86' lang='lat' dir='ltr'>do</span> <span class='ocrx_word' id='word_1_71' title='bbox 1616 1964 1653 2034; x_wconf 89' lang='lat' dir='ltr'>lo</span> 
     </span>
     <span class='ocr_line' id='line_1_10' title="bbox 485 2082 1654 2178; baseline -0.003 -20"><span class='ocrx_word' id='word_1_72' title='bbox 485 2105 570 2158; x_wconf 84' lang='lat' dir='ltr'>mou</span> <span class='ocrx_word' id='word_1_73' title='bbox 592 2086 713 2158; x_wconf 78' lang='lat' dir='ltr'>dasiro</span> <span class='ocrx_word' id='word_1_74' title='bbox 729 2087 778 2157; x_wconf 88' lang='lat' dir='ltr'>mi</span> <span class='ocrx_word' id='word_1_75' title='bbox 792 2087 916 2158; x_wconf 67' lang='lat' dir='ltr'>lusam</span> <span class='ocrx_word' id='word_1_76' title='bbox 930 2085 1064 2177; x_wconf 75' lang='lat' dir='ltr'>St&#39;bt&#39;tio,</span> <span class='ocrx_word' id='word_1_77' title='bbox 1080 2084 1227 2178; x_wconf 71' lang='lat' dir='ltr'>scilieet,</span> <span class='ocrx_word' id='word_1_78' title='bbox 1245 2103 1293 2160; x_wconf 84' lang='lat' dir='ltr'>ex</span> <span class='ocrx_word' id='word_1_79' title='bbox 1310 2087 1435 2158; x_wconf 88' lang='lat' dir='ltr'>nostra</span> <span class='ocrx_word' id='word_1_80' title='bbox 1452 2088 1557 2178; x_wconf 79' lang='lat' dir='ltr'>parte</span> <span class='ocrx_word' id='word_1_81' title='bbox 1576 2082 1654 2155; x_wconf 83' lang='lat' dir='ltr'>liu·</span> 
     </span>
     <span class='ocr_line' id='line_1_11' title="bbox 487 2201 1654 2299; baseline -0.003 -21"><span class='ocrx_word' id='word_1_82' title='bbox 487 2223 586 2299; x_wconf 79' lang='lat' dir='ltr'>rope</span> <span class='ocrx_word' id='word_1_83' title='bbox 609 2203 647 2277; x_wconf 89' lang='lat' dir='ltr'>iu</span> <span class='ocrx_word' id='word_1_84' title='bbox 671 2201 850 2298; x_wconf 86' lang='lat' dir='ltr'>Hispania.</span> <span class='ocrx_word' id='word_1_85' title='bbox 878 2203 1000 2280; x_wconf 88' lang='lat' dir='ltr'>Sibiiia</span> <span class='ocrx_word' id='word_1_86' title='bbox 1025 2203 1123 2280; x_wconf 89' lang='lat' dir='ltr'>euim</span> <span class='ocrx_word' id='word_1_87' title='bbox 1140 2211 1196 2279; x_wconf 90' lang='lat' dir='ltr'>est</span> <span class='ocrx_word' id='word_1_88' title='bbox 1213 2203 1375 2280; x_wconf 83' lang='lat' dir='ltr'>maxima</span> <span class='ocrx_word' id='word_1_89' title='bbox 1395 2201 1522 2278; x_wconf 80' lang='lat' dir='ltr'>civitas</span> <span class='ocrx_word' id='word_1_90' title='bbox 1538 2201 1576 2275; x_wconf 90' lang='lat' dir='ltr'>in</span> <span class='ocrx_word' id='word_1_91' title='bbox 1592 2201 1654 2274; x_wconf 88' lang='lat' dir='ltr'>lli·</span> 
     </span>
     <span class='ocr_line' id='line_1_12' title="bbox 485 2320 1655 2419; baseline -0.002 -23"><span class='ocrx_word' id='word_1_92' title='bbox 485 2322 622 2419; x_wconf 86' lang='lat' dir='ltr'>spania,</span> <span class='ocrx_word' id='word_1_93' title='bbox 646 2321 695 2398; x_wconf 88' lang='lat' dir='ltr'>de</span> <span class='ocrx_word' id='word_1_94' title='bbox 718 2343 793 2417; x_wconf 89' lang='lat' dir='ltr'>qua</span> <span class='ocrx_word' id='word_1_95' title='bbox 817 2323 903 2398; x_wconf 87' lang='lat' dir='ltr'>alibi</span> <span class='ocrx_word' id='word_1_96' title='bbox 926 2323 1065 2399; x_wconf 89' lang='lat' dir='ltr'>dictum</span> <span class='ocrx_word' id='word_1_97' title='bbox 1098 2331 1154 2398; x_wconf 73' lang='lat' dir='ltr'>est</span> <span class='ocrx_word' id='word_1_98' title='bbox 1185 2329 1222 2398; x_wconf 86' lang='lat' dir='ltr'>et</span> <span class='ocrx_word' id='word_1_99' title='bbox 1250 2323 1404 2417; x_wconf 85' lang='lat' dir='ltr'>dicetur,</span> <span class='ocrx_word' id='word_1_100' title='bbox 1430 2342 1514 2416; x_wconf 82' lang='lat' dir='ltr'>quae</span> <span class='ocrx_word' id='word_1_101' title='bbox 1546 2320 1655 2395; x_wconf 86' lang='lat' dir='ltr'>distat</span> 
     </span>
     <span class='ocr_line' id='line_1_13' title="bbox 484 2441 1654 2540; baseline -0.005 -20"><span class='ocrx_word' id='word_1_102' title='bbox 484 2465 507 2520; x_wconf 88' lang='lat' dir='ltr'>a</span> <span class='ocrx_word' id='word_1_103' title='bbox 533 2443 628 2519; x_wconf 91' lang='lat' dir='ltr'>mari</span> <span class='ocrx_word' id='word_1_104' title='bbox 653 2443 747 2517; x_wconf 83' lang='lat' dir='ltr'>torte</span> <span class='ocrx_word' id='word_1_105' title='bbox 771 2462 837 2537; x_wconf 95' lang='lat' dir='ltr'>per</span> <span class='ocrx_word' id='word_1_106' title='bbox 862 2443 1127 2540; x_wconf 82' lang='lat' dir='ltr'>quinquaginta</span> <span class='ocrx_word' id='word_1_107' title='bbox 1153 2442 1331 2537; x_wconf 86' lang='lat' dir='ltr'>milliaria,</span> <span class='ocrx_word' id='word_1_108' title='bbox 1352 2445 1403 2517; x_wconf 88' lang='lat' dir='ltr'>do</span> <span class='ocrx_word' id='word_1_109' title='bbox 1427 2444 1566 2533; x_wconf 66' lang='lat' dir='ltr'>totto,</span> <span class='ocrx_word' id='word_1_110' title='bbox 1583 2441 1654 2516; x_wconf 89' lang='lat' dir='ltr'>soi-</span> 
     </span>
     <span class='ocr_line' id='line_1_14' title="bbox 485 2552 1654 2659; baseline -0.004 -21"><span class='ocrx_word' id='word_1_111' title='bbox 485 2565 580 2658; x_wconf 84' lang='lat' dir='ltr'>licet,</span> <span class='ocrx_word' id='word_1_112' title='bbox 604 2556 680 2655; x_wconf 75' lang='lat' dir='ltr'>a(&#39;)</span> <span class='ocrx_word' id='word_1_113' title='bbox 706 2561 850 2638; x_wconf 84' lang='lat' dir='ltr'>sinistra</span> <span class='ocrx_word' id='word_1_114' title='bbox 876 2569 1052 2659; x_wconf 82' lang='lat' dir='ltr'>exparte</span> <span class='ocrx_word' id='word_1_115' title='bbox 1083 2562 1224 2655; x_wconf 70' lang='lat' dir='ltr'>tiriae,</span> <span class='ocrx_word' id='word_1_116' title='bbox 1249 2552 1312 2654; x_wconf 82' lang='lat' dir='ltr'>pid</span> <span class='ocrx_word' id='word_1_117' title='bbox 1335 2564 1483 2634; x_wconf 82' lang='lat' dir='ltr'>m&#39;aoeu</span> <span class='ocrx_word' id='word_1_118' title='bbox 1508 2561 1654 2634; x_wconf 72' lang='lat' dir='ltr'>totototo</span> 
     </span>
     <span class='ocr_line' id='line_1_15' title="bbox 485 2669 1653 2785; baseline -0.003 -27"><span class='ocrx_word' id='word_1_119' title='bbox 485 2689 587 2772; x_wconf 62' lang='lat' dir='ltr'>sotto.</span> <span class='ocrx_word' id='word_1_120' title='bbox 614 2683 678 2757; x_wconf 85' lang='lat' dir='ltr'>Est</span> <span class='ocrx_word' id='word_1_121' title='bbox 700 2682 798 2758; x_wconf 91' lang='lat' dir='ltr'>euim</span> <span class='ocrx_word' id='word_1_122' title='bbox 828 2683 928 2758; x_wconf 79' lang='lat' dir='ltr'>Setia</span> <span class='ocrx_word' id='word_1_123' title='bbox 947 2683 1087 2785; x_wconf 16' lang='lat' dir='ltr'>‘civitas</span> <span class='ocrx_word' id='word_1_124' title='bbox 1118 2681 1303 2756; x_wconf 83' lang='lat' dir='ltr'>Barbariae</span> <span class='ocrx_word' id='word_1_125' title='bbox 1327 2680 1365 2754; x_wconf 92' lang='lat' dir='ltr'>iu</span> <span class='ocrx_word' id='word_1_126' title='bbox 1396 2679 1470 2755; x_wconf 92' lang='lat' dir='ltr'>alio</span> <span class='ocrx_word' id='word_1_127' title='bbox 1494 2679 1600 2754; x_wconf 89' lang='lat' dir='ltr'>litore</span> <span class='ocrx_word' id='word_1_128' title='bbox 1615 2669 1653 2770; x_wconf 83' lang='lat'>(¹)</span> 
     </span>
     <span class='ocr_line' id='line_1_16' title="bbox 485 2799 1652 2898; baseline -0.005 -20"><span class='ocrx_word' id='word_1_129' title='bbox 485 2801 666 2898; x_wconf 82' lang='lat' dir='ltr'>oppositu3</span> <span class='ocrx_word' id='word_1_130' title='bbox 692 2801 756 2877; x_wconf 87' lang='lat' dir='ltr'>sed</span> <span class='ocrx_word' id='word_1_131' title='bbox 781 2809 867 2877; x_wconf 89' lang='lat' dir='ltr'>nota</span> <span class='ocrx_word' id='word_1_132' title='bbox 898 2802 957 2876; x_wconf 87' lang='lat' dir='ltr'>lrio</span> <span class='ocrx_word' id='word_1_133' title='bbox 988 2803 1087 2897; x_wconf 87' lang='lat' dir='ltr'>quod</span> <span class='ocrx_word' id='word_1_134' title='bbox 1117 2803 1229 2877; x_wconf 90' lang='lat' dir='ltr'>homo</span> <span class='ocrx_word' id='word_1_135' title='bbox 1254 2801 1404 2876; x_wconf 85' lang='lat' dir='ltr'>veniens</span> <span class='ocrx_word' id='word_1_136' title='bbox 1433 2801 1481 2876; x_wconf 91' lang='lat' dir='ltr'>ab</span> <span class='ocrx_word' id='word_1_137' title='bbox 1506 2799 1652 2874; x_wconf 67' lang='lat' dir='ltr'>Ocelum</span> 
     </span>
    </p>
   </div>
   <div class='ocr_carea' id='block_1_3' title="bbox 333 2911 1653 3013">
    <p class='ocr_par' dir='ltr' id='par_1_3' title="bbox 333 2911 1653 3013">
     <span class='ocr_line' id='line_1_17' title="bbox 333 2911 1653 3013; baseline -0.005 -15"><span class='ocrx_word' id='word_1_138' title='bbox 333 2927 337 2936; x_wconf 89' lang='lat'>&#39;</span> <span class='ocrx_word' id='word_1_139' title='bbox 485 2921 696 2997; x_wconf 86' lang='lat' dir='ltr'>oooidentali</span> <span class='ocrx_word' id='word_1_140' title='bbox 721 2921 759 2995; x_wconf 90' lang='lat' dir='ltr'>in</span> <span class='ocrx_word' id='word_1_141' title='bbox 774 2911 812 3013; x_wconf 83' lang='lat'>(³)</span> <span class='ocrx_word' id='word_1_142' title='bbox 836 2928 1003 2996; x_wconf 88' lang='lat' dir='ltr'>nostrum</span> <span class='ocrx_word' id='word_1_143' title='bbox 1021 2942 1126 2997; x_wconf 89' lang='lat' dir='ltr'>mare</span> <span class='ocrx_word' id='word_1_144' title='bbox 1142 2921 1449 2997; x_wconf 74' lang='lat' dir='ltr'>Mediterraneum</span> <span class='ocrx_word' id='word_1_145' title='bbox 1467 2919 1578 2994; x_wconf 87' lang='lat' dir='ltr'>habet</span> <span class='ocrx_word' id='word_1_146' title='bbox 1596 2917 1653 2992; x_wconf 87' lang='lat' dir='ltr'>Si-</span> 
     </span>
    </p>
   </div>
   <div class='ocr_carea' id='block_1_4' title="bbox 484 3037 1655 3616">
    <p class='ocr_par' dir='ltr' id='par_1_4' title="bbox 484 3037 1655 3616">
     <span class='ocr_line' id='line_1_18' title="bbox 485 3037 1655 3136; baseline -0.005 -19"><span class='ocrx_word' id='word_1_147' title='bbox 485 3042 609 3118; x_wconf 87' lang='lat' dir='ltr'>biliam</span> <span class='ocrx_word' id='word_1_148' title='bbox 635 3063 656 3116; x_wconf 90' lang='lat' dir='ltr'>a</span> <span class='ocrx_word' id='word_1_149' title='bbox 682 3041 834 3116; x_wconf 89' lang='lat' dir='ltr'>sinistris</span> <span class='ocrx_word' id='word_1_150' title='bbox 862 3048 899 3116; x_wconf 89' lang='lat' dir='ltr'>et</span> <span class='ocrx_word' id='word_1_151' title='bbox 926 3041 1065 3117; x_wconf 83' lang='lat' dir='ltr'>Setiam</span> <span class='ocrx_word' id='word_1_152' title='bbox 1089 3061 1113 3116; x_wconf 92' lang='lat' dir='ltr'>a</span> <span class='ocrx_word' id='word_1_153' title='bbox 1142 3041 1303 3136; x_wconf 66' lang='lat' dir='ltr'>dextrisj</span> <span class='ocrx_word' id='word_1_154' title='bbox 1329 3039 1393 3116; x_wconf 88' lang='lat' dir='ltr'>sed</span> <span class='ocrx_word' id='word_1_155' title='bbox 1418 3041 1551 3136; x_wconf 82' lang='lat' dir='ltr'>illyres</span> <span class='ocrx_word' id='word_1_156' title='bbox 1579 3037 1655 3114; x_wconf 88' lang='lat' dir='ltr'>ibat</span> 
     </span>
     <span class='ocr_line' id='line_1_19' title="bbox 484 3161 1655 3255; baseline -0.003 -19"><span class='ocrx_word' id='word_1_157' title='bbox 484 3163 533 3236; x_wconf 91' lang='lat' dir='ltr'>ab</span> <span class='ocrx_word' id='word_1_158' title='bbox 558 3161 626 3236; x_wconf 88' lang='lat' dir='ltr'>isto</span> <span class='ocrx_word' id='word_1_159' title='bbox 651 3161 746 3236; x_wconf 92' lang='lat' dir='ltr'>mari</span> <span class='ocrx_word' id='word_1_160' title='bbox 771 3161 808 3234; x_wconf 95' lang='lat' dir='ltr'>in</span> <span class='ocrx_word' id='word_1_161' title='bbox 838 3161 1039 3255; x_wconf 72' lang='lat' dir='ltr'>orreorum,</span> <span class='ocrx_word' id='word_1_162' title='bbox 1064 3161 1145 3237; x_wconf 90' lang='lat' dir='ltr'>ideo</span> <span class='ocrx_word' id='word_1_163' title='bbox 1169 3161 1328 3244; x_wconf 84' lang='lat' dir='ltr'>habebat</span> <span class='ocrx_word' id='word_1_164' title='bbox 1352 3181 1375 3235; x_wconf 94' lang='lat' dir='ltr'>e</span> <span class='ocrx_word' id='word_1_165' title='bbox 1398 3177 1587 3234; x_wconf 85' lang='lat' dir='ltr'>converso.</span> <span class='ocrx_word' id='word_1_166' title='bbox 1604 3197 1655 3212; x_wconf 96' lang='lat'><em>-</em></span> 
     </span>
     <span class='ocr_line' id='line_1_20' title="bbox 492 3269 1655 3376; baseline -0.003 -20"><span class='ocrx_word' id='word_1_167' title='bbox 492 3283 642 3376; x_wconf 72' lang='lat' dir='ltr'>otiati.</span> <span class='ocrx_word' id='word_1_168' title='bbox 670 3281 735 3355; x_wconf 88' lang='lat' dir='ltr'>llio</span> <span class='ocrx_word' id='word_1_169' title='bbox 762 3280 898 3376; x_wconf 82' lang='lat' dir='ltr'>Ulyres</span> <span class='ocrx_word' id='word_1_170' title='bbox 922 3280 1105 3356; x_wconf 85' lang='lat' dir='ltr'>interserit</span> <span class='ocrx_word' id='word_1_171' title='bbox 1118 3269 1155 3374; x_wconf 78' lang='lat'>(⁸)</span> <span class='ocrx_word' id='word_1_172' title='bbox 1188 3280 1436 3356; x_wconf 88' lang='lat' dir='ltr'>narrationem</span> <span class='ocrx_word' id='word_1_173' title='bbox 1467 3279 1545 3354; x_wconf 89' lang='lat' dir='ltr'>sive</span> <span class='ocrx_word' id='word_1_174' title='bbox 1570 3299 1655 3374; x_wconf 91' lang='lat' dir='ltr'>per-</span> 
     </span>
     <span class='ocr_line' id='line_1_21' title="bbox 485 3399 1653 3494; baseline -0.003 -19"><span class='ocrx_word' id='word_1_175' title='bbox 485 3400 694 3476; x_wconf 85' lang='lat' dir='ltr'>suasionem</span> <span class='ocrx_word' id='word_1_176' title='bbox 720 3420 833 3494; x_wconf 90' lang='lat' dir='ltr'>quam</span> <span class='ocrx_word' id='word_1_177' title='bbox 860 3399 944 3476; x_wconf 84' lang='lat' dir='ltr'>lecit</span> <span class='ocrx_word' id='word_1_178' title='bbox 967 3400 1073 3474; x_wconf 85' lang='lat' dir='ltr'>sociis</span> <span class='ocrx_word' id='word_1_179' title='bbox 1104 3400 1306 3477; x_wconf 87' lang='lat' dir='ltr'>intraturus</span> <span class='ocrx_word' id='word_1_180' title='bbox 1337 3421 1441 3476; x_wconf 87' lang='lat' dir='ltr'>mare</span> <span class='ocrx_word' id='word_1_181' title='bbox 1465 3400 1653 3474; x_wconf 83' lang='lat' dir='ltr'>Oceanum</span> 
     </span>
     <span class='ocr_line' id='line_1_22' title="bbox 485 3519 1654 3616; baseline -0.003 -20"><span class='ocrx_word' id='word_1_182' title='bbox 485 3541 533 3597; x_wconf 83' lang='lat' dir='ltr'>er</span> <span class='ocrx_word' id='word_1_183' title='bbox 557 3519 653 3594; x_wconf 91' lang='lat' dir='ltr'>mari</span> <span class='ocrx_word' id='word_1_184' title='bbox 678 3519 818 3594; x_wconf 78' lang='lat' dir='ltr'>leonis.</span> <span class='ocrx_word' id='word_1_185' title='bbox 845 3519 890 3592; x_wconf 82' lang='lat' dir='ltr'>lit</span> <span class='ocrx_word' id='word_1_186' title='bbox 913 3519 1033 3615; x_wconf 93' lang='lat' dir='ltr'>primo</span> <span class='ocrx_word' id='word_1_187' title='bbox 1057 3527 1179 3616; x_wconf 91' lang='lat' dir='ltr'>captat</span> <span class='ocrx_word' id='word_1_188' title='bbox 1208 3519 1500 3596; x_wconf 81' lang='lat' dir='ltr'>benevolentiam</span> <span class='ocrx_word' id='word_1_189' title='bbox 1518 3537 1654 3594; x_wconf 87' lang='lat' dir='ltr'>vocans</span> 
     </span>
    </p>
   </div>
   <div class='ocr_carea' id='block_1_5' title="bbox 483 3631 1655 4093">
    <p class='ocr_par' dir='ltr' id='par_1_5' title="bbox 483 3631 1655 4093">
     <span class='ocr_line' id='line_1_23' title="bbox 484 3631 1655 3752; baseline -0.005 -35"><span class='ocrx_word' id='word_1_190' title='bbox 484 3661 549 3717; x_wconf 88' lang='lat' dir='ltr'>eos</span> <span class='ocrx_word' id='word_1_191' title='bbox 573 3639 783 3715; x_wconf 87' lang='lat' dir='ltr'>humaniter</span> <span class='ocrx_word' id='word_1_192' title='bbox 797 3631 834 3732; x_wconf 78' lang='lat'>(³)</span> <span class='ocrx_word' id='word_1_193' title='bbox 862 3639 1005 3734; x_wconf 85' lang='lat' dir='ltr'>iratres,</span> <span class='ocrx_word' id='word_1_194' title='bbox 1031 3641 1130 3716; x_wconf 92' lang='lat' dir='ltr'>unde</span> <span class='ocrx_word' id='word_1_195' title='bbox 1154 3641 1261 3716; x_wconf 88' lang='lat' dir='ltr'>dicit:</span> <span class='ocrx_word' id='word_1_196' title='bbox 1289 3641 1435 3735; x_wconf 73' lang='lat' dir='ltr'>otiati,</span> <span class='ocrx_word' id='word_1_197' title='bbox 1465 3645 1503 3716; x_wconf 88' lang='lat' dir='ltr'>et</span> <span class='ocrx_word' id='word_1_198' title='bbox 1530 3659 1553 3714; x_wconf 88' lang='lat' dir='ltr'>a</span> <span class='ocrx_word' id='word_1_199' title='bbox 1578 3637 1655 3752; x_wconf 76' lang='lat' dir='ltr'>lor-</span> 
     </span>
     <span class='ocr_line' id='line_1_24' title="bbox 484 3757 1653 3852; baseline -0.003 -15"><span class='ocrx_word' id='word_1_200' title='bbox 484 3759 638 3837; x_wconf 88' lang='lat' dir='ltr'>titudine</span> <span class='ocrx_word' id='word_1_201' title='bbox 662 3780 750 3835; x_wconf 85' lang='lat' dir='ltr'>cum</span> <span class='ocrx_word' id='word_1_202' title='bbox 774 3759 883 3836; x_wconf 83' lang='lat' dir='ltr'>dicit:</span> <span class='ocrx_word' id='word_1_203' title='bbox 909 3763 969 3834; x_wconf 86' lang='lat' dir='ltr'>cite</span> <span class='ocrx_word' id='word_1_204' title='bbox 1000 3764 1082 3834; x_wconf 66' lang='lat' dir='ltr'>uelo</span> <span class='ocrx_word' id='word_1_205' title='bbox 1113 3763 1225 3852; x_wconf 76' lang='lat' dir='ltr'>pluuii</span> <span class='ocrx_word' id='word_1_206' title='bbox 1254 3763 1325 3835; x_wconf 71' lang='lat' dir='ltr'>at</span> <span class='ocrx_word' id='word_1_207' title='bbox 1338 3761 1523 3850; x_wconf 70' lang='lat' dir='ltr'>ocmdmte,</span> <span class='ocrx_word' id='word_1_208' title='bbox 1549 3757 1653 3852; x_wconf 84' lang='lat' dir='ltr'>quasi</span> 
     </span>
     <span class='ocr_line' id='line_1_25' title="bbox 483 3877 1651 3974; baseline -0.003 -19"><span class='ocrx_word' id='word_1_209' title='bbox 483 3880 602 3956; x_wconf 87' lang='lat' dir='ltr'>dieat:</span> <span class='ocrx_word' id='word_1_210' title='bbox 629 3879 692 3973; x_wconf 84' lang='lat' dir='ltr'>qui</span> <span class='ocrx_word' id='word_1_211' title='bbox 717 3879 897 3974; x_wconf 87' lang='lat' dir='ltr'>patienter</span> <span class='ocrx_word' id='word_1_212' title='bbox 922 3887 959 3956; x_wconf 85' lang='lat' dir='ltr'>et</span> <span class='ocrx_word' id='word_1_213' title='bbox 983 3885 1264 3974; x_wconf 81' lang='lat' dir='ltr'>perseveranter</span> <span class='ocrx_word' id='word_1_214' title='bbox 1294 3879 1443 3956; x_wconf 88' lang='lat' dir='ltr'>venistis</span> <span class='ocrx_word' id='word_1_215' title='bbox 1466 3879 1514 3952; x_wconf 92' lang='lat' dir='ltr'>ad</span> <span class='ocrx_word' id='word_1_216' title='bbox 1538 3877 1651 3953; x_wconf 90' lang='lat' dir='ltr'>linem</span> 
     </span>
     <span class='ocr_line' id='line_1_26' title="bbox 483 3997 1654 4093; baseline 0.001 -20"><span class='ocrx_word' id='word_1_217' title='bbox 483 3997 690 4092; x_wconf 75' lang='lat' dir='ltr'>occidentis,</span> <span class='ocrx_word' id='word_1_218' title='bbox 711 4019 780 4090; x_wconf 85' lang='lat' dir='ltr'>per</span> <span class='ocrx_word' id='word_1_219' title='bbox 803 4005 900 4072; x_wconf 76' lang='lat' dir='ltr'>cereto</span> <span class='ocrx_word' id='word_1_220' title='bbox 924 4001 1021 4072; x_wconf 84' lang='lat' dir='ltr'>milia</span> <span class='ocrx_word' id='word_1_221' title='bbox 1040 4001 1183 4091; x_wconf 64' lang='lat' dir='ltr'>pertuli,</span> <span class='ocrx_word' id='word_1_222' title='bbox 1209 3997 1312 4091; x_wconf 83' lang='lat' dir='ltr'>idest,</span> <span class='ocrx_word' id='word_1_223' title='bbox 1332 4018 1400 4093; x_wconf 90' lang='lat' dir='ltr'>per</span> <span class='ocrx_word' id='word_1_224' title='bbox 1425 3997 1563 4074; x_wconf 84' lang='lat' dir='ltr'>infinita</span> <span class='ocrx_word' id='word_1_225' title='bbox 1588 4017 1654 4093; x_wconf 83' lang='lat' dir='ltr'>pe-</span> 
     </span>
    </p>
   </div>
   <div class='ocr_carea' id='block_1_6' title="bbox 484 4108 1655 4815">
    <p class='ocr_par' dir='ltr' id='par_1_6' title="bbox 484 4108 1655 4815">
     <span class='ocr_line' id='line_1_27' title="bbox 486 4108 1651 4215; baseline 0.001 -23"><span class='ocrx_word' id='word_1_226' title='bbox 486 4116 612 4193; x_wconf 87' lang='lat' dir='ltr'>ricula.</span> <span class='ocrx_word' id='word_1_227' title='bbox 638 4117 777 4193; x_wconf 86' lang='lat' dir='ltr'>Deinde</span> <span class='ocrx_word' id='word_1_228' title='bbox 794 4118 908 4215; x_wconf 78' lang='lat' dir='ltr'>tangit</span> <span class='ocrx_word' id='word_1_229' title='bbox 924 4138 1030 4194; x_wconf 88' lang='lat' dir='ltr'>suam</span> <span class='ocrx_word' id='word_1_230' title='bbox 1047 4108 1271 4213; x_wconf 83' lang='lat' dir='ltr'>petitionem,</span> <span class='ocrx_word' id='word_1_231' title='bbox 1289 4138 1402 4213; x_wconf 87' lang='lat' dir='ltr'>quarn</span> <span class='ocrx_word' id='word_1_232' title='bbox 1424 4117 1507 4194; x_wconf 90' lang='lat' dir='ltr'>lecit</span> <span class='ocrx_word' id='word_1_233' title='bbox 1526 4118 1651 4214; x_wconf 84' lang='lat' dir='ltr'>sociis3</span> 
     </span>
     <span class='ocr_line' id='line_1_28' title="bbox 484 4227 1655 4332; baseline 0.001 -19"><span class='ocrx_word' id='word_1_234' title='bbox 484 4243 523 4313; x_wconf 87' lang='lat' dir='ltr'>et</span> <span class='ocrx_word' id='word_1_235' title='bbox 547 4235 737 4312; x_wconf 88' lang='lat' dir='ltr'>considera</span> <span class='ocrx_word' id='word_1_236' title='bbox 761 4237 856 4312; x_wconf 89' lang='lat' dir='ltr'>bene</span> <span class='ocrx_word' id='word_1_237' title='bbox 880 4237 1025 4312; x_wconf 87' lang='lat' dir='ltr'>literam</span> <span class='ocrx_word' id='word_1_238' title='bbox 1048 4257 1132 4331; x_wconf 85' lang='lat' dir='ltr'>quae</span> <span class='ocrx_word' id='word_1_239' title='bbox 1157 4242 1213 4312; x_wconf 86' lang='lat' dir='ltr'>eet</span> <span class='ocrx_word' id='word_1_240' title='bbox 1238 4227 1391 4330; x_wconf 79' lang='lat' dir='ltr'>valdel⁶)</span> <span class='ocrx_word' id='word_1_241' title='bbox 1419 4235 1598 4332; x_wconf 87' lang='lat' dir='ltr'>intricata,</span> <span class='ocrx_word' id='word_1_242' title='bbox 1616 4244 1655 4314; x_wconf 87' lang='lat' dir='ltr'>et</span> 
     </span>
     <span class='ocr_line' id='line_1_29' title="bbox 485 4355 1654 4452; baseline 0 -20"><span class='ocrx_word' id='word_1_243' title='bbox 485 4377 508 4432; x_wconf 92' lang='lat' dir='ltr'>a</span> <span class='ocrx_word' id='word_1_244' title='bbox 532 4355 657 4432; x_wconf 89' lang='lat' dir='ltr'>multis</span> <span class='ocrx_word' id='word_1_245' title='bbox 682 4357 780 4432; x_wconf 89' lang='lat' dir='ltr'>male</span> <span class='ocrx_word' id='word_1_246' title='bbox 804 4355 981 4431; x_wconf 87' lang='lat' dir='ltr'>ordinata.</span> <span class='ocrx_word' id='word_1_247' title='bbox 1008 4357 1189 4431; x_wconf 80' lang='lat' dir='ltr'>construe</span> <span class='ocrx_word' id='word_1_248' title='bbox 1213 4375 1305 4452; x_wconf 83' lang='lat' dir='ltr'>ergo</span> <span class='ocrx_word' id='word_1_249' title='bbox 1321 4355 1393 4432; x_wconf 84' lang='lat' dir='ltr'>sie:</span> <span class='ocrx_word' id='word_1_250' title='bbox 1409 4377 1483 4430; x_wconf 82' lang='lat' dir='ltr'>uon</span> <span class='ocrx_word' id='word_1_251' title='bbox 1504 4359 1654 4450; x_wconf 77' lang='lat' dir='ltr'>oopiiote</span> 
     </span>
     <span class='ocr_line' id='line_1_30' title="bbox 484 4477 1652 4574; baseline 0.002 -23"><span class='ocrx_word' id='word_1_252' title='bbox 484 4497 598 4568; x_wconf 74' lang='lat' dir='ltr'>noyer</span> <span class='ocrx_word' id='word_1_253' title='bbox 622 4479 660 4551; x_wconf 88' lang='lat' dir='ltr'>lo</span> <span class='ocrx_word' id='word_1_254' title='bbox 683 4479 886 4570; x_wconf 68' lang='lat' dir='ltr'>emerim</span> <span class='ocrx_word' id='word_1_255' title='bbox 910 4497 935 4548; x_wconf 88' lang='lat' dir='ltr'>a</span> <span class='ocrx_word' id='word_1_256' title='bbox 959 4483 1079 4574; x_wconf 58' lang='lat' dir='ltr'>muto</span> <span class='ocrx_word' id='word_1_257' title='bbox 1102 4483 1199 4550; x_wconf 71' lang='lat' dir='ltr'>muto</span> <span class='ocrx_word' id='word_1_258' title='bbox 1220 4479 1370 4571; x_wconf 87' lang='lat' dir='ltr'>piooiolu</span> <span class='ocrx_word' id='word_1_259' title='bbox 1394 4480 1525 4570; x_wconf 66' lang='lat' dir='ltr'>oipilia</span> <span class='ocrx_word' id='word_1_260' title='bbox 1547 4477 1652 4574; x_wconf 85' lang='lat' dir='ltr'>idest,</span> 
     </span>
     <span class='ocr_line' id='line_1_31' title="bbox 485 4591 1651 4695; baseline 0.003 -25"><span class='ocrx_word' id='word_1_261' title='bbox 485 4596 542 4671; x_wconf 91' lang='lat' dir='ltr'>isti</span> <span class='ocrx_word' id='word_1_262' title='bbox 568 4591 722 4672; x_wconf 80' lang='lat' dir='ltr'>modice</span> <span class='ocrx_word' id='word_1_263' title='bbox 746 4597 830 4672; x_wconf 80' lang='lat' dir='ltr'>vitae</span> <span class='ocrx_word' id='word_1_264' title='bbox 856 4596 969 4692; x_wconf 82' lang='lat' dir='ltr'>brevi,</span> <span class='ocrx_word' id='word_1_265' title='bbox 991 4592 1089 4672; x_wconf 80' lang='lat' dir='ltr'>olt&#39;e&#39;e</span> <span class='ocrx_word' id='word_1_266' title='bbox 1111 4599 1170 4672; x_wconf 85' lang='lat' dir='ltr'>del</span> <span class='ocrx_word' id='word_1_267' title='bbox 1190 4601 1397 4691; x_wconf 75' lang='lat' dir='ltr'>rimoueute,</span> <span class='ocrx_word' id='word_1_268' title='bbox 1422 4597 1526 4694; x_wconf 85' lang='lat' dir='ltr'>idest,</span> <span class='ocrx_word' id='word_1_269' title='bbox 1552 4600 1651 4695; x_wconf 90' lang='lat' dir='ltr'>quod</span> 
     </span>
     <span class='ocr_line' id='line_1_32' title="bbox 485 4715 1652 4815; baseline 0.006 -27"><span class='ocrx_word' id='word_1_270' title='bbox 485 4722 598 4790; x_wconf 82' lang='lat' dir='ltr'>restat</span> <span class='ocrx_word' id='word_1_271' title='bbox 626 4715 674 4791; x_wconf 90' lang='lat' dir='ltr'>de</span> <span class='ocrx_word' id='word_1_272' title='bbox 707 4716 866 4811; x_wconf 84' lang='lat' dir='ltr'>residuo,</span> <span class='ocrx_word' id='word_1_273' title='bbox 900 4719 954 4792; x_wconf 68' lang='lat' dir='ltr'>dd</span> <span class='ocrx_word' id='word_1_274' title='bbox 971 4719 1083 4792; x_wconf 74' lang='lat' dir='ltr'>vostri</span> <span class='ocrx_word' id='word_1_275' title='bbox 1115 4721 1221 4810; x_wconf 70' lang='lat' dir='ltr'>aaut,</span> <span class='ocrx_word' id='word_1_276' title='bbox 1256 4718 1359 4813; x_wconf 79' lang='lat' dir='ltr'>idest,</span> <span class='ocrx_word' id='word_1_277' title='bbox 1388 4725 1522 4794; x_wconf 78' lang='lat' dir='ltr'>vestrae</span> <span class='ocrx_word' id='word_1_278' title='bbox 1556 4719 1652 4815; x_wconf 72' lang='lat' dir='ltr'>vita,</span> 
     </span>
    </p>
   </div>
   <div class='ocr_carea' id='block_1_7' title="bbox 546 4931 1546 5151">
    <p class='ocr_par' dir='ltr' id='par_1_7' title="bbox 546 4931 1546 5151">
     <span class='ocr_line' id='line_1_33' title="bbox 546 4931 1509 5002; baseline 0.006 -18"><span class='ocrx_word' id='word_1_279' title='bbox 546 4932 573 4996; x_wconf 69' lang='grc' dir='ltr'>ι’)</span> <span class='ocrx_word' id='word_1_280' title='bbox 589 4931 614 4984; x_wconf 83' lang='lat' dir='ltr'>S.</span> <span class='ocrx_word' id='word_1_281' title='bbox 631 4945 646 4983; x_wconf 79' lang='lat' dir='ltr'>e</span> <span class='ocrx_word' id='word_1_282' title='bbox 663 4931 693 4982; x_wconf 79' lang='lat' dir='ltr'>ll.</span> <span class='ocrx_word' id='word_1_283' title='bbox 709 4945 742 4984; x_wconf 80' lang='grc' dir='ltr'>οι</span> <span class='ocrx_word' id='word_1_284' title='bbox 757 4934 860 4985; x_wconf 62' lang='lat' dir='ltr'>miro</span> <span class='ocrx_word' id='word_1_285' title='bbox 875 4939 957 4999; x_wconf 77' lang='lat' dir='ltr'>parte.</span> <span class='ocrx_word' id='word_1_286' title='bbox 1157 4934 1186 5000; x_wconf 78' lang='lat'>(¹)</span> <span class='ocrx_word' id='word_1_287' title='bbox 1202 4937 1233 4987; x_wconf 81' lang='lat' dir='ltr'>E.</span> <span class='ocrx_word' id='word_1_288' title='bbox 1248 4937 1326 4989; x_wconf 80' lang='lat' dir='ltr'>litore</span> <span class='ocrx_word' id='word_1_289' title='bbox 1340 4939 1365 4989; x_wconf 79' lang='lat' dir='ltr'>oi</span> <span class='ocrx_word' id='word_1_290' title='bbox 1380 4937 1509 5002; x_wconf 81' lang='lat' dir='ltr'>opposito.</span> 
     </span>
     <span class='ocr_line' id='line_1_34' title="bbox 546 5005 1349 5074; baseline 0.007 -16"><span class='ocrx_word' id='word_1_291' title='bbox 546 5005 574 5070; x_wconf 81' lang='lat'>(⁸)</span> <span class='ocrx_word' id='word_1_292' title='bbox 588 5007 614 5059; x_wconf 76' lang='lat' dir='ltr'>S.</span> <span class='ocrx_word' id='word_1_293' title='bbox 630 5007 657 5058; x_wconf 83' lang='lat' dir='ltr'>lu</span> <span class='ocrx_word' id='word_1_294' title='bbox 672 5013 763 5060; x_wconf 70' lang='lat' dir='ltr'>miro</span> <span class='ocrx_word' id='word_1_295' title='bbox 777 5009 845 5061; x_wconf 66' lang='lat' dir='ltr'>nari</span> <span class='ocrx_word' id='word_1_296' title='bbox 861 5009 1061 5063; x_wconf 68' lang='lat' dir='ltr'>munaum.</span> <span class='ocrx_word' id='word_1_297' title='bbox 1159 5011 1187 5074; x_wconf 63' lang='grc' dir='ltr'>Ρ)</span> <span class='ocrx_word' id='word_1_298' title='bbox 1203 5013 1235 5063; x_wconf 75' lang='grc' dir='ltr'>Β.</span> <span class='ocrx_word' id='word_1_299' title='bbox 1251 5013 1349 5064; x_wconf 62' lang='lat' dir='ltr'>huvil.</span> 
     </span>
     <span class='ocr_line' id='line_1_35' title="bbox 546 5083 1546 5151; baseline 0.006 -15"><span class='ocrx_word' id='word_1_300' title='bbox 546 5084 574 5147; x_wconf 80' lang='lat'>(⁸)</span> <span class='ocrx_word' id='word_1_301' title='bbox 589 5083 621 5136; x_wconf 82' lang='lat' dir='ltr'>B.</span> <span class='ocrx_word' id='word_1_302' title='bbox 636 5083 781 5136; x_wconf 79' lang='lat' dir='ltr'>hunlllter.</span> <span class='ocrx_word' id='word_1_303' title='bbox 1157 5087 1186 5151; x_wconf 80' lang='lat'>(⁸)</span> <span class='ocrx_word' id='word_1_304' title='bbox 1201 5088 1231 5138; x_wconf 83' lang='lat' dir='ltr'>B.</span> <span class='ocrx_word' id='word_1_305' title='bbox 1247 5087 1322 5140; x_wconf 74' lang='lat' dir='ltr'>udos</span> <span class='ocrx_word' id='word_1_306' title='bbox 1338 5089 1403 5142; x_wconf 71' lang='lat' dir='ltr'>bno</span> <span class='ocrx_word' id='word_1_307' title='bbox 1418 5089 1546 5142; x_wconf 74' lang='lat' dir='ltr'>lutrlulu.</span> 
     </span>
    </p>
   </div>
   <div class='ocr_carea' id='block_1_8' title="bbox 618 5191 1518 5242">
    <p class='ocr_par' dir='ltr' id='par_1_8' title="bbox 618 5191 1518 5242">
     <span class='ocr_line' id='line_1_36' title="bbox 618 5191 1518 5242; baseline 0.007 -6"><span class='ocrx_word' id='word_1_308' title='bbox 618 5191 649 5238; x_wconf 87' lang='lat'>11.</span> <span class='ocrx_word' id='word_1_309' title='bbox 1490 5198 1518 5242; x_wconf 80' lang='lat' dir='ltr'>tt</span> 
     </span>
    </p>
   </div>
   <div class='ocr_carea' id='block_1_9' title="bbox 0 0 2309 6836">
    <p class='ocr_par' dir='ltr' id='par_1_9' title="bbox 0 0 2309 6836">
     <span class='ocr_line' id='line_1_37' title="bbox 0 0 2309 6836; baseline 0 0"><span class='ocrx_word' id='word_1_310' title='bbox 0 0 2309 6836; x_wconf 95' lang='lat' dir='ltr'> </span> 
     </span>
    </p>
   </div>
  </div>
 </body>
</html>
