<?xml version="1.0" encoding="UTF-8"?>
<!DOCTYPE html PUBLIC "-//W3C//DTD XHTML 1.0 Transitional//EN"
    "http://www.w3.org/TR/xhtml1/DTD/xhtml1-transitional.dtd">
<html xmlns="http://www.w3.org/1999/xhtml" xml:lang="en" lang="en">
 <head>
  <title>
</title>
<meta http-equiv="Content-Type" content="text/html;charset=utf-8" />
  <meta name='ocr-system' content='tesseract 3.04.00' />
  <meta name='ocr-capabilities' content='ocr_page ocr_carea ocr_par ocr_line ocrx_word'/>
</head>
<body>
  <div class='ocr_page' id='page_1' title='image "./comentumsuperda01benvgoog_0352.png"; bbox 0 0 4580 6844; ppageno 0'>
   <div class='ocr_carea' id='block_1_1' title="bbox 732 963 1593 1035">
    <p class='ocr_par' dir='ltr' id='par_1_1' title="bbox 732 963 1593 1035">
     <span class='ocr_line' id='line_1_1' title="bbox 732 963 1593 1035; baseline 0.002 -3"><span class='ocrx_word' id='word_1_1' title='bbox 732 975 871 1034; x_wconf 82' lang='lat' dir='ltr'><strong>murus</strong></span> <span class='ocrx_word' id='word_1_2' title='bbox 894 977 1089 1034; x_wconf 70' lang='lat' dir='ltr'><strong>mansimus</strong></span> <span class='ocrx_word' id='word_1_3' title='bbox 1111 977 1281 1034; x_wconf 76' lang='lat' dir='ltr'><strong>onrnvus.</strong></span> <span class='ocrx_word' id='word_1_4' title='bbox 1521 963 1593 1035; x_wconf 75' lang='lat' dir='ltr'><strong>tit</strong></span> 
     </span>
    </p>
   </div>
   <div class='ocr_carea' id='block_1_2' title="bbox 419 1118 1651 4990">
    <p class='ocr_par' dir='ltr' id='par_1_2' title="bbox 419 1118 1651 4990">
     <span class='ocr_line' id='line_1_2' title="bbox 421 1118 1594 1214; baseline -0.002 -14"><span class='ocrx_word' id='word_1_5' title='bbox 421 1118 640 1214; x_wconf 62' lang='lat' dir='ltr'><strong>manua,</strong></span> <span class='ocrx_word' id='word_1_6' title='bbox 665 1120 797 1200; x_wconf 76' lang='lat' dir='ltr'><strong>deindo</strong></span> <span class='ocrx_word' id='word_1_7' title='bbox 819 1127 988 1198; x_wconf 77' lang='lat' dir='ltr'><strong>sonuum</strong></span> <span class='ocrx_word' id='word_1_8' title='bbox 1014 1123 1242 1200; x_wconf 74' lang='lat' dir='ltr'><strong>Germanum</strong></span> <span class='ocrx_word' id='word_1_9' title='bbox 1266 1119 1416 1196; x_wconf 78' lang='lat' dir='ltr'><strong>virinus</strong></span> <span class='ocrx_word' id='word_1_10' title='bbox 1437 1119 1594 1198; x_wconf 76' lang='lat' dir='ltr'><strong>Manua-</strong></span> 
     </span>
     <span class='ocr_line' id='line_1_3' title="bbox 419 1237 1592 1335; baseline -0.002 -17"><span class='ocrx_word' id='word_1_11' title='bbox 419 1237 491 1318; x_wconf 87' lang='lat' dir='ltr'><strong>dos</strong></span> <span class='ocrx_word' id='word_1_12' title='bbox 514 1237 640 1316; x_wconf 83' lang='lat' dir='ltr'><strong>audito</strong></span> <span class='ocrx_word' id='word_1_13' title='bbox 663 1238 805 1316; x_wconf 81' lang='lat' dir='ltr'><strong>amidio</strong></span> <span class='ocrx_word' id='word_1_14' title='bbox 829 1241 944 1318; x_wconf 82' lang='lat' dir='ltr'><strong>annoti</strong></span> <span class='ocrx_word' id='word_1_15' title='bbox 968 1239 1155 1335; x_wconf 82' lang='lat' dir='ltr'><strong>Garmai,</strong></span> <span class='ocrx_word' id='word_1_16' title='bbox 1179 1240 1226 1316; x_wconf 82' lang='lat' dir='ltr'><strong>do</strong></span> <span class='ocrx_word' id='word_1_17' title='bbox 1255 1239 1405 1314; x_wconf 78' lang='lat' dir='ltr'><strong>oonsilio</strong></span> <span class='ocrx_word' id='word_1_18' title='bbox 1435 1259 1592 1316; x_wconf 84' lang='lat' dir='ltr'><strong>snorum</strong></span> 
     </span>
     <span class='ocr_line' id='line_1_4' title="bbox 420 1351 1594 1455; baseline 0.003 -21"><span class='ocrx_word' id='word_1_19' title='bbox 420 1357 599 1435; x_wconf 83' lang='lat' dir='ltr'><strong>uomitum</strong></span> <span class='ocrx_word' id='word_1_20' title='bbox 624 1358 724 1436; x_wconf 87' lang='lat' dir='ltr'><strong>vonit</strong></span> <span class='ocrx_word' id='word_1_21' title='bbox 748 1359 998 1436; x_wconf 85' lang='lat' dir='ltr'><strong>Banavontum</strong></span> <span class='ocrx_word' id='word_1_22' title='bbox 1015 1351 1067 1455; x_wconf 88' lang='lat'><strong>(¹),</strong></span> <span class='ocrx_word' id='word_1_23' title='bbox 1092 1359 1180 1454; x_wconf 83' lang='lat' dir='ltr'><strong>quia</strong></span> <span class='ocrx_word' id='word_1_24' title='bbox 1211 1358 1260 1434; x_wconf 86' lang='lat' dir='ltr'><strong>ibi</strong></span> <span class='ocrx_word' id='word_1_25' title='bbox 1290 1364 1436 1454; x_wconf 84' lang='lat' dir='ltr'><strong>potarat</strong></span> <span class='ocrx_word' id='word_1_26' title='bbox 1460 1359 1594 1437; x_wconf 80' lang='lat' dir='ltr'><strong>meiius</strong></span> 
     </span>
     <span class='ocr_line' id='line_1_5' title="bbox 420 1469 1593 1577; baseline -0.003 -20"><span class='ocrx_word' id='word_1_27' title='bbox 420 1479 558 1576; x_wconf 71' lang='lat' dir='ltr'><strong>digere</strong></span> <span class='ocrx_word' id='word_1_28' title='bbox 574 1485 791 1574; x_wconf 72' lang='lat' dir='ltr'><strong>nummum</strong></span> <span class='ocrx_word' id='word_1_29' title='bbox 804 1469 842 1572; x_wconf 88' lang='lat'><strong>(¹)</strong></span> <span class='ocrx_word' id='word_1_30' title='bbox 858 1479 1058 1577; x_wconf 79' lang='lat' dir='ltr'><strong>pugnandi,</strong></span> <span class='ocrx_word' id='word_1_31' title='bbox 1073 1485 1111 1556; x_wconf 82' lang='lat' dir='ltr'><strong>at</strong></span> <span class='ocrx_word' id='word_1_32' title='bbox 1126 1478 1304 1576; x_wconf 79' lang='lat' dir='ltr'><strong>impedire</strong></span> <span class='ocrx_word' id='word_1_33' title='bbox 1324 1479 1510 1573; x_wconf 86' lang='lat' dir='ltr'><strong>Caroium,</strong></span> <span class='ocrx_word' id='word_1_34' title='bbox 1527 1479 1593 1574; x_wconf 88' lang='lat' dir='ltr'><strong>qui</strong></span> 
     </span>
     <span class='ocr_line' id='line_1_6' title="bbox 421 1598 1592 1696; baseline -0.004 -20"><span class='ocrx_word' id='word_1_35' title='bbox 421 1619 496 1676; x_wconf 84' lang='lat' dir='ltr'><strong>non</strong></span> <span class='ocrx_word' id='word_1_36' title='bbox 519 1604 664 1694; x_wconf 72' lang='lat' dir='ltr'><strong>potatu</strong></span> <span class='ocrx_word' id='word_1_37' title='bbox 687 1598 826 1676; x_wconf 88' lang='lat' dir='ltr'><strong>intrara</strong></span> <span class='ocrx_word' id='word_1_38' title='bbox 852 1598 1106 1696; x_wconf 77' lang='lat' dir='ltr'><strong>principatum,</strong></span> <span class='ocrx_word' id='word_1_39' title='bbox 1132 1619 1201 1676; x_wconf 82' lang='lat' dir='ltr'><strong>nan</strong></span> <span class='ocrx_word' id='word_1_40' title='bbox 1234 1599 1390 1674; x_wconf 82' lang='lat' dir='ltr'><strong>transire</strong></span> <span class='ocrx_word' id='word_1_41' title='bbox 1423 1599 1461 1672; x_wconf 94' lang='lat' dir='ltr'><strong>in</strong></span> <span class='ocrx_word' id='word_1_42' title='bbox 1490 1598 1592 1695; x_wconf 79' lang='lat' dir='ltr'><strong>Apu·</strong></span> 
     </span>
     <span class='ocr_line' id='line_1_7' title="bbox 420 1707 1593 1813; baseline -0.002 -19"><span class='ocrx_word' id='word_1_43' title='bbox 420 1717 508 1795; x_wconf 76' lang='lat' dir='ltr'><strong>ium</strong></span> <span class='ocrx_word' id='word_1_44' title='bbox 534 1716 600 1794; x_wconf 91' lang='lat' dir='ltr'><strong>nisi</strong></span> <span class='ocrx_word' id='word_1_45' title='bbox 625 1737 692 1813; x_wconf 84' lang='lat' dir='ltr'><strong>por</strong></span> <span class='ocrx_word' id='word_1_46' title='bbox 715 1718 979 1794; x_wconf 85' lang='lat' dir='ltr'><strong>Bonorantum.</strong></span> <span class='ocrx_word' id='word_1_47' title='bbox 1006 1717 1160 1794; x_wconf 85' lang='lat' dir='ltr'><strong>Caroius</strong></span> <span class='ocrx_word' id='word_1_48' title='bbox 1194 1719 1264 1794; x_wconf 85' lang='lat' dir='ltr'><strong>hoc</strong></span> <span class='ocrx_word' id='word_1_49' title='bbox 1293 1717 1453 1795; x_wconf 84' lang='lat' dir='ltr'><strong>santiam</strong></span> <span class='ocrx_word' id='word_1_50' title='bbox 1466 1707 1503 1810; x_wconf 72' lang='lat'><strong>(⁸)</strong></span> <span class='ocrx_word' id='word_1_51' title='bbox 1530 1737 1593 1792; x_wconf 88' lang='lat' dir='ltr'><strong>ra-</strong></span> 
     </span>
     <span class='ocr_line' id='line_1_8' title="bbox 422 1836 1593 1914; baseline 0 0"><span class='ocrx_word' id='word_1_52' title='bbox 422 1836 530 1914; x_wconf 81' lang='lat' dir='ltr'><strong>oaasit</strong></span> <span class='ocrx_word' id='word_1_53' title='bbox 553 1859 576 1912; x_wconf 89' lang='lat' dir='ltr'><strong>a</strong></span> <span class='ocrx_word' id='word_1_54' title='bbox 600 1843 727 1914; x_wconf 84' lang='lat' dir='ltr'><strong>sancto</strong></span> <span class='ocrx_word' id='word_1_55' title='bbox 751 1837 937 1914; x_wconf 84' lang='lat' dir='ltr'><strong>Germano</strong></span> <span class='ocrx_word' id='word_1_56' title='bbox 960 1843 1000 1914; x_wconf 85' lang='lat' dir='ltr'><strong>ot</strong></span> <span class='ocrx_word' id='word_1_57' title='bbox 1024 1857 1098 1914; x_wconf 94' lang='lat' dir='ltr'><strong>non</strong></span> <span class='ocrx_word' id='word_1_58' title='bbox 1122 1837 1242 1914; x_wconf 81' lang='lat' dir='ltr'><strong>tonuit</strong></span> <span class='ocrx_word' id='word_1_59' title='bbox 1264 1837 1334 1912; x_wconf 82' lang='lat' dir='ltr'><strong>itar</strong></span> <span class='ocrx_word' id='word_1_60' title='bbox 1362 1856 1493 1912; x_wconf 85' lang='lat' dir='ltr'><strong>vorsus</strong></span> <span class='ocrx_word' id='word_1_61' title='bbox 1523 1837 1593 1914; x_wconf 79' lang='lat' dir='ltr'><strong>oa-</strong></span> 
     </span>
     <span class='ocr_line' id='line_1_9' title="bbox 421 1955 1594 2053; baseline 0.001 -21"><span class='ocrx_word' id='word_1_62' title='bbox 421 1976 535 2052; x_wconf 78' lang='lat' dir='ltr'><strong>punm</strong></span> <span class='ocrx_word' id='word_1_63' title='bbox 560 1976 626 2053; x_wconf 79' lang='lat' dir='ltr'><strong>par</strong></span> <span class='ocrx_word' id='word_1_64' title='bbox 650 1957 803 2032; x_wconf 69' lang='lat' dir='ltr'><strong>terram</strong></span> <span class='ocrx_word' id='word_1_65' title='bbox 827 1957 989 2052; x_wconf 83' lang='lat' dir='ltr'><strong>Laboris,</strong></span> <span class='ocrx_word' id='word_1_66' title='bbox 1015 1957 1102 2052; x_wconf 84' lang='lat' dir='ltr'><strong>quia</strong></span> <span class='ocrx_word' id='word_1_67' title='bbox 1127 1977 1201 2032; x_wconf 92' lang='lat' dir='ltr'><strong>non</strong></span> <span class='ocrx_word' id='word_1_68' title='bbox 1230 1955 1407 2052; x_wconf 77' lang='lat' dir='ltr'><strong>potuisset</strong></span> <span class='ocrx_word' id='word_1_69' title='bbox 1437 1957 1594 2033; x_wconf 81' lang='lat' dir='ltr'><strong>transim</strong></span> 
     </span>
     <span class='ocr_line' id='line_1_10' title="bbox 421 2075 1594 2174; baseline -0.002 -20"><span class='ocrx_word' id='word_1_70' title='bbox 421 2077 470 2154; x_wconf 80' lang='lat' dir='ltr'><strong>ad</strong></span> <span class='ocrx_word' id='word_1_71' title='bbox 494 2085 643 2172; x_wconf 78' lang='lat' dir='ltr'><strong>nontam</strong></span> <span class='ocrx_word' id='word_1_72' title='bbox 668 2077 906 2154; x_wconf 81' lang='lat' dir='ltr'><strong>fortissimum</strong></span> <span class='ocrx_word' id='word_1_73' title='bbox 931 2077 1080 2174; x_wconf 73' lang='lat' dir='ltr'><strong>Cauno,</strong></span> <span class='ocrx_word' id='word_1_74' title='bbox 1103 2096 1216 2172; x_wconf 86' lang='lat' dir='ltr'><strong>quam</strong></span> <span class='ocrx_word' id='word_1_75' title='bbox 1253 2077 1391 2154; x_wconf 83' lang='lat' dir='ltr'><strong>sanarat</strong></span> <span class='ocrx_word' id='word_1_76' title='bbox 1420 2076 1500 2153; x_wconf 88' lang='lat' dir='ltr'><strong>dori</strong></span> <span class='ocrx_word' id='word_1_77' title='bbox 1525 2075 1594 2152; x_wconf 82' lang='lat' dir='ltr'><strong>Fo-</strong></span> 
     </span>
     <span class='ocr_line' id='line_1_11' title="bbox 421 2196 1593 2293; baseline -0.002 -19"><span class='ocrx_word' id='word_1_78' title='bbox 421 2196 568 2274; x_wconf 85' lang='lat' dir='ltr'><strong>dorious</strong></span> <span class='ocrx_word' id='word_1_79' title='bbox 592 2199 634 2291; x_wconf 88' lang='lat'><strong>11,</strong></span> <span class='ocrx_word' id='word_1_80' title='bbox 663 2197 728 2273; x_wconf 88' lang='lat' dir='ltr'><strong>sod</strong></span> <span class='ocrx_word' id='word_1_81' title='bbox 760 2197 924 2272; x_wconf 78' lang='lat' dir='ltr'><strong>transivit</strong></span> <span class='ocrx_word' id='word_1_82' title='bbox 953 2198 1177 2272; x_wconf 84' lang='lat' dir='ltr'><strong>Vulturnum</strong></span> <span class='ocrx_word' id='word_1_83' title='bbox 1212 2197 1311 2293; x_wconf 84' lang='lat' dir='ltr'><strong>apud</strong></span> <span class='ocrx_word' id='word_1_84' title='bbox 1340 2197 1593 2290; x_wconf 83' lang='lat' dir='ltr'><strong>Tuiivnmum,</strong></span> 
     </span>
     <span class='ocr_line' id='line_1_12' title="bbox 423 2315 1595 2413; baseline -0.001 -20"><span class='ocrx_word' id='word_1_85' title='bbox 423 2316 488 2394; x_wconf 87' lang='lat' dir='ltr'><strong>ubi</strong></span> <span class='ocrx_word' id='word_1_86' title='bbox 511 2322 655 2413; x_wconf 78' lang='lat' dir='ltr'><strong>potarat</strong></span> <span class='ocrx_word' id='word_1_87' title='bbox 679 2315 817 2410; x_wconf 87' lang='lat' dir='ltr'><strong>vadari,</strong></span> <span class='ocrx_word' id='word_1_88' title='bbox 842 2322 881 2394; x_wconf 85' lang='lat' dir='ltr'><strong>et</strong></span> <span class='ocrx_word' id='word_1_89' title='bbox 904 2335 973 2412; x_wconf 87' lang='lat' dir='ltr'><strong>par</strong></span> <span class='ocrx_word' id='word_1_90' title='bbox 995 2337 1126 2412; x_wconf 83' lang='lat' dir='ltr'><strong>aspera</strong></span> <span class='ocrx_word' id='word_1_91' title='bbox 1151 2317 1282 2394; x_wconf 82' lang='lat' dir='ltr'><strong>itinera</strong></span> <span class='ocrx_word' id='word_1_92' title='bbox 1314 2317 1496 2392; x_wconf 86' lang='lat' dir='ltr'><strong>montium</strong></span> <span class='ocrx_word' id='word_1_93' title='bbox 1522 2317 1595 2392; x_wconf 87' lang='lat' dir='ltr'><strong>Bo-</strong></span> 
     </span>
     <span class='ocr_line' id='line_1_13' title="bbox 422 2434 1651 2524; baseline 0 -12"><span class='ocrx_word' id='word_1_94' title='bbox 422 2441 717 2512; x_wconf 88' lang='lat' dir='ltr'><strong>novontauorum</strong></span> <span class='ocrx_word' id='word_1_95' title='bbox 741 2452 828 2510; x_wconf 93' lang='lat' dir='ltr'><strong>oum</strong></span> <span class='ocrx_word' id='word_1_96' title='bbox 858 2435 1022 2512; x_wconf 82' lang='lat' dir='ltr'><strong>maximo</strong></span> <span class='ocrx_word' id='word_1_97' title='bbox 1051 2436 1178 2512; x_wconf 84' lang='lat' dir='ltr'><strong>laboro</strong></span> <span class='ocrx_word' id='word_1_98' title='bbox 1206 2441 1246 2512; x_wconf 88' lang='lat' dir='ltr'><strong>ot</strong></span> <span class='ocrx_word' id='word_1_99' title='bbox 1272 2434 1419 2512; x_wconf 79' lang='lat' dir='ltr'><strong>deiectu</strong></span> <span class='ocrx_word' id='word_1_100' title='bbox 1450 2435 1594 2512; x_wconf 89' lang='lat' dir='ltr'><strong>victuu-</strong></span> <span class='ocrx_word' id='word_1_101' title='bbox 1645 2515 1651 2524; x_wconf 77' lang='grc'>,</span> 
     </span>
     <span class='ocr_line' id='line_1_14' title="bbox 421 2553 1593 2651; baseline 0.002 -23"><span class='ocrx_word' id='word_1_102' title='bbox 421 2555 514 2630; x_wconf 86' lang='lat' dir='ltr'><strong>iium</strong></span> <span class='ocrx_word' id='word_1_103' title='bbox 537 2553 705 2649; x_wconf 81' lang='lat' dir='ltr'><strong>pervenit</strong></span> <span class='ocrx_word' id='word_1_104' title='bbox 719 2553 971 2630; x_wconf 85' lang='lat' dir='ltr'><strong>Bonovontum</strong></span> <span class='ocrx_word' id='word_1_105' title='bbox 990 2573 1103 2650; x_wconf 83' lang='lat' dir='ltr'><strong>propa</strong></span> <span class='ocrx_word' id='word_1_106' title='bbox 1120 2575 1187 2651; x_wconf 88' lang='lat' dir='ltr'><strong>por</strong></span> <span class='ocrx_word' id='word_1_107' title='bbox 1201 2553 1276 2630; x_wconf 92' lang='lat' dir='ltr'><strong>duo</strong></span> <span class='ocrx_word' id='word_1_108' title='bbox 1294 2553 1473 2630; x_wconf 86' lang='lat' dir='ltr'><strong>milliaria.</strong></span> <span class='ocrx_word' id='word_1_109' title='bbox 1491 2556 1593 2630; x_wconf 79' lang='lat' dir='ltr'><strong>unn-</strong></span> 
     </span>
     <span class='ocr_line' id='line_1_15' title="bbox 421 2673 1594 2772; baseline -0.002 -22"><span class='ocrx_word' id='word_1_110' title='bbox 421 2673 547 2750; x_wconf 81' lang='lat' dir='ltr'><strong>trodus</strong></span> <span class='ocrx_word' id='word_1_111' title='bbox 571 2673 693 2750; x_wconf 86' lang='lat' dir='ltr'><strong>statim</strong></span> <span class='ocrx_word' id='word_1_112' title='bbox 726 2673 820 2769; x_wconf 78' lang='lat' dir='ltr'><strong>oepit</strong></span> <span class='ocrx_word' id='word_1_113' title='bbox 852 2673 1044 2750; x_wconf 91' lang='lat' dir='ltr'><strong>oonsilium</strong></span> <span class='ocrx_word' id='word_1_114' title='bbox 1069 2673 1267 2772; x_wconf 76' lang='lat' dir='ltr'><strong>pugnandi,</strong></span> <span class='ocrx_word' id='word_1_115' title='bbox 1292 2695 1340 2750; x_wconf 84' lang='lat' dir='ltr'><strong>nn</strong></span> <span class='ocrx_word' id='word_1_116' title='bbox 1363 2673 1594 2769; x_wconf 73' lang='lat' dir='ltr'><strong>permitteret</strong></span> 
     </span>
     <span class='ocr_line' id='line_1_16' title="bbox 422 2792 1593 2889; baseline 0 -19"><span class='ocrx_word' id='word_1_117' title='bbox 422 2793 588 2870; x_wconf 75' lang='lat' dir='ltr'><strong>hostibus</strong></span> <span class='ocrx_word' id='word_1_118' title='bbox 612 2793 714 2868; x_wconf 77' lang='lat' dir='ltr'><strong>fassis</strong></span> <span class='ocrx_word' id='word_1_119' title='bbox 743 2799 888 2889; x_wconf 79' lang='lat' dir='ltr'><strong>tompus</strong></span> <span class='ocrx_word' id='word_1_120' title='bbox 914 2793 1157 2889; x_wconf 80' lang='lat' dir='ltr'><strong>refocillandi3</strong></span> <span class='ocrx_word' id='word_1_121' title='bbox 1173 2794 1237 2870; x_wconf 86' lang='lat' dir='ltr'><strong>sad</strong></span> <span class='ocrx_word' id='word_1_122' title='bbox 1253 2799 1355 2880; x_wconf 82' lang='lat' dir='ltr'><strong>oorta</strong></span> <span class='ocrx_word' id='word_1_123' title='bbox 1375 2794 1504 2870; x_wconf 80' lang='lat' dir='ltr'><strong>electio</strong></span> <span class='ocrx_word' id='word_1_124' title='bbox 1523 2792 1593 2870; x_wconf 80' lang='lat' dir='ltr'><strong>tuo</strong></span> 
     </span>
     <span class='ocr_line' id='line_1_17' title="bbox 422 2911 1594 3011; baseline -0.002 -21"><span class='ocrx_word' id='word_1_125' title='bbox 422 2913 624 3011; x_wconf 82' lang='lat' dir='ltr'><strong>perniciosa</strong></span> <span class='ocrx_word' id='word_1_126' title='bbox 646 2913 726 3008; x_wconf 83' lang='lat' dir='ltr'><strong>stoi,</strong></span> <span class='ocrx_word' id='word_1_127' title='bbox 752 2912 839 3008; x_wconf 88' lang='lat' dir='ltr'><strong>qnia</strong></span> <span class='ocrx_word' id='word_1_128' title='bbox 868 2913 898 2988; x_wconf 89' lang='lat' dir='ltr'><strong>si</strong></span> <span class='ocrx_word' id='word_1_129' title='bbox 923 2914 1119 2990; x_wconf 78' lang='lat' dir='ltr'><strong>distulisset</strong></span> <span class='ocrx_word' id='word_1_130' title='bbox 1145 2921 1288 2990; x_wconf 84' lang='lat' dir='ltr'><strong>tantum</strong></span> <span class='ocrx_word' id='word_1_131' title='bbox 1313 2933 1391 2988; x_wconf 91' lang='lat' dir='ltr'><strong>uno</strong></span> <span class='ocrx_word' id='word_1_132' title='bbox 1416 2913 1476 2989; x_wconf 86' lang='lat' dir='ltr'><strong>vsi</strong></span> <span class='ocrx_word' id='word_1_133' title='bbox 1500 2911 1594 2988; x_wconf 88' lang='lat' dir='ltr'><strong>duo-</strong></span> 
     </span>
     <span class='ocr_line' id='line_1_18' title="bbox 422 3032 1595 3130; baseline -0.003 -20"><span class='ocrx_word' id='word_1_134' title='bbox 422 3035 494 3110; x_wconf 82' lang='lat' dir='ltr'><strong>bus</strong></span> <span class='ocrx_word' id='word_1_135' title='bbox 517 3033 656 3127; x_wconf 82' lang='lat' dir='ltr'><strong>diebus,</strong></span> <span class='ocrx_word' id='word_1_136' title='bbox 681 3053 772 3130; x_wconf 76' lang='lat' dir='ltr'><strong>gans</strong></span> <span class='ocrx_word' id='word_1_137' title='bbox 796 3034 917 3110; x_wconf 85' lang='lat' dir='ltr'><strong>Caroli</strong></span> <span class='ocrx_word' id='word_1_138' title='bbox 941 3040 1022 3110; x_wconf 87' lang='lat' dir='ltr'><strong>orat</strong></span> <span class='ocrx_word' id='word_1_139' title='bbox 1046 3033 1187 3130; x_wconf 81' lang='lat' dir='ltr'><strong>perdita</strong></span> <span class='ocrx_word' id='word_1_140' title='bbox 1216 3033 1295 3108; x_wconf 85' lang='lat' dir='ltr'><strong>sino</strong></span> <span class='ocrx_word' id='word_1_141' title='bbox 1319 3032 1431 3128; x_wconf 82' lang='lat' dir='ltr'><strong>oaeda,</strong></span> <span class='ocrx_word' id='word_1_142' title='bbox 1457 3053 1504 3110; x_wconf 85' lang='lat' dir='ltr'><strong>ax</strong></span> <span class='ocrx_word' id='word_1_143' title='bbox 1528 3032 1595 3108; x_wconf 86' lang='lat' dir='ltr'><strong>da-</strong></span> 
     </span>
     <span class='ocr_line' id='line_1_19' title="bbox 423 3151 1595 3249; baseline -0.003 -17"><span class='ocrx_word' id='word_1_144' title='bbox 423 3154 522 3232; x_wconf 80' lang='lat' dir='ltr'><strong>tautu</strong></span> <span class='ocrx_word' id='word_1_145' title='bbox 547 3153 761 3232; x_wconf 81' lang='lat' dir='ltr'><strong>victualium</strong></span> <span class='ocrx_word' id='word_1_146' title='bbox 787 3152 979 3229; x_wconf 89' lang='lat' dir='ltr'><strong>hominum</strong></span> <span class='ocrx_word' id='word_1_147' title='bbox 1007 3159 1045 3228; x_wconf 85' lang='lat' dir='ltr'><strong>ot</strong></span> <span class='ocrx_word' id='word_1_148' title='bbox 1072 3173 1267 3248; x_wconf 83' lang='lat' dir='ltr'><strong>equorum.</strong></span> <span class='ocrx_word' id='word_1_149' title='bbox 1294 3153 1386 3228; x_wconf 87' lang='lat' dir='ltr'><strong>Nam</strong></span> <span class='ocrx_word' id='word_1_150' title='bbox 1413 3151 1473 3228; x_wconf 87' lang='lat' dir='ltr'><strong>dio</strong></span> <span class='ocrx_word' id='word_1_151' title='bbox 1497 3173 1595 3249; x_wconf 76' lang='lat' dir='ltr'><strong>pran-</strong></span> 
     </span>
     <span class='ocr_line' id='line_1_20' title="bbox 423 3270 1594 3368; baseline -0.002 -20"><span class='ocrx_word' id='word_1_152' title='bbox 423 3272 566 3348; x_wconf 85' lang='lat' dir='ltr'><strong>cadnnti</strong></span> <span class='ocrx_word' id='word_1_153' title='bbox 596 3277 813 3368; x_wconf 84' lang='lat' dir='ltr'><strong>oportuerat</strong></span> <span class='ocrx_word' id='word_1_154' title='bbox 843 3270 976 3348; x_wconf 86' lang='lat' dir='ltr'><strong>militas</strong></span> <span class='ocrx_word' id='word_1_155' title='bbox 1007 3271 1134 3348; x_wconf 81' lang='lat' dir='ltr'><strong>vivore</strong></span> <span class='ocrx_word' id='word_1_156' title='bbox 1161 3292 1209 3346; x_wconf 84' lang='lat' dir='ltr'><strong>ex</strong></span> <span class='ocrx_word' id='word_1_157' title='bbox 1240 3270 1332 3346; x_wconf 86' lang='lat' dir='ltr'><strong>iotiis</strong></span> <span class='ocrx_word' id='word_1_158' title='bbox 1362 3271 1526 3346; x_wconf 87' lang='lat' dir='ltr'><strong>caulium</strong></span> <span class='ocrx_word' id='word_1_159' title='bbox 1556 3278 1594 3348; x_wconf 85' lang='lat' dir='ltr'><strong>at</strong></span> 
     </span>
     <span class='ocr_line' id='line_1_21' title="bbox 422 3389 1594 3488; baseline -0.001 -21"><span class='ocrx_word' id='word_1_160' title='bbox 422 3391 514 3468; x_wconf 81' lang='lat' dir='ltr'><strong>duro</strong></span> <span class='ocrx_word' id='word_1_161' title='bbox 540 3392 682 3486; x_wconf 83' lang='lat' dir='ltr'><strong>thyrsos</strong></span> <span class='ocrx_word' id='word_1_162' title='bbox 707 3390 811 3485; x_wconf 86' lang='lat' dir='ltr'><strong>aquis</strong></span> <span class='ocrx_word' id='word_1_163' title='bbox 835 3389 930 3466; x_wconf 86' lang='lat' dir='ltr'><strong>suis:</strong></span> <span class='ocrx_word' id='word_1_164' title='bbox 957 3397 995 3468; x_wconf 85' lang='lat' dir='ltr'><strong>ot</strong></span> <span class='ocrx_word' id='word_1_165' title='bbox 1019 3401 1198 3487; x_wconf 75' lang='lat' dir='ltr'><strong>proterea</strong></span> <span class='ocrx_word' id='word_1_166' title='bbox 1215 3411 1307 3488; x_wconf 79' lang='lat' dir='ltr'><strong>gans</strong></span> <span class='ocrx_word' id='word_1_167' title='bbox 1322 3390 1497 3467; x_wconf 81' lang='lat' dir='ltr'><strong>ilanirodi</strong></span> <span class='ocrx_word' id='word_1_168' title='bbox 1512 3397 1594 3467; x_wconf 89' lang='lat' dir='ltr'><strong>orat</strong></span> 
     </span>
     <span class='ocr_line' id='line_1_22' title="bbox 422 3497 1594 3607; baseline 0 -21"><span class='ocrx_word' id='word_1_169' title='bbox 422 3511 530 3588; x_wconf 86' lang='lat' dir='ltr'><strong>valdo</strong></span> <span class='ocrx_word' id='word_1_170' title='bbox 552 3509 726 3606; x_wconf 69' lang='lat' dir='ltr'><strong>dupoma,</strong></span> <span class='ocrx_word' id='word_1_171' title='bbox 749 3509 847 3587; x_wconf 89' lang='lat' dir='ltr'><strong>uodo</strong></span> <span class='ocrx_word' id='word_1_172' title='bbox 871 3509 902 3586; x_wconf 89' lang='lat' dir='ltr'><strong>si</strong></span> <span class='ocrx_word' id='word_1_173' title='bbox 926 3510 1196 3607; x_wconf 84' lang='lat' dir='ltr'><strong>aliquantulum</strong></span> <span class='ocrx_word' id='word_1_174' title='bbox 1213 3511 1407 3588; x_wconf 70' lang='lat' dir='ltr'><strong>diunlioeot</strong></span> <span class='ocrx_word' id='word_1_175' title='bbox 1421 3497 1473 3606; x_wconf 73' lang='lat'><strong>(⁸),</strong></span> <span class='ocrx_word' id='word_1_176' title='bbox 1495 3513 1594 3586; x_wconf 83' lang='lat' dir='ltr'><strong>mul-</strong></span> 
     </span>
     <span class='ocr_line' id='line_1_23' title="bbox 422 3629 1592 3726; baseline 0 -20"><span class='ocrx_word' id='word_1_177' title='bbox 422 3637 502 3706; x_wconf 94' lang='lat' dir='ltr'><strong>tum</strong></span> <span class='ocrx_word' id='word_1_178' title='bbox 528 3629 726 3706; x_wconf 81' lang='lat' dir='ltr'><strong>oravissent</strong></span> <span class='ocrx_word' id='word_1_179' title='bbox 751 3629 850 3706; x_wconf 85' lang='lat' dir='ltr'><strong>viros</strong></span> <span class='ocrx_word' id='word_1_180' title='bbox 874 3629 964 3708; x_wconf 79' lang='lat' dir='ltr'><strong>oius</strong></span> <span class='ocrx_word' id='word_1_181' title='bbox 985 3630 1057 3708; x_wconf 83' lang='lat' dir='ltr'><strong>Sed</strong></span> <span class='ocrx_word' id='word_1_182' title='bbox 1073 3649 1185 3726; x_wconf 84' lang='lat' dir='ltr'><strong>quoru</strong></span> <span class='ocrx_word' id='word_1_183' title='bbox 1203 3632 1302 3707; x_wconf 81' lang='lat' dir='ltr'><strong>oeus</strong></span> <span class='ocrx_word' id='word_1_184' title='bbox 1319 3631 1406 3726; x_wconf 85' lang='lat' dir='ltr'><strong>odit,</strong></span> <span class='ocrx_word' id='word_1_185' title='bbox 1427 3631 1592 3708; x_wconf 78' lang='lat' dir='ltr'><strong>infatuat</strong></span> 
     </span>
     <span class='ocr_line' id='line_1_24' title="bbox 421 3749 1594 3848; baseline -0.001 -21"><span class='ocrx_word' id='word_1_186' title='bbox 421 3749 628 3828; x_wconf 79' lang='lat' dir='ltr'><strong>Manirodus</strong></span> <span class='ocrx_word' id='word_1_187' title='bbox 653 3769 745 3848; x_wconf 84' lang='lat' dir='ltr'><strong>ergo</strong></span> <span class='ocrx_word' id='word_1_188' title='bbox 762 3766 932 3847; x_wconf 75' lang='lat' dir='ltr'><strong>agrnssus</strong></span> <span class='ocrx_word' id='word_1_189' title='bbox 949 3749 1214 3845; x_wconf 75' lang='lat' dir='ltr'><strong>Beneventum,</strong></span> <span class='ocrx_word' id='word_1_190' title='bbox 1232 3752 1397 3827; x_wconf 83' lang='lat' dir='ltr'><strong>transivit</strong></span> <span class='ocrx_word' id='word_1_191' title='bbox 1413 3772 1481 3847; x_wconf 82' lang='lat' dir='ltr'><strong>per</strong></span> <span class='ocrx_word' id='word_1_192' title='bbox 1501 3773 1594 3848; x_wconf 85' lang='lat' dir='ltr'><strong>pon·</strong></span> 
     </span>
     <span class='ocr_line' id='line_1_25' title="bbox 421 3868 1594 3967; baseline 0 -21"><span class='ocrx_word' id='word_1_193' title='bbox 421 3876 497 3946; x_wconf 89' lang='lat' dir='ltr'><strong>tam</strong></span> <span class='ocrx_word' id='word_1_194' title='bbox 523 3868 674 3963; x_wconf 85' lang='lat' dir='ltr'><strong>dumon,</strong></span> <span class='ocrx_word' id='word_1_195' title='bbox 698 3869 798 3963; x_wconf 88' lang='lat' dir='ltr'><strong>quod</strong></span> <span class='ocrx_word' id='word_1_196' title='bbox 823 3869 1220 3946; x_wconf 68' lang='lat' dir='ltr'><strong>dromonorum</strong></span> <span class='ocrx_word' id='word_1_197' title='bbox 1245 3871 1354 3965; x_wconf 83' lang='lat' dir='ltr'><strong>plano</strong></span> <span class='ocrx_word' id='word_1_198' title='bbox 1380 3871 1479 3967; x_wconf 89' lang='lat' dir='ltr'><strong>quod</strong></span> <span class='ocrx_word' id='word_1_199' title='bbox 1504 3871 1594 3946; x_wconf 87' lang='lat' dir='ltr'><strong>dioi-</strong></span> 
     </span>
     <span class='ocr_line' id='line_1_26' title="bbox 421 3985 1594 4078; baseline 0.002 -16"><span class='ocrx_word' id='word_1_200' title='bbox 421 3994 484 4062; x_wconf 91' lang='lat' dir='ltr'><strong>tur</strong></span> <span class='ocrx_word' id='word_1_201' title='bbox 508 3985 650 4062; x_wconf 65' lang='lat' dir='ltr'><strong>&amp;notas</strong></span> <span class='ocrx_word' id='word_1_202' title='bbox 673 3987 796 4064; x_wconf 79' lang='lat' dir='ltr'><strong>Marito</strong></span> <span class='ocrx_word' id='word_1_203' title='bbox 819 3989 863 4062; x_wconf 83' lang='lat' dir='ltr'><strong>de</strong></span> <span class='ocrx_word' id='word_1_204' title='bbox 887 3991 926 4062; x_wconf 86' lang='lat' dir='ltr'><strong>lo</strong></span> <span class='ocrx_word' id='word_1_205' title='bbox 953 3989 1159 4078; x_wconf 73' lang='lat' dir='ltr'><strong>Grooddto,</strong></span> <span class='ocrx_word' id='word_1_206' title='bbox 1183 3987 1222 4062; x_wconf 95' lang='lat' dir='ltr'><strong>in</strong></span> <span class='ocrx_word' id='word_1_207' title='bbox 1246 3989 1329 4064; x_wconf 87' lang='lat' dir='ltr'><strong>looo</strong></span> <span class='ocrx_word' id='word_1_208' title='bbox 1362 3988 1458 4064; x_wconf 89' lang='lat' dir='ltr'><strong>dicto</strong></span> <span class='ocrx_word' id='word_1_209' title='bbox 1483 3989 1594 4064; x_wconf 86' lang='lat' dir='ltr'><strong>Patra</strong></span> 
     </span>
     <span class='ocr_line' id='line_1_27' title="bbox 420 4106 1595 4202; baseline 0.002 -20"><span class='ocrx_word' id='word_1_210' title='bbox 420 4107 591 4200; x_wconf 70' lang='lat' dir='ltr'><strong>drosotti</strong></span> <span class='ocrx_word' id='word_1_211' title='bbox 619 4107 706 4182; x_wconf 84' lang='lat' dir='ltr'><strong>iacit</strong></span> <span class='ocrx_word' id='word_1_212' title='bbox 735 4113 810 4184; x_wconf 83' lang='lat' dir='ltr'><strong>tros</strong></span> <span class='ocrx_word' id='word_1_213' title='bbox 842 4107 939 4184; x_wconf 82' lang='lat' dir='ltr'><strong>onias</strong></span> <span class='ocrx_word' id='word_1_214' title='bbox 953 4106 1146 4202; x_wconf 83' lang='lat' dir='ltr'><strong>;.primam</strong></span> <span class='ocrx_word' id='word_1_215' title='bbox 1173 4125 1221 4182; x_wconf 81' lang='lat' dir='ltr'><strong>ox</strong></span> <span class='ocrx_word' id='word_1_216' title='bbox 1252 4106 1469 4182; x_wconf 79' lang='lat' dir='ltr'><strong>theutonicis</strong></span> <span class='ocrx_word' id='word_1_217' title='bbox 1494 4107 1595 4184; x_wconf 87' lang='lat' dir='ltr'><strong>millo</strong></span> 
     </span>
     <span class='ocr_line' id='line_1_28' title="bbox 420 4225 1593 4322; baseline 0 -20"><span class='ocrx_word' id='word_1_218' title='bbox 420 4225 598 4320; x_wconf 82' lang='lat' dir='ltr'><strong>ducoutis,</strong></span> <span class='ocrx_word' id='word_1_219' title='bbox 614 4225 749 4320; x_wconf 82' lang='lat' dir='ltr'><strong>quihus</strong></span> <span class='ocrx_word' id='word_1_220' title='bbox 774 4227 933 4301; x_wconf 89' lang='lat' dir='ltr'><strong>muitum</strong></span> <span class='ocrx_word' id='word_1_221' title='bbox 959 4225 1114 4319; x_wconf 83' lang='lat' dir='ltr'><strong>tidobat;</strong></span> <span class='ocrx_word' id='word_1_222' title='bbox 1140 4231 1178 4302; x_wconf 84' lang='lat' dir='ltr'><strong>ot</strong></span> <span class='ocrx_word' id='word_1_223' title='bbox 1203 4225 1289 4301; x_wconf 86' lang='lat' dir='ltr'><strong>huic</strong></span> <span class='ocrx_word' id='word_1_224' title='bbox 1314 4225 1408 4301; x_wconf 85' lang='lat' dir='ltr'><strong>aoiai</strong></span> <span class='ocrx_word' id='word_1_225' title='bbox 1432 4226 1593 4322; x_wconf 82' lang='lat' dir='ltr'><strong>praeiacit</strong></span> 
     </span>
     <span class='ocr_line' id='line_1_29' title="bbox 421 4344 1592 4442; baseline -0.005 -18"><span class='ocrx_word' id='word_1_226' title='bbox 421 4346 595 4424; x_wconf 81' lang='lat' dir='ltr'><strong>comitam</strong></span> <span class='ocrx_word' id='word_1_227' title='bbox 621 4345 875 4442; x_wconf 78' lang='lat' dir='ltr'><strong>Calvagnum3</strong></span> <span class='ocrx_word' id='word_1_228' title='bbox 906 4344 1106 4422; x_wconf 82' lang='lat' dir='ltr'><strong>secundam</strong></span> <span class='ocrx_word' id='word_1_229' title='bbox 1142 4365 1190 4420; x_wconf 84' lang='lat' dir='ltr'><strong>ox</strong></span> <span class='ocrx_word' id='word_1_230' title='bbox 1225 4344 1435 4440; x_wconf 72' lang='lat' dir='ltr'><strong>mmbardis</strong></span> <span class='ocrx_word' id='word_1_231' title='bbox 1470 4345 1592 4440; x_wconf 84' lang='lat' dir='ltr'><strong>tuscis,</strong></span> 
     </span>
     <span class='ocr_line' id='line_1_30' title="bbox 420 4463 1593 4561; baseline -0.003 -17"><span class='ocrx_word' id='word_1_232' title='bbox 420 4475 459 4544; x_wconf 87' lang='lat' dir='ltr'><strong>ot</strong></span> <span class='ocrx_word' id='word_1_233' title='bbox 491 4467 571 4544; x_wconf 85' lang='lat' dir='ltr'><strong>aliis</strong></span> <span class='ocrx_word' id='word_1_234' title='bbox 606 4465 825 4544; x_wconf 78' lang='lat' dir='ltr'><strong>theutonicis</strong></span> <span class='ocrx_word' id='word_1_235' title='bbox 860 4465 1021 4561; x_wconf 81' lang='lat' dir='ltr'><strong>mixtim,</strong></span> <span class='ocrx_word' id='word_1_236' title='bbox 1055 4487 1168 4561; x_wconf 84' lang='lat' dir='ltr'><strong>quam</strong></span> <span class='ocrx_word' id='word_1_237' title='bbox 1206 4463 1352 4542; x_wconf 88' lang='lat' dir='ltr'><strong>tradidit</strong></span> <span class='ocrx_word' id='word_1_238' title='bbox 1386 4465 1593 4542; x_wconf 85' lang='lat' dir='ltr'><strong>duooodam</strong></span> 
     </span>
     <span class='ocr_line' id='line_1_31' title="bbox 420 4577 1593 4684; baseline -0.003 -20"><span class='ocrx_word' id='word_1_239' title='bbox 420 4587 545 4664; x_wconf 89' lang='lat' dir='ltr'><strong>oomiti</strong></span> <span class='ocrx_word' id='word_1_240' title='bbox 574 4587 745 4681; x_wconf 79' lang='lat' dir='ltr'><strong>lordono,</strong></span> <span class='ocrx_word' id='word_1_241' title='bbox 775 4577 908 4681; x_wconf 66' lang='lat' dir='ltr'><strong>quiid)</strong></span> <span class='ocrx_word' id='word_1_242' title='bbox 939 4593 1021 4662; x_wconf 85' lang='lat' dir='ltr'><strong>arat</strong></span> <span class='ocrx_word' id='word_1_243' title='bbox 1048 4585 1116 4662; x_wconf 86' lang='lat' dir='ltr'><strong>sibi</strong></span> <span class='ocrx_word' id='word_1_244' title='bbox 1142 4588 1295 4684; x_wconf 84' lang='lat' dir='ltr'><strong>junctus</strong></span> <span class='ocrx_word' id='word_1_245' title='bbox 1326 4585 1515 4680; x_wconf 80' lang='lat' dir='ltr'><strong>affinitate,</strong></span> <span class='ocrx_word' id='word_1_246' title='bbox 1554 4591 1593 4660; x_wconf 83' lang='lat' dir='ltr'><strong>at</strong></span> 
     </span>
     <span class='ocr_line' id='line_1_32' title="bbox 421 4696 1593 4803; baseline 0 -21"><span class='ocrx_word' id='word_1_247' title='bbox 421 4707 590 4784; x_wconf 85' lang='lat' dir='ltr'><strong>tidoiitata</strong></span> <span class='ocrx_word' id='word_1_248' title='bbox 615 4707 868 4802; x_wconf 76' lang='lat' dir='ltr'><strong>iunctissimus</strong></span> <span class='ocrx_word' id='word_1_249' title='bbox 882 4696 945 4802; x_wconf 52' lang='grc' dir='ltr'><strong>(ἧς</strong></span> <span class='ocrx_word' id='word_1_250' title='bbox 983 4707 1092 4784; x_wconf 81' lang='lat' dir='ltr'><strong>tortia</strong></span> <span class='ocrx_word' id='word_1_251' title='bbox 1129 4706 1199 4782; x_wconf 80' lang='lat' dir='ltr'><strong>tuit</strong></span> <span class='ocrx_word' id='word_1_252' title='bbox 1233 4728 1280 4784; x_wconf 85' lang='lat' dir='ltr'><strong>ax</strong></span> <span class='ocrx_word' id='word_1_253' title='bbox 1311 4706 1428 4803; x_wconf 87' lang='lat' dir='ltr'><strong>opulis</strong></span> <span class='ocrx_word' id='word_1_254' title='bbox 1457 4713 1495 4782; x_wconf 83' lang='lat' dir='ltr'><strong>nt</strong></span> <span class='ocrx_word' id='word_1_255' title='bbox 1531 4727 1593 4782; x_wconf 91' lang='lat' dir='ltr'><strong>su·</strong></span> 
     </span>
     <span class='ocr_line' id='line_1_33' title="bbox 482 4923 1354 4990; baseline 0 -14"><span class='ocrx_word' id='word_1_256' title='bbox 482 4928 509 4988; x_wconf 78' lang='lat'><strong>(¹)</strong></span> <span class='ocrx_word' id='word_1_257' title='bbox 524 4926 550 4976; x_wconf 85' lang='lat' dir='ltr'><strong>S.</strong></span> <span class='ocrx_word' id='word_1_258' title='bbox 567 4926 751 4986; x_wconf 75' lang='lat' dir='ltr'><strong>Beneventum,</strong></span> <span class='ocrx_word' id='word_1_259' title='bbox 768 4927 812 4977; x_wconf 84' lang='lat' dir='ltr'><strong>ubi</strong></span> <span class='ocrx_word' id='word_1_260' title='bbox 829 4930 938 4990; x_wconf 80' lang='lat' dir='ltr'><strong>poterat.</strong></span> <span class='ocrx_word' id='word_1_261' title='bbox 1132 4923 1159 4986; x_wconf 51' lang='grc' dir='ltr'><strong>(ἢ</strong></span> <span class='ocrx_word' id='word_1_262' title='bbox 1176 4925 1206 4975; x_wconf 77' lang='lat' dir='ltr'><strong>E.</strong></span> <span class='ocrx_word' id='word_1_263' title='bbox 1223 4925 1354 4988; x_wconf 74' lang='lat' dir='ltr'><strong>partitum.</strong></span> 
     </span>
    </p>
   </div>
   <div class='ocr_carea' id='block_1_3' title="bbox 482 4999 1441 5142">
    <p class='ocr_par' dir='ltr' id='par_1_3' title="bbox 482 4999 1441 5142">
     <span class='ocr_line' id='line_1_34' title="bbox 482 4999 1410 5064; baseline -0.002 -12"><span class='ocrx_word' id='word_1_264' title='bbox 482 5000 509 5064; x_wconf 65' lang='grc' dir='ltr'><strong>Γ)</strong></span> <span class='ocrx_word' id='word_1_265' title='bbox 525 5006 580 5058; x_wconf 74' lang='lat' dir='ltr'><strong>m.</strong></span> <span class='ocrx_word' id='word_1_266' title='bbox 595 5001 685 5053; x_wconf 65' lang='lat' dir='ltr'><strong>wien&amp;</strong></span> <span class='ocrx_word' id='word_1_267' title='bbox 1130 5000 1157 5063; x_wconf 63' lang='grc' dir='ltr'><strong>Ρ)</strong></span> <span class='ocrx_word' id='word_1_268' title='bbox 1174 5005 1228 5060; x_wconf 70' lang='grc'><strong>116,</strong></span> <span class='ocrx_word' id='word_1_269' title='bbox 1245 4999 1410 5050; x_wconf 60' lang='lat' dir='ltr'><strong>ultimi.</strong></span> 
     </span>
     <span class='ocr_line' id='line_1_35' title="bbox 482 5074 1441 5142; baseline -0.013 -2"><span class='ocrx_word' id='word_1_270' title='bbox 482 5077 509 5140; x_wconf 82' lang='lat' dir='ltr'><strong>i&#39;i</strong></span> <span class='ocrx_word' id='word_1_271' title='bbox 525 5080 579 5140; x_wconf 74' lang='lat'>¹¹⁸·</span> <span class='ocrx_word' id='word_1_272' title='bbox 595 5078 640 5142; x_wconf 72' lang='lat' dir='ltr'><strong>uui</strong></span> <span class='ocrx_word' id='word_1_273' title='bbox 654 5083 721 5130; x_wconf 73' lang='lat' dir='ltr'><strong>erat·</strong></span> <span class='ocrx_word' id='word_1_274' title='bbox 1127 5075 1155 5138; x_wconf 67' lang='grc' dir='ltr'><strong>Γ)</strong></span> <span class='ocrx_word' id='word_1_275' title='bbox 1172 5078 1226 5138; x_wconf 80' lang='lat' dir='ltr'><strong>tto,</strong></span> <span class='ocrx_word' id='word_1_276' title='bbox 1242 5074 1441 5128; x_wconf 71' lang='lat' dir='ltr'><strong>munimus.</strong></span> 
     </span>
    </p>
   </div>
   <div class='ocr_carea' id='block_1_4' title="bbox 0 0 2294 6836">
    <p class='ocr_par' dir='ltr' id='par_1_4' title="bbox 0 0 2294 6836">
     <span class='ocr_line' id='line_1_36' title="bbox 0 0 2294 6836; baseline 0 0"><span class='ocrx_word' id='word_1_277' title='bbox 0 0 2294 6836; x_wconf 95' lang='lat' dir='ltr'><strong> </strong></span> 
     </span>
    </p>
   </div>
  </div>
 </body>
</html>
