4526 6836
728 908 773 979 18
1124 921 1330 982 commtvunr
1354 921 1504 980 ruamur

724 1066 812 1140 olda.
838 1065 943 1142 Nunc
966 1070 1078 1144 autor
1101 1064 1258 1142 ostendit
1282 1064 1468 1160 quomodo
1492 1064 1580 1144 dnm
1608 1069 1747 1141 starent
1769 1063 1896 1147 intenti

724 1185 770 1260 ad
797 1183 1063 1280 respiciendum
1089 1185 1176 1260 istos
1201 1185 1372 1282 Virgilius
1401 1179 1649 1278 ostenderim)
1677 1185 1744 1260 sibi
1770 1185 1897 1284 singu-

724 1306 839 1384 larem
866 1305 988 1380 virum
1016 1305 1194 1382 illustrem
1216 1305 1536 1399 antiquumvalde
1557 1311 1723 1380 notatum
1745 1305 1894 1382 infamia
2040 1391 2042 1396 ¹

723 1425 943 1521 deceptionis
958 1426 1175 1519 mulierum,
1188 1433 1226 1500 et
1243 1425 1310 1500 iste
1326 1431 1408 1502 erat
1424 1425 1543 1500 lason.
1562 1425 1654 1500 Dicit
1670 1446 1761 1522 ergo
1774 1425 1894 1522 primo

722 1547 916 1624 ostendens
940 1547 1126 1641 quomodo
1151 1547 1312 1620 stabant:
1336 1567 1416 1640 nos,
1433 1545 1604 1642 Virgilius
1621 1554 1658 1622 et
1681 1568 1764 1644 ego,
1780 1569 1895 1640 pour-

723 1669 853 1746 donam
877 1671 942 1746 dol
965 1670 1099 1744 monitio
1124 1674 1243 1760 ponte,
1274 1666 1411 1742 scilicet
1441 1673 1578 1742 stantes
1603 1666 1640 1742 in
1671 1667 1741 1743 isto
1771 1678 1893 1766 ponte,
1958 1669 1959 1674 ‘

722 1790 786 1884 qui
812 1796 867 1866 est
887 1789 1046 1868 veterior
1066 1809 1179 1884 quam
1196 1809 1287 1884 pons
1303 1795 1410 1864 vetus
1425 1787 1514 1863 Arni
1530 1787 1577 1864 de
1593 1787 1788 1884 Florentia,
1806 1790 1892 1884 quia

721 1911 857 1990 scilicet
872 1919 928 1986 est
942 1918 1122 2004 aeternus,
1145 1909 1429 2005 respiciebamus
1449 1912 1486 1986 io
1505 1912 1651 2002 τναωία,
1674 1909 1767 1988 idest
1786 1911 1892 1993 istattt

721 2051 855 2107 novam
882 2030 1029 2106 turbam
1055 2032 1115 2106 clu
1139 2031 1241 2104 venia
1266 2049 1368 2103 verso
1387 2032 1493 2121 noi,e
1516 2031 1588 2122 cive,
1613 2029 1704 2106 idest
1724 2037 1762 2106 et
1779 2053 1892 2126 quam

720 2151 905 2248 tracciam,
932 2154 969 2224 tc
990 2153 1118 2244 serub,
1143 2149 1234 2224 idest
1255 2148 1371 2246 virga,
1392 2152 1593 2227 similmente
1608 2153 1765 2244 sedecim
1785 2151 1891 2246 quasi

718 2271 824 2366 dicat,
851 2271 915 2367 qui
939 2271 1105 2348 similiter
1129 2270 1314 2346 habebant
1329 2271 1375 2346 de
1391 2270 1568 2347 baculatis
1588 2270 1692 2353 sicuti
1709 2271 1827 2368 primi.
1847 2273 1891 2355 Et

717 2393 806 2470 dum
832 2391 884 2468 sic
909 2392 1199 2488 respiceremus:
1234 2394 1268 2464 el
1290 2393 1360 2472 mro
1385 2398 1538 2466 moestro
1568 2393 1660 2470 disse
1682 2412 1792 2471 senza
1817 2395 1889 2469 mia

716 2515 900 2605 dmondo,
925 2512 1011 2607 quia
1038 2511 1215 2608 prevenit
1240 2531 1301 2586 me
1326 2511 1362 2586 in
1386 2511 1540 2587 materia
1566 2511 1752 2588 notissima
1768 2503 1817 2606 (²).
1842 2513 1887 2591 Et

717 2633 775 2712 hic
800 2638 887 2710 uota
912 2653 1024 2728 quam
1050 2631 1240 2726 subtiliter,
1267 2653 1379 2727 quam
1408 2632 1600 2729 magnifice
1615 2638 1726 2708 autor
1749 2633 1886 2710 descri-

716 2744 819 2846 bit(³)
847 2740 1017 2845 viruml⁴l
1043 2751 1339 2848 illustrissimum,
1363 2752 1483 2848 primo
1500 2774 1522 2828 a
1539 2752 1783 2848 pulcritudine
1802 2774 1887 2829 cor-

716 2873 825 2968 poris,
843 2873 982 2952 dicens:
1006 2875 1151 2964 puertia
1167 2874 1246 2965 prot
1266 2875 1406 2963 pronde
1425 2874 1485 2947 cte
1505 2875 1622 2966 ciem
1642 2873 1751 2948 lason
1772 2873 1885 2968 siqui-

716 2992 800 3069 dem
822 2992 891 3071 luit
906 3013 1063 3089 magnus
1080 3012 1247 3087 corpore,
1260 2992 1324 3066 sed
1342 2993 1459 3068 maior
1475 2991 1617 3087 anim03
1634 3014 1657 3068 a
1674 2993 1885 3074 fortitudine

714 3113 839 3208 animi,
865 3134 952 3194 cum
977 3113 1081 3188 dicit:
1108 3134 1127 3187 c
1150 3133 1223 3186 oon
1242 3133 1317 3205 por
1342 3114 1490 3204 lapmntc
1513 3114 1653 3206 sponda
1671 3135 1741 3206 per
1765 3116 1884 3206 ἀοῖον,

714 3233 818 3327 quasi
842 3233 956 3311 dicat:
981 3253 1071 3308 vere
1091 3232 1203 3307 virilis
1220 3239 1287 3326 est,
1304 3231 1390 3328 quia
1413 3231 1492 3308 viro
1518 3232 1601 3308 lorti
1619 3253 1692 3308 non
1712 3233 1881 3310 convenit

713 3353 896 3431 lacrimari
922 3373 1028 3429 more
1052 3353 1270 3448 mulierum3
1295 3373 1319 3426 a
1343 3352 1529 3428 nobilitate
1545 3353 1702 3450 generis,
1720 3374 1806 3428 cum
1825 3353 1886 3427 di-

711 3473 775 3549 cit:
801 3480 931 3565 poento
956 3479 1088 3566 ospello
1111 3476 1192 3548 reat
1214 3494 1326 3548 oncor
1342 3476 1471 3548 norw!
1491 3473 1574 3547 luit
1593 3473 1691 3548 enim
1711 3474 1821 3550 Jason
1839 3472 1885 3548 de

711 3594 823 3688 stirpe
848 3593 975 3690 regali,
988 3593 1083 3668 lilius
1108 3593 1206 3690 regis
1230 3600 1268 3668 et
1292 3614 1405 3690 nepos
1423 3593 1536 3690 regim
1553 3600 1591 3668 ct
1606 3615 1802 3690 oppressus
1818 3593 1885 3668 ad-

710 3715 825 3792 versis
850 3722 887 3790 et
911 3715 1085 3812 spoliatus
1118 3735 1246 3811 regno,
1272 3716 1389 3792 lactus
1420 3721 1476 3790 est
1505 3715 1665 3810 probior,
1692 3720 1734 3789 ut
1759 3721 1883 3813 postea

709 3835 854 3930 dicam;
890 3856 913 3910 a
951 3835 1099 3912 nomine
1123 3835 1284 3931 proprio,
1314 3856 1400 3910 cum
1429 3833 1538 3910 dicit:
1564 3830 1657 3909 etde
1688 3839 1825 3928 locoru
1859 3855 1881 3910 a

709 3954 902 4051 prudentia
928 3963 965 4036 ct
989 3955 1152 4049 audacia,
1179 3976 1266 4030 cum
1291 3955 1400 4030 dicit:
1422 3958 1481 4030 cte
1502 3960 1594 4049 sore,
1618 3953 1710 4033 idest
1733 3954 1830 4048 lecit,
1854 3958 1880 4028 ti

709 4078 828 4167 coum,
856 4075 946 4152 idest
974 4077 1127 4172 populos
1156 4077 1370 4152 colchorum
1397 4076 1435 4150 in
1460 4075 1730 4172 septemtrione.
1756 4075 1878 4152 Colchi

709 4196 807 4272 enim
832 4196 983 4274 luerunt
1007 4197 1044 4272 iu
1069 4203 1237 4273 extremo
1262 4197 1379 4292 Ponti,
1405 4196 1497 4272 idest
1521 4195 1671 4292 majoris
1696 4195 1819 4291 maris,
1840 4195 1877 4270 in

709 4323 820 4411 terra,
843 4339 915 4391 non
928 4309 965 4408 (⁶)
984 4316 1114 4410 insula,
1133 4323 1175 4390 ut
1191 4316 1340 4411 quidam
1358 4316 1448 4390 falso
1466 4315 1607 4411 dicunt,
1628 4336 1713 4390 uam
1731 4315 1768 4391 in
1786 4316 1879 4393 mari

708 4437 839 4531 majori
863 4436 962 4514 nulla
988 4443 1043 4512 est
1067 4436 1197 4531 insula,
1223 4443 1260 4510 et
1285 4437 1395 4512 lason
1427 4435 1594 4514 transivit
1618 4456 1685 4533 per
1709 4437 1878 4514 strictum

707 4555 820 4632 maris
845 4556 941 4631 inter
966 4555 1112 4637 Troiam
1138 4564 1175 4632 et
1199 4555 1379 4633 Graeciam
1406 4556 1443 4632 in
1468 4556 1589 4654 ipsum
1617 4577 1720 4634 mare
1745 4557 1876 4651 maius,

705 4677 805 4770 quod
832 4682 949 4752 totum
977 4675 1203 4754 transcurrit
1237 4677 1322 4751 ldeo
1353 4676 1460 4752 dicit:
1491 4678 1590 4773 quod
1622 4677 1707 4753 lecit
1732 4678 1879 4754 colchos

700 4802 836 4892 privati
868 4801 926 4872 del
953 4805 1127 4889 montone,
1157 4797 1249 4873 idest
1278 4817 1395 4874 aureo
1428 4799 1575 4892 vellere,
1602 4797 1648 4874 de
1677 4819 1751 4892 quo
1776 4797 1877 4873 dice-

767 4985 796 5052 (¹)
812 4990 867 5048 tlt,
883 4987 1003 5041 ostendit.
1174 4985 1202 5050 ζ’)
1218 4985 1249 5038 lt.
1266 4986 1413 5038 ncrlmima.
1585 4984 1612 5052 (¹)
1629 4985 1659 5038 E.
1676 4985 1812 5042 descmbnt.

767 5061 794 5128 (¹)
811 5066 865 5124 tlt,
882 5065 967 5114 virum
983 5067 1070 5123 isium.
1176 5063 1203 5126 (¹)
1221 5066 1275 5124 tlt,
1292 5077 1344 5115 non
1360 5065 1388 5115 ln
1403 5061 1496 5116 immin.
