4550 6844
704 943 777 1011 ΗΑ
1098 953 1303 1011 comm
1326 953 1480 1010 numm

703 1108 791 1176 tuna
818 1098 903 1176 lecit
928 1117 990 1174 me
1014 1099 1205 1195 misemm,
1223 1106 1325 1176 certe
1342 1119 1416 1176 non
1439 1097 1546 1174 faciet
1569 1117 1633 1174 me
1657 1095 1875 1174 mendacem

701 1226 740 1294 et
762 1237 904 1293 vanum
929 1217 1006 1312 ipsa
1030 1237 1156 1312 prava.
1183 1217 1313 1295 Nescio
1345 1219 1376 1292 si
1407 1217 1540 1294 audisti
1572 1216 1710 1312 aliquid
1740 1216 1787 1294 de
1810 1238 1879 1292 no-

703 1338 802 1413 mine
835 1343 873 1412 et
909 1335 1069 1433 gloriosa
1103 1336 1202 1412 lama
1236 1336 1455 1431 Palamedis,
1494 1355 1608 1430 quem
1645 1335 1878 1414 innocentem

700 1455 812 1553 graeci
837 1460 1065 1530 necaverunt
1081 1455 1152 1528 sub
1168 1457 1318 1532 nomine
1338 1456 1437 1532 talsae
1455 1455 1680 1551 proditionis,
1702 1456 1790 1550 quia
1810 1477 1878 1532 ve-

685 1574 803 1649 'tabat
827 1573 923 1648 bella
949 1573 1029 1651 lieri
1053 1581 1183 1650 contra
1209 1574 1386 1670 troianos3
1412 1595 1512 1651 nunc
1537 1575 1729 1670 deplorant
1756 1575 1877 1671 ipsum

703 1700 896 1768 mortuum
922 1701 960 1769 et
985 1693 1170 1789 privatum
1194 1695 1281 1770 vita.
1315 1695 1393 1793 Ego
1424 1694 1477 1769 lui
1506 1694 1628 1770 socius
1658 1701 1697 1770 et
1720 1714 1878 1772 consan-

701 1814 860 1912 guineus
884 1814 964 1890 eins
990 1813 1121 1888 missus
1149 1813 1197 1888 ad
1225 1834 1315 1890 eum
1346 1837 1368 1890 a
1401 1834 1566 1912 paupere
1594 1821 1700 1910 patre
1732 1833 1819 1890 meo
1852 1836 1876 1892 a

700 1934 870 2029 pueritia,
897 1940 934 2008 et
959 1953 1030 2031 ego
1055 1933 1167 2008 etiam
1192 1933 1306 2008 habui
1322 1934 1460 2029 aliquid
1477 1933 1634 2010 nominis
1654 1939 1692 2010 et
1707 1935 1876 2030 honoris3

701 2053 765 2128 sed
785 2059 937 2128 mortno
953 2053 1149 2128 Palamede
1164 2053 1321 2128 afflictus
1338 2054 1520 2130 ducebam
1540 2054 1654 2129 vitam
1671 2053 1709 2128 in
1725 2053 1874 2149 planctu

700 2179 738 2248 ot
754 2173 891 2262 dolore,
905 2191 1139 2267 conquerens
1154 2171 1201 2248 de
1217 2171 1365 2270 indigna
1386 2179 1506 2250 morte
1522 2172 1725 2250 innocentis
1743 2173 1874 2250 amici:

701 2291 765 2366 sed
789 2296 982 2386 tamquam
1006 2291 1139 2365 stultus
1156 2297 1281 2366 tacere
1300 2312 1374 2367 non
1391 2292 1504 2388 potui,
1526 2293 1601 2368 imo
1625 2292 1794 2368 minahar
1811 2311 1875 2368 me

701 2411 886 2486 iacturum
908 2409 1105 2485 vindictam
1121 2410 1151 2484 si
1169 2431 1335 2506 unquam
1356 2413 1533 2489 haberem
1554 2413 1739 2489 iortunam
1758 2418 1796 2488 et
1812 2431 1875 2488 re·

702 2531 820 2606 direm
837 2530 955 2605 victor
966 2528 1157 2627 addrgos3
1172 2538 1210 2606 et
1225 2530 1277 2606 sic
1294 2531 1387 2607 meis
1398 2533 1522 2608 verbis
1534 2532 1732 2628 procurari
1747 2531 1874 2608 odium

703 2655 832 2726 contra
857 2669 930 2744 me,
956 2655 993 2725 et
1023 2669 1072 2725 ex
1103 2651 1173 2726 hoc
1205 2651 1338 2748 Ulyxes
1367 2652 1432 2747 qui
1465 2652 1587 2728 luerat
1618 2651 1875 2728 lmndulentus

701 2778 812 2845 autor
838 2770 966 2845 mortis
990 2771 1194 2846 Palamedis
1218 2771 1287 2845 luit
1310 2791 1458 2866 semper
1475 2773 1563 2846 mihi
1584 2772 1748 2867 iniectus,
1764 2783 1803 2850 et
1818 2772 1876 2848 in·

701 2890 873 2966 veniebat
898 2909 993 2964 nova
1012 2889 1166 2964 crimina
1182 2897 1311 2966 contra
1328 2911 1400 2966 me.
1418 2890 1489 2966 Sed
1506 2910 1578 2988 ego
1593 2891 1642 2966 ad
1658 2891 1745 2985 quid
1765 2891 1874 2986 plura

700 3011 834 3105 loquor
848 3004 884 3102 (¹)
918 3009 1070 3086 minime
1097 3009 1202 3086 robis
1229 3015 1361 3107 grata?
1391 3009 1427 3086 Si
1461 3030 1528 3086 ros
1561 3009 1701 3086 habetis
1734 3011 1874 3105 pariter

700 3149 830 3205 omnes
853 3149 995 3226 graeoos
1019 3129 1114 3225 odio,
1135 3131 1215 3226 jam
1241 3131 1376 3206 sumite
1400 3151 1528 3226 pmnas
1552 3130 1599 3206 de
1623 3150 1698 3224 me,
1724 3129 1775 3204 ita
1791 3131 1873 3204 vult

700 3251 852 3346 illyres3
871 3260 909 3327 et
924 3250 1179 3346 Agamemnon
1196 3255 1234 3324 et
1249 3251 1435 3326 llenelaus
1455 3241 1670 3343 emerent(¹)
1689 3251 1760 3324 hoc
1776 3269 1873 3345 prm·

700 3369 752 3444 tio
777 3389 924 3467 magno.
943 3371 1045 3445 Tunc
1070 3370 1202 3445 troiani
1228 3369 1312 3444 lacti
1337 3369 1445 3465 avidi,
1467 3369 1678 3467 ignorantes
1702 3369 1870 3446 fraudem

700 3495 739 3564 et
766 3496 885 3565 artem
919 3509 1092 3584 graecam,
1126 3496 1319 3584 coeperunt
1351 3490 1550 3584 exquirere
1583 3509 1724 3565 causas.
1760 3489 1873 3566 Sinon

700 3607 805 3702 quasi
830 3608 1013 3704 trepidans
1038 3607 1146 3703 ooepit
1171 3607 1255 3684 ficte
1279 3609 1380 3703 loqui
1405 3608 1474 3684 sub
1500 3607 1563 3684 tali
1588 3609 1708 3684 iorma
1721 3601 1759 3702 (³)
1786 3629 1873 3686 ver·

699 3727 852 3802 borum:
877 3726 989 3823 graeci
1006 3747 1103 3822 saepe
1119 3725 1258 3801 toediati
1273 3714 1309 3818 (ὗ)
1327 3732 1366 3801 et
1385 3727 1523 3824 fatigati
1544 3726 1770 3825 longitudine
1786 3729 1871 3805 belli

700 3846 900 3922 voluerunt
924 3843 1098 3920 recedere
1117 3845 1264 3922 dimissa
1283 3845 1471 3922 obsidione
1486 3847 1616 3942 Troiae‚
1634 3853 1670 3922 et
1687 3866 1710 3922 o
1727 3848 1870 3924 utinam

700 3966 888 4041 iecissent!
914 3965 979 4040 sed
997 3985 1128 4061 aspera
1145 3971 1342 4062 tempesias
1368 3965 1481 4041 maris
1505 3987 1603 4063 saepe
1618 3965 1774 4042 detinuit
1793 3987 1870 4062 eos,

699 4085 885 4183 potissime
909 4091 1102 4182 postquam
1129 4087 1188 4163 hic
1211 4107 1331 4182 equus
1355 4087 1473 4162 iactus
1501 4093 1566 4162 est.
1598 4087 1717 4162 Greci
1746 4088 1873 4184 itaque

699 4205 799 4280 dubii
820 4205 1000 4281 miserunt
1016 4205 1234 4302 Eurypilum
1251 4225 1436 4303 augurem
1454 4226 1633 4302 magnum
1658 4205 1706 4281 ad
1720 4198 1758 4299 (⁵)
1784 4227 1871 4282 ora-

700 4326 826 4401 culum
840 4325 1013 4420 Apollinis
1029 4325 1076 4400 ad
1093 4325 1282 4400 sciendum
1295 4325 1384 4420 quid
1400 4331 1496 4400 esset
1512 4325 1716 4422 agendum3
1733 4325 1794 4400 ille
1811 4345 1871 4400 ro-

698 4444 856 4542 portavit
879 4445 954 4518 tale
977 4462 1219 4538 responsum:
1245 4463 1269 4518 o
1292 4444 1417 4540 graeci,
1447 4464 1514 4520 vos
1543 4442 1712 4540 placastis
1741 4449 1872 4518 ventes

699 4565 889 4640 immolate
905 4561 1059 4658 virgine,
1075 4561 1224 4655 quando
1239 4563 1360 4658 primo
1376 4563 1525 4639 venistis
1540 4563 1588 4638 ad
1606 4566 1729 4658 partes
1742 4561 1870 4659 Troia),

701 4691 738 4758 et
762 4683 811 4758 ita
836 4701 904 4777 per
928 4680 1145 4776 sanguinem
1170 4688 1315 4777 oportet
1338 4701 1406 4757 vos
1430 4701 1600 4776 quaerere
1619 4680 1870 4757 reversionem

762 4901 790 4962 l')
806 4903 861 4959 ¹¹⁶·
877 4897 979 4962 lodw·
1182 4899 1210 4962 (¹)
1225 4899 1256 4950 Ε.
1273 4905 1391 4952 emerent
1405 4899 1476 4952 enim
1493 4901 1551 4952 hoc.

763 4975 790 5040 θ)
807 4977 837 5028 lt.
854 4976 976 5040 tegmine.
1180 4976 1256 5039 (⁸213.
1272 4978 1411 5030 extodlrtl.

763 5053 790 5116 ε’)
807 5057 862 5114 lit,
879 5067 940 5104 cnm
955 5065 1051 5118 magno
1065 5053 1181 5107 clamore
1196 5055 1228 5106 ad
1244 5055 1391 5106 omnnium.
