4606 6840
700 975 771 1040 276
1095 985 1298 1042 GOMENTUM
1322 985 1471 1040 lNFlthl

696 1129 886 1225 antiquus;
922 1131 999 1206 sive
1031 1132 1150 1206 stabat
1180 1126 1314 1224 indel¹l
1341 1139 1501 1206 attentus
1535 1133 1580 1206 ad
1606 1132 1865 1227 inspectionem

698 1250 837 1346 ignium
853 1241 889 1342 (²)
923 1251 960 1324 in
990 1250 1153 1348 generali
1186 1251 1271 1344 quia
1299 1252 1504 1327 mirabatur
1529 1253 1615 1346 quid
1641 1252 1706 1328 sibi
1733 1253 1868 1326 vellent

698 1371 754 1444 isti
781 1371 893 1467 ignes,
912 1378 949 1445 et
975 1372 1166 1468 ignorabat
1192 1373 1279 1466 quid
1306 1375 1434 1450 lateret
1451 1375 1488 1447 in
1508 1374 1571 1448 eis.
1594 1375 1638 1450 Et
1657 1372 1869 1448 hoc-decla-

698 1497 755 1564 rat
780 1491 884 1565 litera
918 1511 1075 1584 sequens
1102 1513 1185 1584 quae
1210 1492 1317 1566 dicit:
1344 1497 1377 1565 el
1400 1497 1490 1566 duco
1515 1497 1574 1568 cle
1600 1497 1647 1567 mi
1672 1497 1749 1567 uide
1774 1499 1870 1566 tanto

698 1619 819 1703 adeso,
850 1613 952 1706 idest,
983 1623 1059 1689 tam
1091 1619 1285 1708 attentum,
1311 1617 1419 1688 dese.-
1446 1619 1471 1688 lt
1502 1618 1615 1708 spiriti
1646 1637 1712 1688 son
1746 1617 1871 1689 derttro

699 1735 757 1806 do'
767 1735 895 1827 (nocht,
909 1733 1013 1827 quasi
1031 1732 1146 1808 dicat:
1164 1732 1296 1808 animae
1318 1735 1511 1810 rationales
1524 1725 1559 1827 (³)
1575 1737 1766 1810 hominnm
1784 1741 1870 1808 sunt

700 1853 848 1926 inclusae
881 1852 919 1926 in
950 1853 1105 1948 ignibus
1132 1855 1190 1928 vel
1216 1853 1346 1950 singuli
1371 1855 1474 1950 ignes
1499 1855 1686 1931 continent
1711 1856 1807 1929 intra
1830 1873 1871 1927 se

700 1975 860 2069 singulas
886 1972 1040 2066 animas3
1069 1975 1166 2048 unde
1189 1974 1298 2048 dicit:
1325 1979 1476 2068 nasoon,
1502 1976 1636 2051 scilicet
1661 1975 1818 2071 spiritus,
1835 1997 1872 2048 sc

696 2096 824 2188 sossio,
848 2093 951 2187 idest,
978 2093 1115 2189 tegitur
1139 2100 1177 2168 et
1201 2096 1356 2188 velatur,
1382 2099 1420 2168 di
1443 2099 1523 2188 quel
1544 2099 1659 2170 clt’etli
1676 2093 1715 2170 cd
1741 2100 1870 2185 iocoso,

701 2216 736 2288 in
762 2235 807 2289 eo
832 2215 917 2310 igne
946 2234 1021 2307 quo
1046 2214 1250 2288 incenditur
1276 2225 1314 2292 et
1337 2222 1536 2291 crematur.
1551 2221 1777 2289 -Maestro
1806 2215 1870 2289 llic

698 2341 808 2411 autor
830 2355 903 2408 non
919 2341 1112 2409 contentus
1129 2334 1291 2430 generali
1312 2334 1599 2410 manifestatione
1617 2335 1764 2432 Virgilii,
1783 2335 1871 2430 petit

697 2456 887 2530 certiorari
898 2443 934 2547 (ὗ)
961 2455 999 2529 in
1023 2455 1169 2550 speciali
1193 2455 1240 2530 de
1260 2476 1337 2529 uno
1355 2456 1440 2551 igne
1460 2457 1701 2532 eminentiore
1718 2457 1870 2549 ceteris

698 2576 763 2670 qui
786 2575 934 2671 gemino
960 2595 1076 2649 cornu
1105 2573 1275 2649 tendebat
1299 2575 1336 2648 in
1361 2577 1498 2670 altum;
1517 2597 1627 2670 quem
1657 2577 1777 2670 ignem
1804 2595 1872 2648 an-

699 2697 843 2789 tiquum
869 2701 979 2770 alitor
1004 2695 1159 2790 explicat
1176 2687 1213 2787 (⁵)
1238 2716 1304 2790 per
1320 2696 1432 2770 altam
1449 2695 1761 2791 comparationem
1779 2697 1869 2769 alte-

701 2817 776 2890 rius
801 2815 892 2911 ignis
918 2815 1130 2909 antiquioris
1156 2836 1302 2890 summe
1329 2817 1587 2890 memorabilis.
1614 2816 1666 2889 hd
1684 2815 1790 2890 cuius
1807 2835 1871 2889 oo-

699 2937 896 3032 gnitionem
923 2941 1067 3030 oportet
1092 2935 1254 3010 breviter
1278 2937 1494 3032 succingere
1507 2927 1544 3028 (⁶)
1563 2937 1713 3032 longum
1734 2937 1869 3028 thema,

699 3057 797 3150 quod
829 3055 993 3130 diffusius
1025 3062 1062 3131 et
1094 3055 1264 3151 proprius
1296 3056 1506 3130 narrabitur
1536 3056 1741 3151 Purgatorii
1771 3055 1870 3150 capi-

701 3179 826 3251 tulo...
853 3179 914 3250 Est
939 3197 1029 3272 ergo
1054 3176 1242 3251 sciendum
1270 3178 1380 3271 quod,
1407 3177 1500 3253 sicut
1525 3176 1648 3252 scribit
1672 3175 1807 3248 Statius
1832 3175 1869 3248 in

699 3318 767 3372 suo
784 3298 995 3391 Thebaidos,
1017 3305 1055 3371 et
1080 3298 1218 3372 Seneca
1244 3297 1281 3372 in
1307 3297 1382 3370 suis
1408 3295 1604 3393 tragoediis,
1636 3296 1800 3370 Eteocles
1833 3303 1870 3369 et

699 3419 886 3514 Polynices
911 3419 1062 3495 luerunt
1086 3419 1217 3492 fratres
1238 3425 1275 3492 et
1299 3417 1360 3491 lilii
1386 3417 1511 3512 OEdipi
1539 3416 1635 3513 regis
1660 3417 1868 3491 Thebarum

699 3539 762 3631 qui
793 3545 974 3634 genuerat
999 3559 1062 3612 eos
1087 3559 1134 3613 ex
1160 3538 1303 3613 Iocasta
1330 3545 1552 3631 matresua,
1579 3559 1693 3631 quam
1719 3558 1786 3633 per
1811 3558 1871 3612 er-

700 3677 823 3732 rorem
862 3658 1018 3732 duxerat
1043 3658 1079 3730 in
1106 3679 1276 3752 uxorem,
1301 3668 1338 3734 et
1369 3679 1499 3734 errore
1531 3658 1718 3754 recognito
1750 3679 1870 3733 excae-

699 3785 849 3854 caverat
873 3799 913 3852 se
938 3778 1057 3873 ipsum
1082 3797 1160 3873 pro‘
1175 3779 1302 3853 dolore
1326 3784 1364 3853 et
1389 3778 1541 3872 pudore,
1567 3786 1604 3852 et
1629 3778 1776 3853 vivebat
1800 3779 1869 3853 sub

701 3899 860 3973 terrain
898 3897 1072 3973 continuo
1103 3899 1249 3994 planctu
1284 3905 1321 3974 et
1359 3919 1523 3974 moerore
1554 3899 1682 3973 nolens
1714 3900 1872 3995 amplius

700 4019 825 4094 videre
856 4021 1003 4094 coelum.
1044 4019 1103 4094 lsti
1138 4040 1228 4116 ergo
1257 4019 1330 4112 filii,
1361 4025 1465 4113 patre
1498 4025 1634 4092 caemto
1658 4007 1707 4113 (⁷),
1746 4018 1871 4094 caecati

700 4140 894 4235 cupiditate
921 4141 1107 4238 regnandi,
1132 4141 1313 4214 miseruut
1338 4147 1475 4214 sortem
1501 4159 1613 4234 super
1639 4160 1808 4236 regnum,
1835 4151 1873 4216 et
1984 4191 1986 4196 ,

700 4270 952 4336 convenerunt
976 4268 1020 4335 ut
1043 4262 1136 4336 alter
1152 4251 1189 4352 (⁸)
1215 4281 1345 4335 eornm
1373 4266 1519 4356 regeret
1544 4279 1610 4354 per
1639 4281 1791 4352 annum,
1818 4261 1873 4333 al-

700 4388 780 4456 tero
805 4383 988 4456 exulante.
1016 4382 1102 4454 Sors
1127 4401 1218 4476 ergo
1242 4380 1361 4475 primo
1389 4381 1487 4455 venit
1512 4401 1622 4475 super
1647 4379 1870 4476 Polynicem,

700 4503 763 4596 qui
799 4503 972 4577 recedens
1004 4523 1025 4575 a
1059 4501 1175 4596 patria
1205 4501 1413 4576 Thebarum
1439 4501 1591 4577 accessit
1614 4500 1661 4575 ad
1685 4499 1869 4575 civitatem

643 4689 644 4694 r
700 4623 897 4718 hrgorum‚
922 4629 960 4697 et
985 4622 1101 4696 lactus
1126 4627 1181 4695 est
1205 4641 1321 4718 gener
1338 4621 1434 4718 regis
1451 4621 1604 4695 Adrasti.
1626 4621 1755 4716 Elapso
1772 4641 1871 4694 anno

762 4869 789 4929 l'l
806 4868 835 4918 Ε·
853 4869 896 4918 it·-
1373 4867 1400 4928 ι’)
1416 4870 1471 4925 ms,
1488 4867 1597 4930 igneam.

762 4944 789 5007 (¹)
806 4950 852 4996 lto
867 4958 883 4995 o
898 4945 930 4995 lt.
945 4945 1119 4996 rationabiles.
1370 4945 1398 5007 ξ’)
1413 4944 1444 4994 ll.
1460 4945 1607 4995 oentllcari.

762 5021 790 5084 (⁸)
807 5022 837 5072 Ε.
853 5021 1025 5085 erompllllcot
1041 5036 1088 5086 por
1104 5023 1222 5074 alteram.
1371 5021 1398 5084 (¹)
1414 5021 1445 5072 E.
1463 5022 1627 5086 subiungere.

762 5098 789 5161 ll
807 5103 860 5160 rm,
876 5100 1016 5152 obeamus
1372 5097 1399 5160 τ’)
1416 5103 1470 5158 rso.
1486 5100 1556 5164 quod
1572 5099 1648 5151 ultor.
