4580 6844
702 940 774 1011 tlt
1095 953 1300 1012 coumrruu
1323 955 1477 1010 mrsnru

703 1097 845 1176 rasonis
868 1097 1047 1193 Nuceriae,
1073 1119 1167 1193 quos
1190 1105 1296 1196 pater
1325 1121 1417 1176 suus
1445 1099 1641 1176 liedorieus
1673 1119 1721 1176 ex
1751 1097 1874 1174 Sioibn

704 1224 880 1318 posuerat
909 1218 975 1313 ibi;
1006 1225 1056 1304 et¹
1076 1218 1171 1294 banc
1202 1219 1321 1296 aciem
1352 1220 1511 1298 ducebat
1542 1221 1620 1317 ipse
1653 1217 1874 1312 llanlredus,

701 1360 787 1436 quae
811 1344 894 1415 erat
916 1357 965 1413 er
989 1337 1090 1414 mille
1115 1339 1287 1415 trecentis
1312 1340 1497 1434 militibus,
1522 1339 1665 1434 absque
1696 1335 1874 1430 aroimris,

703 1458 898 1552 saracenis,
924 1466 961 1535 et
985 1456 1164 1553 peditibus
1181 1459 1219 1533 in
1237 1478 1372 1556 magno
1390 1479 1557 1536 numero.
1575 1459 1729 1537 Carolus
1745 1464 1876 1534 autem

704 1580 829 1656 videns
853 1576 1082 1654 ldaniredum
1102 1585 1274 1675 paratum
1294 1579 1342 1656 ad
1361 1579 1512 1674 bellum,
1530 1579 1658 1654 babuit
1680 1577 1873 1655 eonsilium

703 1719 826 1776 suum.
846 1699 974 1774 Plures
999 1697 1279 1794 persuadebant,
1297 1699 1396 1794 quod
1413 1698 1654 1776 differendum
1674 1705 1755 1774 erat
1774 1719 1876 1794 proe·

704 1819 794 1894 lium
820 1815 1085 1892 incrastinum
1114 1817 1161 1893 ad
1192 1818 1479 1914 resumptionem
1508 1817 1665 1894 militum
1692 1823 1730 1894 et
1758 1837 1877 1914 equo-

705 1956 802 2012 rum.
827 1936 981 2013 Carolus
1005 1935 1135 2011 aridus
1158 1955 1293 2034 pugne
1323 1937 1397 2013 alte
1422 1937 1594 2012 clamavit
1622 1957 1734 2033 super
1762 1956 1873 2011 suos:

704 2057 811 2134 Venit
834 2056 923 2151 dies,
948 2077 1062 2151 qrram
1086 2056 1227 2133 tamdiu
1251 2056 1491 2134 desiderastis.
1512 2056 1557 2132 llt
1576 2056 1652 2152 ipse
1676 2061 1752 2133 tres
1775 2056 1874 2132 acies

703 2176 901 2270 ordinavit3
930 2174 1087 2271 primam
1124 2196 1172 2252 ex
1206 2175 1380 2252 militibus
1406 2176 1549 2272 irensis,
1575 2195 1734 2252 numero
1762 2173 1874 2269 mille,

705 2297 812 2373 cuius
836 2297 905 2370 brit
927 2296 1004 2371 dux
1033 2295 1216 2393 Pbilippus
1248 2296 1295 2373 de
1319 2296 1517 2404 lloniorte3
1551 2297 1711 2374 secunda
1736 2295 1805 2372 init
1829 2315 1878 2371 ex

705 2416 935 2515 noningentis
960 2416 1133 2492 militibus
1157 2417 1290 2512 electis,
1317 2437 1430 2512 quam
1454 2416 1608 2493 Carolus
1632 2416 1783 2492 retinuit
1807 2415 1877 2491 sub

706 2557 775 2612 suo
804 2537 953 2630 ducatu,
987 2543 1025 2612 et
1055 2535 1229 2612 Gnidouis
1265 2537 1312 2613 de
1349 2537 1547 2629 lloniorte3
1578 2537 1725 2612 tertiam
1757 2535 1879 2614 aciem

707 2655 845 2751 reoepit
868 2655 1052 2730 liebertus
1066 2675 1192 2730 nomes
1211 2655 1401 2750 Flandrins
1417 2675 1533 2753 gener
1558 2654 1689 2750 Caroli,
1715 2661 1754 2730 et
1778 2653 1880 2752 ὤμ’-

706 2777 789 2854 dius
817 2777 966 2851 Brunus
994 2774 1223 2850 nonestabilis
1251 2774 1425 2870 Francioe‚
1458 2775 1634 2872 magister
1665 2775 1758 2870 eius,
1793 2775 1881 2869 quia

707 2896 1000 2972 adolesoeutulus
1019 2886 1057 2988 (¹)
1081 2901 1173 2970 erat.
1211 2895 1256 2971 Et
1281 2895 1349 2971 ista
1377 2895 1475 2972 acies
1499 2893 1689 2972 oonstabat
1712 2914 1760 2969 ex
1785 2895 1879 2969 llan-

707 3015 925 3109 driemibus,
957 3013 1263 3110 barbanzonibns,
1294 3013 1460 3111 pinardis,
1494 3021 1532 3090 et
1565 3013 1701 3108 italicis,
1727 3013 1881 3108 qrribus-

707 3136 793 3212 dam
831 3134 1009 3229 romanis,
1042 3126 1288 3231 campanisff)
1324 3141 1362 3210 et
1399 3135 1520 3210 tuscis
1558 3135 1788 3210 Concursum
1823 3139 1879 3210 est

708 3255 898 3349 utrimque
923 3274 1059 3351 magno
1083 3254 1218 3330 ardore
1242 3254 1465 3349 animorum,
1491 3260 1529 3330 et
1556 3252 1652 3329 acris
1676 3271 1800 3350 pugna
1824 3252 1882 3326 in-

708 3378 839 3452 suoru
871 3381 927 3450 est
954 3373 1050 3450 inter
1067 3364 1105 3466 (³)
1138 3373 1231 3450 duas
1260 3375 1397 3470 primas
1421 3374 1519 3450 acies
1549 3372 1711 3450 duorum
1737 3371 1881 3448 exerei-

710 3508 818 3574 tuum
844 3494 1141 3569 thentonioornm
1166 3501 1204 3570 et
1228 3493 1452 3570 franeorum.
1479 3493 1550 3570 Sed
1582 3491 1782 3570 theutonici
1807 3492 1882 3566 ior-

711 3616 823 3690 tiores
848 3611 992 3706 francis,
1018 3611 1186 3688 iecerunt
1209 3631 1273 3688 eos
1298 3633 1433 3710 magno
1450 3613 1589 3708 impetu
1609 3613 1760 3688 resilire.
1779 3613 1883 3686 'luno

711 3734 865 3812 canius
889 3731 1015 3808 ridens
1038 3732 1184 3807 lraneos
1209 3751 1309 3827 snos,
1334 3732 1372 3806 in
1404 3732 1538 3827 quibus
1566 3751 1669 3828 spem
1695 3736 1882 3828 posuerat,

712 3863 789 3931 tarn
814 3853 909 3928 dure
927 3852 1095 3948 opprimi,
1112 3871 1186 3926 non
1202 3859 1349 3928 servato
1365 3849 1493 3928 ordine
1510 3851 1693 3930 suoourrit
1709 3851 1777 3926 sibi
1794 3871 1881 3927 oum

712 3996 780 4051 sna
805 3973 904 4067 κοῖος
928 3973 1093 4048 similiter
1117 3991 1243 4048 onmes
1259 3970 1437 4048 Flandriae
1456 3991 1546 4047 enm
1562 3971 1739 4068 magistro
1756 3991 1826 4047 suo
1846 3976 1884 4046 et

711 4095 792 4171 anie
816 4115 894 4168 sua.
921 4093 966 4170 lit
989 4091 1053 4167 diu
1078 4091 1147 4169 brit
1176 4091 1348 4188 proelium
1377 4091 1544 4187 dubium,
1569 4091 1657 4186 quia
1682 4089 1884 4168 theutonici

712 4212 928 4290 mirabiliter
953 4231 1039 4288 eum
1065 4211 1209 4308 magnis
1233 4211 1382 4287 ensibus
1412 4211 1489 4286 suis
1519 4209 1750 4288 trucidabant
1782 4210 1885 4284 iran-

713 4354 793 4427 oos3
818 4332 883 4408 sed
900 4330 1021 4406 subito
1037 4338 1143 4406 ortus
1158 4337 1215 4406 ost
1230 4332 1372 4406 clamor
1388 4331 1484 4406 inter
1500 4330 1664 4406 francos:
1686 4331 1780 4406 Cum
1797 4349 1884 4402 mu-

712 4452 885 4530 cronibus
913 4451 1093 4529 feriantur
1123 4451 1221 4546 equi.
1251 4452 1331 4540 Quo
1361 4451 1469 4546 inem,
1494 4450 1662 4548 germani
1692 4454 1885 4544 coeperunt

713 4570 872 4647 delicere
896 4571 1096 4646 vulneratis
1120 4569 1235 4664 equis.
1263 4571 1365 4646 luno
1388 4569 1595 4648 blanlredus
1614 4569 1725 4665 coepit
1743 4568 1884 4644 bertari

715 4711 822 4766 suam
839 4689 957 4766 aciem
974 4689 1184 4787 apulorum,
1210 4697 1251 4765 ut
1275 4698 1521 4786 sequerentur
1546 4709 1634 4766 oum
1659 4688 1823 4785 probiter
1848 4688 1885 4763 iu

715 4812 822 4889 bello.
841 4810 912 4887 Sed
930 4811 1026 4886 male
1042 4809 1110 4886 luit
1125 4811 1284 4906 auditus,
1302 4811 1389 4906 quia
1404 4831 1472 4907 pro
1495 4830 1631 4908 magna
1650 4815 1755 4906 parte
1775 4809 1887 4884 baro·

779 5087 806 5148 l'l
823 5089 876 5146 tlt,
893 5083 1041 5138 adolescens
1055 5089 1121 5136 ent.
1246 5085 1274 5150 (¹)
1290 5083 1316 5136 S.
1332 5084 1462 5149 supernis
1592 5081 1665 5146 (¹)B.
1681 5081 1751 5132 luter
1766 5079 1871 5144 primos
