4526 6836
712 950 758 1018 76
1108 957 1313 1015 commuta
1337 959 1487 1014 turmam

711 1109 935 1198 lis'atterpo
958 1106 997 1178 ol
1019 1111 1150 1195 vome,
1176 1103 1268 1180 idest
1292 1104 1356 1198 qui
1380 1123 1467 1178 cum
1494 1107 1599 1197 tergo
1624 1122 1693 1176 suo
1717 1099 1880 1174 adheret

713 1226 832 1304 ventri
857 1225 968 1322 ipsius
984 1223 1167 1316 Thiresiae,
1185 1222 1273 1318 quia
1292 1223 1323 1298 si
1348 1223 1488 1320 vadunt
1503 1218 1720 1316 retrograde
1736 1224 1880 1314 oportet

711 1347 759 1423 de
785 1344 998 1421 necessitate
1022 1342 1119 1438 quod
1145 1363 1242 1418 unus
1264 1349 1386 1419 teneat
1401 1349 1547 1439 tergum
1565 1359 1696 1416 versus
1712 1344 1879 1414 ventrem

712 1465 864 1541 alterius
891 1463 1143 1559 precedentis,
1173 1463 1223 1560 ita
1259 1462 1358 1556 quod
1387 1460 1567 1558 Thireeias
1599 1466 1699 1536 tenet
1731 1469 1878 1555 tergum

712 1604 841 1694 versus
854 1592 1020 1660 ventrem
1039 1581 1260 1676 Amphiarai,
1278 1591 1315 1659 et
1331 1582 1452 1656 aruns
1465 1599 1595 1656 versus
1612 1586 1779 1655 ventrem
1796 1579 1880 1653 'lhi-

713 1704 828 1798 resiae,
853 1709 890 1778 et
914 1702 963 1776 ita
989 1702 1036 1776 de
1059 1701 1240 1795 omuibus,
1272 1700 1319 1776 ita
1354 1700 1452 1796 quod
1484 1719 1581 1774 unus
1606 1699 1704 1774 videt
1731 1705 1878 1795 tergum
1956 1705 1959 1712 '

712 1822 829 1916 alteri,
841 1828 879 1897 et
896 1820 946 1896 sic
964 1820 1133 1897 incedunt
1145 1819 1457 1914 suscensuequia
1470 1838 1591 1894 eoeeus
1607 1839 1748 1894 cmcum
1767 1818 1877 1912 duait,

711 1943 820 2017 etsie
844 1961 972 2018 omnes
997 1941 1033 2014 in
1059 1939 1298 2036 praecipitium
1324 1939 1469 2034 mdnnr,
1488 1949 1525 2015 et
1541 1939 1648 2014 dicit:
1675 1939 1819 2012 ct’ette
1842 1942 1878 2012 lo

709 2065 872 2156 spelunca
889 2083 959 2154 per
988 2081 1055 2135 suo
1085 2063 1239 2151 diriora,
1274 2059 1361 2154 quia
1391 2059 1441 2133 ibi
1466 2059 1723 2154 speculabatur
1755 2065 1879 2134 motus

710 2183 835 2256 avium
861 2188 899 2256 et
924 2181 1016 2258 ictus
1041 2180 1250 2273 fulminum,
1281 2181 1352 2252 aot
1377 2182 1506 2252 inormi
1536 2179 1684 2268 turult
1717 2179 1804 2273 quia
1830 2179 1877 2255 ibi

709 2311 863 2378 cavatur
892 2320 1056 2376 marmor
1084 2299 1210 2374 album
1233 2290 1285 2390 (¹),
1313 2289 1360 2374 de
1384 2319 1460 2390 quo
1493 2297 1652 2372 Plinius:
1687 2317 1806 2392 nuper
1841 2298 1877 2372 iu

709 2420 933 2496 Lunensium
959 2417 1155 2514 lapicidinis
1180 2437 1346 2492 marmor
1363 2417 1489 2494 album
1505 2416 1713 2512 crepitasse
1730 2418 1765 2491 in
1782 2439 1879 2512 prte-

711 2540 772 2634 tio‚
798 2542 854 2612 nei
878 2541 985 2612 ntonti
1009 2541 1047 2612 di
1072 2540 1170 2628 Lorii,
1195 2536 1287 2612 idest
1311 2535 1464 2612 civitatis
1483 2538 1607 2629 Lunae,
1625 2557 1710 2631 qua
1736 2543 1791 2611 est
1815 2558 1880 2633 pe-

711 2658 809 2734 nitus
833 2657 990 2751 deserta,
1016 2655 1099 2730 licet
1127 2655 1247 2730 adhuc
1275 2665 1474 2750 appareant
1497 2655 1619 2748 aliqua
1654 2656 1805 2751 vestigia
1829 2655 1881 2730 ci·

711 2777 841 2872 vitatis,
871 2785 909 2854 et
939 2781 1077 2870 portus,
1111 2783 1148 2850 et
1182 2772 1285 2848 vallis
1314 2793 1450 2850 macrae
1477 2773 1598 2849 adhue
1622 2773 1880 2849 denominatur

710 2898 759 2972 ab
791 2897 858 2973 ista
889 2895 1034 2970 civitate
1069 2893 1270 2988 Lunisana;
1296 2901 1334 2970 et
1369 2893 1454 2989 quia
1490 2900 1589 2968 terra
1626 2893 1694 2970 ista
1727 2895 1879 2988 antiqua

708 3023 764 3092 est
781 3007 817 3109 (²)
846 3014 952 3092 hodie
968 3014 1112 3110 penitus
1131 3013 1341 3107 inhabitata,
1359 3013 1441 3090 ideo
1456 3013 1667 3090 denominat
1687 3014 1810 3088 locum
1828 3015 1876 3090 ab

708 3135 970 3212 habitatoribus
982 3135 1046 3230 qui
1062 3140 1148 3208 sunt
1164 3134 1271 3210 hodie
1288 3135 1347 3228 ibi,
1365 3134 1507 3210 diceus:
1525 3137 1626 3227 dove,
1639 3135 1730 3211 idest
1745 3135 1781 3208 in
1799 3155 1874 3229 quo

707 3259 799 3350 loco,
824 3259 859 3330 lo
884 3275 1084 3344 camurae,
1111 3253 1260 3328 cnraria
1285 3263 1341 3330 est
1366 3274 1439 3330 una
1465 3260 1577 3349 terra,
1606 3254 1684 3330 sive
1707 3261 1871 3329 oontrata

708 3377 768 3472 ibi,
793 3397 919 3465 rorata,
939 3374 1031 3450 idest
1047 3372 1142 3466 colit,
1160 3373 1319 3468 laborat3
1341 3393 1426 3450 nam
1449 3393 1608 3450 runcare
1632 3380 1688 3450 est
1712 3393 1873 3471 purgare

707 3503 850 3594 segetes
873 3515 896 3570 a
923 3493 1025 3570 naas
1050 3500 1088 3568 et
1113 3493 1228 3568 noxiis
1253 3493 1393 3588 herbis3
1415 3505 1453 3572 et
1476 3495 1624 3590 ponitur
1645 3494 1694 3570 ibi
1711 3487 1747 3588 (³)
1769 3498 1871 3592 large

706 3637 774 3714 pro
799 3617 931 3708 colere,
957 3613 1177 3707 inhabitare3
1202 3612 1284 3688 ideo
1308 3613 1416 3689 dicit:
1447 3617 1507 3688 cde
1537 3617 1575 3690 di
1597 3621 1687 3690 sotto
1710 3617 1871 3706 wopa,

706 3737 793 3832 quia
817 3734 1043 3810 cararienses
1065 3733 1228 3807 habitant
1251 3732 1289 3806 iu
1313 3733 1422 3829 plano
1438 3735 1508 3808 sub
1531 3733 1716 3810 montibus
1731 3733 1817 3808 illis:
1836 3741 1874 3809 et

706 3854 861 3932 ostendit
884 3853 1008 3928 locum
1034 3851 1135 3924 illum
1152 3839 1189 3943 (⁴)
1215 3851 1326 3928 luisse
1351 3853 1508 3928 habilem
1533 3854 1580 3928 ad
1609 3859 1728 3929 artem
1754 3874 1872 3948 suam,

704 3974 846 4050 dicens:
864 3973 955 4046 unde
973 3972 1011 4044 ln
1026 3973 1154 4044 oeduto
1178 3989 1251 4044 nort
1274 3974 1325 4063 pli
1346 3993 1411 4046 era
1436 3981 1573 4065 donea,
1593 3973 1684 4048 idest
1704 3979 1873 4049 truncata

704 4101 741 4170 et
765 4093 898 4186 ablata,
923 4111 947 4164 a
970 4092 1135 4182 paurum
1159 4092 1190 4164 le
1213 4093 1307 4166 stelle
1323 4094 1379 4166 e'l
1393 4113 1505 4184 mure,
1523 4091 1614 4168 idest
1629 4113 1763 4168 cursus
1783 4093 1872 4167 atol-

705 4216 825 4290 larum
851 4219 888 4290 et
912 4218 1036 4286 motus
1059 4209 1256 4305 undarum,
1283 4211 1388 4306 quasi
1412 4204 1583 4305 dicat(⁵):
1612 4233 1686 4287 nou
1714 4211 1872 4288 hahebat

702 4336 825 4430 aliqua
850 4332 1108 4428 impedimenta
1133 4329 1312 4406 obstantia
1346 4331 1412 4405 sibi
1444 4333 1653 4429 nompectui
1686 4353 1763 4408 suo.
1779 4337 1874 4406 -Ε

703 4458 826 4554 praelia
853 4453 918 4526 llic
943 4451 1114 4547 Virgilius
1138 4450 1303 4526 nominat
1328 4471 1441 4528 uuam
1463 4453 1657 4528 mulierem
1683 4451 1871 4528 divinatri-

700 4593 809 4660 ‚cems
829 4572 896 4678 ista
921 4569 989 4644 luit
1010 4569 1174 4644 llanthos
1194 4568 1266 4646 filia
1283 4569 1465 4666 Thinesiae,
1486 4570 1533 4647 de
1552 4593 1626 4667 qua
1648 4571 1871 4648 mentionem

765 4841 794 4901 υ)
809 4841 855 4890 tto
869 4849 887 4888 e
902 4837 933 4888 lt.
950 4836 1048 4898 altum
1064 4837 1106 4887 nei
1120 4837 1203 4886 mund
1217 4837 1246 4888 dt
1260 4837 1338 4896 aaa.
1356 4837 1422 4891 idest
1437 4837 1555 4890 etntattr.

767 4915 795 4978 (¹)
811 4915 841 4967 li.
858 4919 906 4975 est,
922 4918 950 4964 et
964 4913 1084 4964 omnibns
1100 4912 1184 4963 lrodle.

768 4995 794 5056 (¹)
811 4998 865 5054 111,
881 4991 907 5044 S.
922 5003 938 5041 e
954 4991 985 5042 11.
1002 4989 1045 5041 hle
1060 4989 1132 5053 larga
1148 5001 1196 5052 pro
1212 4989 1300 5042 eolers
1314 4995 1342 5043 et
1358 4990 1483 5041 nubtam.

768 5072 795 5135 (⁸)
811 5075 866 5133 tlt,
881 5069 957 5122 illum
972 5077 1150 5120 namurcum
1166 5065 1254 5118 talne.
1375 5068 1404 5131 (⁸)
1420 5071 1475 5129 111,
1491 5067 1567 5130 dmi,
1583 5066 1644 5133 qnia
1660 5075 1721 5116 uua.
