4606 6840
678 880 749 946 212
1073 890 1277 948 conburunt
1301 891 1451 946 mabam

674 1036 763 1110 bant
787 1035 833 1110 de
862 1035 1076 1130 corporibus
1114 1055 1374 1131 percussorum
1410 1056 1496 1112 cum
1534 1055 1625 1129 ore;
1661 1035 1720 1110 bic
1752 1055 1844 1110 vero

674 1157 817 1230 nullum
844 1163 897 1230 est
924 1155 1140 1232 remedium.
1173 1157 1231 1231 Sic
1262 1176 1352 1254 ergo
1386 1156 1481 1232 bene
1512 1161 1621 1252 patet,
1647 1155 1746 1251 quod
1776 1154 1843 1228 ista

674 1276 797 1373 bulgio
824 1282 879 1352 est
903 1276 1126 1372 pestilentior
1150 1297 1265 1372 quam
1290 1297 1404 1352 arena
1432 1277 1561 1352 ,liricae
1587 1282 1628 1352 ut
1652 1275 1844 1351 dicebatur

675 1390 959 1492 supra-Cori.
986 1397 1052 1472 llic
1077 1405 1186 1474 autor
1211 1398 1418 1473 manifestat
1446 1398 1553 1472 istam
1583 1396 1742 1472 subitam
1772 1394 1844 1469 dis-

675 1516 893 1592 solutionem
911 1523 949 1593 et
968 1519 1211 1594 successivam
1229 1518 1506 1593 renovationem
1524 1538 1589 1613 per
1609 1537 1723 1592 unam
1741 1535 1843 1590 oom-

674 1637 902 1733 parationem
929 1638 1199 1714 nobilissimam.
1217 1638 1272 1713 nd
1288 1638 1394 1712 cuius
1411 1638 1548 1712 claram
1567 1635 1843 1733 intelligentiam

676 1759 759 1833 volo
784 1765 821 1834 te
846 1756 1062 1854 praenotare,
1081 1759 1179 1853 quod
1204 1759 1352 1854 phoenix
1375 1764 1430 1834 est
1449 1758 1527 1834 aab
1544 1757 1686 1832 Arabim
1703 1757 1741 1831 in
1757 1777 1844 1852 par-

675 1878 770 1952 tibus
795 1878 955 1973 orientis,
974 1899 1058 1973 quae
1075 1880 1151 1954 sola
1177 1885 1232 1954 est
1257 1878 1335 1955 aris
1360 1878 1398 1953 in
1423 1900 1490 1954 sua
1508 1879 1628 1974 specie
1644 1878 1723 1954 sine
1739 1897 1843 1952 com-

674 1999 850 2074 mixtione
884 1998 1074 2073 masculini
1109 2019 1219 2074 sexus
1243 1992 1291 2091 (¹).
1326 1999 1388 2074 Est
1419 2005 1544 2073 autem
1577 1998 1726 2092 phoenix
1761 2018 1843 2072 ma-

672 2119 869 2215 gnitudinis
893 2119 1026 2214 aquilae
1055 2120 1194 2195 babens
1224 2125 1334 2214 caput
1358 2124 1576 2194 coronatum
1591 2109 1628 2210 (¹)
1659 2125 1703 2193 ut
1728 2139 1840 2214 par03

674 2241 783 2314 babet
807 2240 918 2315 etiam
943 2240 1068 2316 lauces
1093 2240 1270 2334 cristatas,
1294 2239 1390 2314 circa
1416 2239 1552 2314 collum
1574 2258 1663 2313 rero
1680 2244 1737 2313 est
1752 2259 1843 2334 pur-

673 2380 790 2454 purea
814 2381 930 2436 aureo
955 2361 1103 2456 iulgure
1118 2353 1176 2455 (³);
1193 2361 1348 2436 caudam
1370 2359 1479 2434 habet
1500 2361 1647 2455 longam
1665 2359 1843 2454 purpurei

674 2481 817 2575 coloris,
835 2481 961 2577 pennis
979 2481 1198 2576 quibusdam
1216 2481 1330 2556 roseis
1347 2481 1555 2576 inscriptam
1567 2468 1616 2574 (⁴),
1630 2479 1794 2556 somnus
1805 2469 1842 2571 (⁵)

675 2600 894 2694 quibusdam
920 2601 1069 2676 orbibus
1086 2590 1122 2694 (⁶)
1151 2602 1187 2675 in
1213 2599 1363 2676 modum
1387 2602 1580 2676 oculorum
1607 2600 1701 2676 sicut
1725 2599 1866 2674 cauda.

675 2720 843 2816 paronis3
870 2728 907 2796 et
941 2729 995 2796 est
1027 2721 1095 2796 ista
1127 2720 1283 2796 varinas
1313 2721 1417 2796 mirae
1442 2720 1703 2816 pulcritudinis.
1734 2721 1844 2794 Pboe-

674 2841 737 2915 nix
750 2830 788 2933 (⁷)
815 2861 901 2915 cum
927 2840 1036 2916 sentit
1061 2861 1101 2916 se
1125 2846 1234 2916 aetate
1249 2840 1397 2938 gravad
1414 2840 1599 2916 coustituit
1623 2840 1690 2914 sibi
1716 2838 1843 2913 nidum

674 2961 711 3035 in
736 2961 809 3037 alta
831 2969 868 3037 et
883 2962 1093 3038 abscondita
1110 2962 1244 3037 arbore
1265 2982 1376 3058 super
1393 2961 1583 3056 limpidum
1604 2961 1742 3036 iontem
1762 2961 1841 3055 sita,

674 3084 854 3178 arthure,
869 3084 1032 3180 myrrha,
1050 3083 1285 3158 cinnamomo
1301 3088 1338 3157 ot
1355 3081 1434 3156 aliis
1449 3080 1675 3156 aromatibus
1694 3081 1843 3176 praetio-

672 3203 731 3298 sis,
758 3210 796 3279 et
820 3204 929 3278 obicit
954 3225 994 3279 se
1020 3204 1128 3279 radiis
1153 3203 1379 3279 serventibus
1404 3201 1500 3296 solis,
1516 3209 1555 3276 et
1575 3203 1654 3277 illos
1679 3202 1842 3299 resplen-

672 3323 794 3398 dentia
819 3344 974 3398 suarum
999 3343 1204 3418 pennarum
1230 3323 1457 3417 multiplicat,
1483 3320 1599 3396 donec
1623 3321 1716 3419 ignis
1742 3323 1843 3398 elici-

673 3448 747 3536 tur,
765 3449 802 3516 et
827 3443 878 3516 sic
904 3463 944 3518 se
970 3463 1055 3516 cum
1078 3443 1163 3517 nido
1180 3442 1336 3517 incendit
1350 3432 1388 3535 (⁸)
1406 3448 1443 3517 et
1460 3441 1655 3537 incinerat3
1673 3444 1842 3519 etaltera

671 3563 732 3639 die
756 3562 888 3638 dicitur
912 3563 1049 3638 vermis
1074 3563 1112 3636 in
1137 3563 1320 3638 cineribus
1337 3564 1448 3658 nasci,
1467 3563 1543 3658 qui,
1562 3563 1629 3638 alis
1647 3564 1842 3658 assumptis

672 3685 780 3761 tertia
804 3684 873 3779 die,
900 3688 1066 3759 mutatur
1090 3685 1128 3757 in
1152 3705 1261 3760 avem
1288 3684 1446 3780 pristinae
1477 3684 1606 3780 ligurae
1631 3684 1725 3758 inira
1750 3704 1843 3780 pau-

673 3826 735 3880 cos
760 3805 858 3900 dies'
875 3812 912 3881 et
938 3811 1025 3879 tunc
1049 3806 1173 3880 avolat
1188 3796 1236 3900 (⁹).
1260 3805 1392 3879 Dicunt
1408 3805 1518 3882 etiam
1535 3806 1606 3880 boc
1631 3804 1719 3879 olim
1744 3804 1843 3880 aeci-

673 3927 777 4022 disse,
799 3924 897 4021 quod
923 3925 960 3999 in
985 3925 1159 4022 Heliopoli
1185 3925 1330 4002 civitate
1347 3927 1503 4022 AEgypti,
1523 3927 1603 4000 baec
1627 3925 1704 4002 aris
1730 3946 1842 4021 super

673 4055 813 4123 struem
833 4048 1018 4145 lignorum
1037 4045 1299 4122 sacrificiorum
1310 4037 1364 4138 (¹⁰)
1378 4049 1526 4140 portans
1542 4050 1709 4120 aromata
1727 4065 1768 4120 se
1785 4044 1840 4118 iu-

672 4170 804 4265 cendit,
825 4175 862 4244 et
887 4169 933 4245 ad
958 4169 1078 4242 visum
1104 4167 1302 4243 sacerdotis
1317 4158 1369 4258 (¹¹)
1396 4166 1598 4242 secundum
1626 4166 1840 4262 praedictum

672 4289 836 4384 modum,
862 4290 1007 4364 duabus
1032 4286 1328 4386 generationibus
1355 4286 1491 4360 vermis
1516 4291 1554 4361 et
1581 4287 1660 4362 avis
1684 4286 1841 4362 formata

672 4416 727 4483 est
751 4417 789 4484 et
813 4408 972 4485 avolavit
985 4399 1051 4501 (¹²).
1078 4409 1123 4481 Et
1147 4407 1199 4483 sic
1223 4406 1308 4482 dicit
1331 4407 1453 4481 Plato:
1485 4427 1558 4480 non
1590 4413 1672 4481 nort
1693 4429 1717 4481 a
1742 4407 1840 4480 nobis

732 4645 758 4705 (¹)
774 4643 804 4694 B.
821 4657 904 4702 sexus.
921 4649 948 4695 ol
963 4649 1003 4696 est
1018 4645 1208 4710 magnitudluls.
1321 4644 1349 4708 (¹)
1367 4648 1421 4707 111,
1438 4647 1578 4695 cornutum
1596 4641 1667 4693 velut
1683 4655 1757 4706 paro.

732 4720 757 4782 [⁸]
776 4726 828 4782 111,
845 4721 1039 4786 fulgora-B.
1056 4722 1153 4774 colors.
1322 4721 1350 4786 (⁸)
1368 4727 1422 4781 111,
1438 4721 1638 4784 lnnrscriptrm

732 4800 759 4860 (¹)
775 4797 800 4848 S.
816 4798 964 4851 formatum.
1059 4801 1086 4864 (⁰)
1102 4799 1127 4851 S.
1144 4801 1240 4852 orlbus.
1322 4799 1350 4862 (⁷)
1366 4800 1398 4852 ll.
1414 4799 1522 4851 Plrmnir
1537 4799 1594 4850 bne
1610 4811 1680 4850 cum.

734 4872 761 4935 (¹1
778 4873 808 4924 11.
824 4875 977 4937 incenditur,
995 4882 1021 4928 et
1036 4877 1063 4927 in
1079 4879 1193 4928 duamur
1211 4875 1337 4927 1111111111
1354 4874 1405 4927 1111
1420 4888 1483 4927 reru
1498 4875 1539 4926 dle
1554 4875 1659 4926 dleltur.

735 4951 762 5011 (¹)
778 4949 804 5001 S.
820 4949 898 5004 volat.
1310 4952 1348 5016 (n)
1364 4957 1419 5014 111,
1436 4951 1649 5003 adunatorum.

723 5027 762 5091 (¹¹)
780 5029 809 5080 E
826 5031 999 5083 sacerdotnm.
1307 5027 1347 5094 (¹¹)
1363 5034 1410 5082 1111
1425 5043 1441 5080 e
1457 5031 1488 5081 ll.
1505 5029 1628 5082 urolnltr
1644 5033 1671 5080 11
1688 5031 1754 5080 deul
1768 5027 1839 5078 dlelt.
