4526 6836
727 959 866 1018 caurus
891 957 1048 1018 nmmos
1072 959 1242 1018 norsum.
1526 949 1571 1021 23
1658 1031 1664 1042 ¹

399 1107 573 1208 generali,
592 1112 629 1182 et
653 1099 749 1200 ded)
776 1106 910 1203 punitis
935 1106 1015 1184 eius
1040 1107 1078 1182 in
1103 1106 1259 1203 speciali.
1280 1107 1324 1181 ut
1340 1107 1460 1203 primo
1484 1127 1573 1183 con-

399 1231 544 1306 tinuans
569 1227 664 1302 dicta
689 1225 858 1322 dicendis,
884 1227 988 1303 dicit:
1018 1218 1084 1302 Gld
1108 1247 1256 1302 novom
1273 1218 1310 1301 ld
1330 1245 1394 1301 one
1412 1232 1573 1302 astrata

398 1353 498 1441 calle,
523 1347 615 1423 idest
639 1367 729 1444 pons
754 1367 821 1444 per
844 1367 957 1442 quem
978 1347 1088 1442 ibant,
1106 1351 1389 1440 dincroclccltia,
1407 1348 1498 1424 idest
1515 1349 1572 1422 in·

398 1477 631 1568 corporatur,
661 1470 897 1566 incastratur,
931 1470 1188 1566 committitur,
1220 1470 1472 1568 conjungitur,
1504 1491 1571 1543 con

398 1596 552 1684 impiae
575 1591 737 1683 secondo,
764 1589 855 1665 idest
881 1609 968 1665 cum
994 1591 1155 1666 secunda
1181 1591 1259 1687 ripa
1285 1587 1466 1686 circulari,
1485 1609 1570 1685 que

398 1712 521 1789 dividit
546 1711 704 1807 primam
729 1709 892 1808 bulgiam
919 1731 941 1786 a
967 1709 1138 1806 secunda,
1160 1716 1239 1806 asa
1263 1714 1302 1785 di
1325 1715 1413 1805 puel,
1434 1711 1569 1786 scilicet

397 1853 547 1932 aggere,
573 1837 682 1927 spolle
706 1835 757 1906 od
779 1853 827 1905 un
852 1835 946 1906 dero
975 1853 1075 1925 orco,
1106 1831 1192 1927 quia
1221 1833 1357 1907 scilicet
1385 1834 1568 1908 secundus

397 1973 488 2052 pons
513 1953 687 2028 tundatur
711 1953 748 2026 in
774 1951 842 2028 ista
867 1952 946 2049 ripa
971 1953 1152 2054 seconda3
1179 1959 1215 2028 et
1240 1954 1319 2028 vult
1344 1953 1466 2030 dicere
1491 1975 1567 2029 uno

397 2075 522 2170 verbo,
541 2073 640 2169 quod
652 2074 730 2170 jam
756 2081 1001 2169 pervenerant
1017 2074 1064 2149 ad
1081 2073 1191 2150 linem
1212 2075 1319 2171 primi
1336 2076 1467 2171 pontis,
1490 2077 1566 2152 visa

394 2195 501 2291 plene
525 2195 643 2291 prima
669 2195 804 2292 bulgia,
822 2201 859 2271 et
884 2195 931 2270 ad
956 2195 1172 2292 principium
1198 2195 1347 2272 secundi
1374 2198 1502 2293 pontis.
1524 2200 1567 2272 nt

367 2316 452 2391 ,bic
477 2322 564 2390 nota
588 2315 688 2410 quod
717 2321 828 2390 autor
858 2315 917 2390 hic
949 2323 1072 2391 servat
1103 2337 1221 2390 unum
1254 2317 1420 2414 modum,
1451 2339 1564 2414 wem

394 2457 466 2511 non
492 2443 614 2511 servat
638 2435 676 2508 in
702 2441 777 2512 tota
808 2435 954 2511 civitate
987 2436 1164 2531 iniernali,
1190 2437 1277 2531 qnia
1308 2435 1392 2512 alibi
1419 2458 1565 2535 semper

392 2555 477 2630 lacit
503 2576 619 2630 unum
645 2557 704 2631 vel
729 2556 836 2652 plura
861 2555 1018 2651 capitula
1047 2554 1094 2631 de
1123 2575 1200 2630 uno
1225 2555 1349 2650 aliqum
1375 2557 1479 2653 vitio;
1506 2559 1565 2634 bic

394 2696 484 2751 vero
508 2681 707 2772 pertractat
723 2677 815 2750 duas
833 2659 970 2771 species
986 2674 1124 2750 lraudis
1141 2675 1178 2749 in
1195 2675 1324 2750 endem
1336 2667 1374 2770 (¹)
1390 2659 1563 2774 capitulo,

341 2873 346 2882 ,
394 2798 480 2892 quia
506 2797 582 2871 istae
599 2796 683 2871 duae
700 2795 847 2872 fraudes
865 2795 1001 2872 habent
1017 2795 1218 2871 maximam
1236 2797 1450 2872 affinitatem
1469 2799 1564 2874 inter

393 2938 445 3012 se,
470 2915 604 2992 scilieet
629 2917 848 2992 lenocinium
881 2923 919 2992 et
949 2917 1121 3012 adulatio,
1147 2916 1223 2991 imo
1256 2917 1375 2992 omnis
1400 2918 1483 2994 leno
1508 2927 1564 2996 est

393 3038 575 3130 adulator,
601 3037 684 3114 licet
708 3057 781 3112 non
807 3057 1043 3133 econverso,
1069 3032 1109 3113 et
1138 3044 1297 3133 uterque
1329 3059 1475 3136 semper
1506 3040 1563 3114 in-

245 3165 248 3170 '
393 3159 507 3234 tendit
538 3159 716 3254 decipere.
736 3197 785 3212 -
811 3161 947 3248 Quindi.
978 3159 1043 3233 llic
1072 3164 1181 3233 autor
1212 3157 1382 3235 describit
1413 3181 1562 3257 poenam

393 3280 626 3354 adulatorum
651 3279 690 3352 in
713 3279 885 3375 generali.
913 3277 965 3378 Ad
991 3279 1097 3352 cuius
1121 3278 1396 3376 intelligentiam
1417 3286 1473 3356 est
1494 3301 1563 3356 no-

392 3400 543 3474 tandum
570 3398 668 3494 quod
692 3405 802 3474 autor
827 3398 889 3474 dat
914 3399 1165 3477 adulatoribus
1194 3419 1342 3496 poenam
1373 3401 1563 3498 vitupero-

390 3541 470 3596 sam
498 3519 604 3596 nimis
629 3519 832 3595 secundum
859 3520 1081 3617 exigentiam
1107 3521 1273 3597 materiae
1298 3521 1416 3597 loedae.
1443 3523 1561 3620 Fingit

390 3642 488 3716 enirn
514 3639 613 3734 quod
639 3639 694 3713 isti
719 3645 815 3714 stant
833 3641 1013 3716 submersi
1031 3641 1068 3715 in
1085 3662 1160 3715 una
1177 3642 1274 3716 valle
1289 3642 1460 3718 stercoris
1477 3641 1561 3717 bul·-

390 3763 518 3858 lientis,
544 3781 590 3837 ex
617 3781 691 3856 qua
723 3767 872 3836 emanat
901 3762 1087 3837 maximus
1112 3763 1221 3837 ioetor
1246 3769 1283 3837 et
1307 3763 1542 3838 intolerabilis
1549 3787 1560 3858 ;

391 3903 474 3958 narn
501 3881 607 3958 multi
632 3881 800 3958 doctores
831 3883 1012 3979 appellant
1040 3883 1287 3959 adulationem
1322 3884 1457 3959 oleum.
1484 3885 1561 3959 bu-

388 4009 448 4078 tor
472 4023 573 4098 vero,
592 4003 655 4098 qui
673 4003 741 4076 luit
759 4003 909 4101 rigidus,
926 4010 969 4078 ut
992 4006 1080 4078 Cato
1106 4010 1250 4079 amator
1266 4006 1475 4099 honestatis,
1494 4007 1561 4079 ha·

388 4103 469 4198 buil
492 4124 578 4197 istos
607 4122 654 4197 ad
689 4141 879 4196 summum
913 4123 1117 4218 lastidium3
1141 4124 1224 4199 ideo
1258 4117 1352 4199 bene
1377 4126 1557 4201 convertit

387 4245 511 4320 oleum
541 4241 579 4317 in
610 4249 768 4336 stercus3
795 4261 880 4316 nam
908 4242 1031 4318 nullus
1062 4243 1199 4318 iodiens
1224 4245 1261 4317 in
1294 4250 1468 4339 stercore,
1493 4252 1560 4319 aut

385 4385 548 4462 purgans
565 4363 713 4438 latrinas
730 4371 786 4438 est
805 4364 855 4439 ita
873 4363 1106 4439 lastidieudus
1131 4374 1169 4441 et
1194 4363 1339 4439 ioetidus
1356 4364 1450 4440 sicut
1465 4365 1559 4440 adu-

386 4486 498 4580 lator3
529 4485 628 4560 unde
661 4485 729 4560 ista
752 4483 856 4559 vatus
881 4490 937 4560 est
968 4485 1129 4560 maxime
1162 4486 1268 4582 plena
1304 4485 1558 4562 meretricibus

385 4611 422 4681 et
441 4605 718 4700 joculatoribus,
740 4605 802 4700 qui
830 4605 992 4680 maxime
1017 4605 1163 4681 student
1188 4606 1386 4682 adulationi
1411 4608 1458 4683 de
1483 4629 1556 4702 qua

384 4725 522 4802 vivunt.
558 4725 629 4802 Sed
657 4732 767 4801 autor
796 4725 976 4823 condigne
1008 4724 1113 4806 solvit
1137 4725 1211 4824 eis,
1246 4725 1387 4803 dicens:
1423 4731 1556 4824 pondi,

385 4846 475 4922 idest
494 4848 541 4922 de
569 4847 719 4922 introitu
745 4847 822 4922 sive
846 4847 1021 4943 principio
1046 4846 1193 4923 secundi
1216 4849 1349 4944 pontis,
1375 4855 1555 4927 acoemeto

446 5111 474 5177 (¹)
490 5113 521 5164 Β·
536 5117 564 5165 θῑ
579 5112 611 5164 ⁶0
627 5115 708 5178 puolo
723 5113 787 5165 eiu·
829 5161 832 5170 ,
1055 5111 1083 5181 tl)
1097 5113 1123 5168 S.
1139 5113 1166 5168 ln
1182 5129 1235 5169 noo
1250 5115 1373 5182 capitulo.
