<?xml version="1.0" encoding="UTF-8"?>
<!DOCTYPE html PUBLIC "-//W3C//DTD XHTML 1.0 Transitional//EN"
    "http://www.w3.org/TR/xhtml1/DTD/xhtml1-transitional.dtd">
<html xmlns="http://www.w3.org/1999/xhtml" xml:lang="en" lang="en">
 <head>
  <title>
</title>
<meta http-equiv="Content-Type" content="text/html;charset=utf-8" />
  <meta name='ocr-system' content='tesseract 3.04.00' />
  <meta name='ocr-capabilities' content='ocr_page ocr_carea ocr_par ocr_line ocrx_word'/>
</head>
<body>
  <div class='ocr_page' id='page_1' title='image "./comentumsuperda01benvgoog_0117.png"; bbox 0 0 4534 6842; ppageno 0'>
   <div class='ocr_carea' id='block_1_1' title="bbox 722 963 1496 1030">
    <p class='ocr_par' dir='ltr' id='par_1_1' title="bbox 722 963 1496 1030">
     <span class='ocr_line' id='line_1_1' title="bbox 722 963 1496 1030; baseline -0.005 0"><span class='ocrx_word' id='word_1_1' title='bbox 722 963 791 1030; x_wconf 82' lang='lat'><strong>108</strong></span> <span class='ocrx_word' id='word_1_2' title='bbox 1118 972 1321 1029; x_wconf 71' lang='lat' dir='ltr'><strong>aonmsron</strong></span> <span class='ocrx_word' id='word_1_3' title='bbox 1345 973 1496 1027; x_wconf 73' lang='lat' dir='ltr'><strong>menam</strong></span> 
     </span>
    </p>
   </div>
   <div class='ocr_carea' id='block_1_2' title="bbox 716 1105 1887 1814">
    <p class='ocr_par' dir='ltr' id='par_1_2' title="bbox 716 1105 1887 1814">
     <span class='ocr_line' id='line_1_2' title="bbox 718 1105 1886 1214; baseline -0.002 -19"><span class='ocrx_word' id='word_1_4' title='bbox 718 1105 863 1196; x_wconf 75' lang='lat' dir='ltr'><strong>omullo</strong></span> <span class='ocrx_word' id='word_1_5' title='bbox 894 1117 1115 1213; x_wconf 90' lang='lat' dir='ltr'><strong>baratand0;</strong></span> <span class='ocrx_word' id='word_1_6' title='bbox 1148 1137 1233 1192; x_wconf 90' lang='lat' dir='ltr'><strong>nam</strong></span> <span class='ocrx_word' id='word_1_7' title='bbox 1264 1116 1360 1192; x_wconf 91' lang='lat' dir='ltr'><strong>istud</strong></span> <span class='ocrx_word' id='word_1_8' title='bbox 1390 1117 1547 1191; x_wconf 80' lang='lat' dir='ltr'><strong>verbum</strong></span> <span class='ocrx_word' id='word_1_9' title='bbox 1574 1118 1739 1214; x_wconf 84' lang='lat' dir='ltr'><strong>vulgare,</strong></span> <span class='ocrx_word' id='word_1_10' title='bbox 1765 1123 1886 1213; x_wconf 77' lang='lat' dir='ltr'><strong>oecos-</strong></span> 
     </span>
     <span class='ocr_line' id='line_1_3' title="bbox 716 1229 1885 1336; baseline -0.003 -22"><span class='ocrx_word' id='word_1_11' title='bbox 716 1231 862 1336; x_wconf 81' lang='lat' dir='ltr'><strong>sore(⁴),</strong></span> <span class='ocrx_word' id='word_1_12' title='bbox 893 1243 948 1312; x_wconf 85' lang='lat' dir='ltr'><strong>est</strong></span> <span class='ocrx_word' id='word_1_13' title='bbox 978 1237 1113 1331; x_wconf 90' lang='lat' dir='ltr'><strong>aliquid</strong></span> <span class='ocrx_word' id='word_1_14' title='bbox 1145 1235 1356 1312; x_wconf 73' lang='lat' dir='ltr'><strong>festinanter</strong></span> <span class='ocrx_word' id='word_1_15' title='bbox 1386 1243 1424 1311; x_wconf 87' lang='lat' dir='ltr'><strong>et</strong></span> <span class='ocrx_word' id='word_1_16' title='bbox 1448 1237 1604 1311; x_wconf 89' lang='lat' dir='ltr'><strong>latenter</strong></span> <span class='ocrx_word' id='word_1_17' title='bbox 1628 1257 1814 1332; x_wconf 77' lang='lat' dir='ltr'><strong>occupare</strong></span> <span class='ocrx_word' id='word_1_18' title='bbox 1828 1229 1885 1330; x_wconf 89' lang='lat'><strong>(¹):</strong></span> 
     </span>
     <span class='ocr_line' id='line_1_4' title="bbox 720 1343 1884 1456; baseline -0.003 -22"><span class='ocrx_word' id='word_1_19' title='bbox 720 1367 758 1434; x_wconf 88' lang='lat' dir='ltr'><strong>et</strong></span> <span class='ocrx_word' id='word_1_20' title='bbox 781 1358 962 1456; x_wconf 71' lang='lat' dir='ltr'><strong>specificat</strong></span> <span class='ocrx_word' id='word_1_21' title='bbox 986 1345 1182 1432; x_wconf 71' lang='lat' dir='ltr'><strong>uiolentam</strong></span> <span class='ocrx_word' id='word_1_22' title='bbox 1208 1343 1501 1430; x_wconf 83' lang='lat' dir='ltr'><strong>submersionem</strong></span> <span class='ocrx_word' id='word_1_23' title='bbox 1519 1356 1651 1431; x_wconf 67' lang='lat' dir='ltr'><strong>lacem</strong></span> <span class='ocrx_word' id='word_1_24' title='bbox 1669 1357 1715 1432; x_wconf 89' lang='lat' dir='ltr'><strong>de</strong></span> <span class='ocrx_word' id='word_1_25' title='bbox 1732 1358 1800 1432; x_wconf 87' lang='lat' dir='ltr'><strong>isto</strong></span> <span class='ocrx_word' id='word_1_26' title='bbox 1817 1377 1884 1454; x_wconf 89' lang='lat' dir='ltr'><strong>per</strong></span> 
     </span>
     <span class='ocr_line' id='line_1_5' title="bbox 720 1467 1887 1575; baseline -0.004 -20"><span class='ocrx_word' id='word_1_27' title='bbox 720 1478 1029 1575; x_wconf 78' lang='lat' dir='ltr'>comparationem</span> <span class='ocrx_word' id='word_1_28' title='bbox 1054 1478 1205 1571; x_wconf 84' lang='lat' dir='ltr'><strong>claram,</strong></span> <span class='ocrx_word' id='word_1_29' title='bbox 1230 1483 1268 1551; x_wconf 91' lang='lat' dir='ltr'><strong>et</strong></span> <span class='ocrx_word' id='word_1_30' title='bbox 1291 1476 1377 1551; x_wconf 86' lang='lat' dir='ltr'><strong>dicit</strong></span> <span class='ocrx_word' id='word_1_31' title='bbox 1392 1475 1554 1551; x_wconf 85' lang='lat' dir='ltr'><strong>breviter</strong></span> <span class='ocrx_word' id='word_1_32' title='bbox 1571 1477 1670 1570; x_wconf 87' lang='lat' dir='ltr'><strong>qnod</strong></span> <span class='ocrx_word' id='word_1_33' title='bbox 1683 1467 1720 1570; x_wconf 79' lang='lat'><strong>(³)</strong></span> <span class='ocrx_word' id='word_1_34' title='bbox 1737 1477 1795 1553; x_wconf 87' lang='lat' dir='ltr'><strong>isti</strong></span> <span class='ocrx_word' id='word_1_35' title='bbox 1812 1477 1887 1552; x_wconf 84' lang='lat' dir='ltr'><strong>dae·</strong></span> 
     </span>
     <span class='ocr_line' id='line_1_6' title="bbox 721 1583 1887 1692; baseline -0.001 -19"><span class='ocrx_word' id='word_1_36' title='bbox 721 1619 849 1674; x_wconf 84' lang='lat' dir='ltr'><strong>mones</strong></span> <span class='ocrx_word' id='word_1_37' title='bbox 873 1597 1153 1672; x_wconf 88' lang='lat' dir='ltr'><strong>submerserunt</strong></span> <span class='ocrx_word' id='word_1_38' title='bbox 1177 1597 1286 1670; x_wconf 89' lang='lat' dir='ltr'><strong>istum</strong></span> <span class='ocrx_word' id='word_1_39' title='bbox 1312 1597 1382 1670; x_wconf 91' lang='lat' dir='ltr'><strong>sub</strong></span> <span class='ocrx_word' id='word_1_40' title='bbox 1407 1597 1524 1691; x_wconf 83' lang='lat' dir='ltr'><strong>picem</strong></span> <span class='ocrx_word' id='word_1_41' title='bbox 1550 1583 1774 1692; x_wconf 72' lang='lat' dir='ltr'><strong>bullientem,</strong></span> <span class='ocrx_word' id='word_1_42' title='bbox 1793 1596 1887 1672; x_wconf 88' lang='lat' dir='ltr'><strong>siout</strong></span> 
     </span>
     <span class='ocr_line' id='line_1_7' title="bbox 719 1705 1885 1814; baseline -0.003 -20"><span class='ocrx_word' id='word_1_43' title='bbox 719 1719 829 1813; x_wconf 85' lang='lat' dir='ltr'><strong>coqui</strong></span> <span class='ocrx_word' id='word_1_44' title='bbox 865 1719 1110 1814; x_wconf 86' lang='lat' dir='ltr'><strong>submergunt</strong></span> <span class='ocrx_word' id='word_1_45' title='bbox 1143 1737 1292 1792; x_wconf 86' lang='lat' dir='ltr'><strong>carnem</strong></span> <span class='ocrx_word' id='word_1_46' title='bbox 1308 1705 1345 1810; x_wconf 77' lang='lat'><strong>(⁸)</strong></span> <span class='ocrx_word' id='word_1_47' title='bbox 1384 1716 1454 1790; x_wconf 92' lang='lat' dir='ltr'><strong>sub</strong></span> <span class='ocrx_word' id='word_1_48' title='bbox 1491 1737 1628 1810; x_wconf 90' lang='lat' dir='ltr'><strong>aquam</strong></span> <span class='ocrx_word' id='word_1_49' title='bbox 1660 1717 1885 1792; x_wconf 88' lang='lat' dir='ltr'><strong>bullientem.</strong></span> 
     </span>
    </p>
   </div>
   <div class='ocr_carea' id='block_1_3' title="bbox 711 1835 1889 4986">
    <p class='ocr_par' dir='ltr' id='par_1_3' title="bbox 711 1835 1889 4986">
     <span class='ocr_line' id='line_1_8' title="bbox 722 1835 1888 1933; baseline -0.002 -22"><span class='ocrx_word' id='word_1_50' title='bbox 722 1837 822 1912; x_wconf 89' lang='lat' dir='ltr'><strong>Unde</strong></span> <span class='ocrx_word' id='word_1_51' title='bbox 853 1837 960 1912; x_wconf 90' lang='lat' dir='ltr'><strong>dioit:</strong></span> <span class='ocrx_word' id='word_1_52' title='bbox 993 1840 1007 1910; x_wconf 85' lang='grc' dir='ltr'><strong>ι’</strong></span> <span class='ocrx_word' id='word_1_53' title='bbox 1036 1839 1154 1910; x_wconf 74' lang='lat' dir='ltr'><strong>aroedi</strong></span> <span class='ocrx_word' id='word_1_54' title='bbox 1175 1840 1288 1930; x_wconf 79' lang='lat' dir='ltr'><strong>sonno</strong></span> <span class='ocrx_word' id='word_1_55' title='bbox 1313 1841 1471 1928; x_wconf 72' lang='lat' dir='ltr'><strong>ntmffor,</strong></span> <span class='ocrx_word' id='word_1_56' title='bbox 1497 1835 1599 1930; x_wconf 82' lang='lat' dir='ltr'><strong>idest,</strong></span> <span class='ocrx_word' id='word_1_57' title='bbox 1624 1837 1824 1933; x_wconf 82' lang='lat' dir='ltr'><strong>submergi,</strong></span> <span class='ocrx_word' id='word_1_58' title='bbox 1850 1840 1888 1911; x_wconf 89' lang='lat' dir='ltr'><strong>to</strong></span> 
     </span>
     <span class='ocr_line' id='line_1_9' title="bbox 721 1957 1887 2048; baseline 0.002 -17"><span class='ocrx_word' id='word_1_59' title='bbox 721 1979 829 2031; x_wconf 75' lang='lat' dir='ltr'><strong>comte</strong></span> <span class='ocrx_word' id='word_1_60' title='bbox 852 1961 889 2030; x_wconf 82' lang='lat' dir='ltr'><strong>in</strong></span> <span class='ocrx_word' id='word_1_61' title='bbox 920 1979 1042 2030; x_wconf 84' lang='lat' dir='ltr'><strong>mezzo</strong></span> <span class='ocrx_word' id='word_1_62' title='bbox 1073 1960 1109 2030; x_wconf 88' lang='lat' dir='ltr'><strong>to</strong></span> <span class='ocrx_word' id='word_1_63' title='bbox 1140 1959 1282 2030; x_wconf 68' lang='lat' dir='ltr'><strong>comato</strong></span> <span class='ocrx_word' id='word_1_64' title='bbox 1306 1959 1344 2030; x_wconf 84' lang='lat' dir='ltr'><strong>oi</strong></span> <span class='ocrx_word' id='word_1_65' title='bbox 1366 1960 1421 2029; x_wconf 80' lang='lat' dir='ltr'><strong>sot</strong></span> <span class='ocrx_word' id='word_1_66' title='bbox 1445 1959 1600 2048; x_wconf 83' lang='lat' dir='ltr'><strong>vassalli,</strong></span> <span class='ocrx_word' id='word_1_67' title='bbox 1627 1957 1798 2032; x_wconf 84' lang='lat' dir='ltr'><strong>ministris</strong></span> <span class='ocrx_word' id='word_1_68' title='bbox 1823 1978 1887 2033; x_wconf 86' lang='lat' dir='ltr'><strong>oo-</strong></span> 
     </span>
     <span class='ocr_line' id='line_1_10' title="bbox 722 2073 1886 2172; baseline 0.002 -22"><span class='ocrx_word' id='word_1_69' title='bbox 722 2078 854 2172; x_wconf 82' lang='lat' dir='ltr'><strong>quinae,</strong></span> <span class='ocrx_word' id='word_1_70' title='bbox 879 2098 946 2151; x_wconf 85' lang='lat' dir='ltr'><strong>coo</strong></span> <span class='ocrx_word' id='word_1_71' title='bbox 973 2080 1023 2168; x_wconf 79' lang='lat' dir='ltr'><strong>pli</strong></span> <span class='ocrx_word' id='word_1_72' title='bbox 1053 2079 1180 2169; x_wconf 70' lang='lat' dir='ltr'><strong>orcisti,</strong></span> <span class='ocrx_word' id='word_1_73' title='bbox 1207 2083 1244 2152; x_wconf 91' lang='lat' dir='ltr'><strong>et</strong></span> <span class='ocrx_word' id='word_1_74' title='bbox 1268 2095 1354 2151; x_wconf 79' lang='lat' dir='ltr'><strong>eoos</strong></span> <span class='ocrx_word' id='word_1_75' title='bbox 1379 2096 1519 2171; x_wconf 90' lang='lat' dir='ltr'><strong>quare;</strong></span> <span class='ocrx_word' id='word_1_76' title='bbox 1541 2073 1670 2169; x_wconf 74' lang='lat' dir='ltr'><strong>perciti</strong></span> <span class='ocrx_word' id='word_1_77' title='bbox 1690 2097 1762 2150; x_wconf 81' lang='lat' dir='ltr'><strong>non</strong></span> <span class='ocrx_word' id='word_1_78' title='bbox 1786 2082 1886 2170; x_wconf 80' lang='lat' dir='ltr'><strong>palti,</strong></span> 
     </span>
     <span class='ocr_line' id='line_1_11' title="bbox 720 2195 1887 2292; baseline 0.001 -22"><span class='ocrx_word' id='word_1_79' title='bbox 720 2197 823 2291; x_wconf 89' lang='lat' dir='ltr'><strong>idest,</strong></span> <span class='ocrx_word' id='word_1_80' title='bbox 848 2201 1060 2292; x_wconf 79' lang='lat' dir='ltr'><strong>supernatet</strong></span> <span class='ocrx_word' id='word_1_81' title='bbox 1086 2216 1191 2271; x_wconf 90' lang='lat' dir='ltr'><strong>more</strong></span> <span class='ocrx_word' id='word_1_82' title='bbox 1215 2197 1332 2292; x_wconf 70' lang='lat' dir='ltr'><strong>gallae,</strong></span> <span class='ocrx_word' id='word_1_83' title='bbox 1349 2205 1387 2272; x_wconf 90' lang='lat' dir='ltr'><strong>et</strong></span> <span class='ocrx_word' id='word_1_84' title='bbox 1402 2195 1512 2271; x_wconf 87' lang='lat' dir='ltr'><strong>vadat</strong></span> <span class='ocrx_word' id='word_1_85' title='bbox 1528 2195 1574 2270; x_wconf 91' lang='lat' dir='ltr'><strong>ad</strong></span> <span class='ocrx_word' id='word_1_86' title='bbox 1591 2216 1792 2292; x_wconf 91' lang='lat' dir='ltr'><strong>summum,</strong></span> <span class='ocrx_word' id='word_1_87' title='bbox 1814 2219 1887 2271; x_wconf 81' lang='lat' dir='ltr'><strong>non</strong></span> 
     </span>
     <span class='ocr_line' id='line_1_12' title="bbox 720 2315 1886 2411; baseline -0.001 -18"><span class='ocrx_word' id='word_1_88' title='bbox 720 2321 925 2410; x_wconf 72' lang='grc' dir='ltr'><strong>αἱιιεηιειιίί,</strong></span> <span class='ocrx_word' id='word_1_89' title='bbox 961 2317 1066 2411; x_wconf 89' lang='lat' dir='ltr'><strong>quasi</strong></span> <span class='ocrx_word' id='word_1_90' title='bbox 1105 2317 1223 2393; x_wconf 88' lang='lat' dir='ltr'><strong>dicat:</strong></span> <span class='ocrx_word' id='word_1_91' title='bbox 1261 2317 1337 2390; x_wconf 92' lang='lat' dir='ltr'><strong>imo</strong></span> <span class='ocrx_word' id='word_1_92' title='bbox 1379 2315 1543 2392; x_wconf 89' lang='lat' dir='ltr'><strong>similiter</strong></span> <span class='ocrx_word' id='word_1_93' title='bbox 1575 2317 1669 2391; x_wconf 87' lang='lat' dir='ltr'><strong>siout</strong></span> <span class='ocrx_word' id='word_1_94' title='bbox 1699 2317 1886 2393; x_wconf 75' lang='lat' dir='ltr'><strong>demones</strong></span> 
     </span>
     <span class='ocr_line' id='line_1_13' title="bbox 721 2435 1886 2532; baseline -0.003 -21"><span class='ocrx_word' id='word_1_95' title='bbox 721 2438 897 2513; x_wconf 86' lang='lat' dir='ltr'><strong>iecerunt.</strong></span> <span class='ocrx_word' id='word_1_96' title='bbox 924 2438 968 2510; x_wconf 79' lang='lat' dir='ltr'><strong>lit</strong></span> <span class='ocrx_word' id='word_1_97' title='bbox 991 2436 1050 2511; x_wconf 87' lang='lat' dir='ltr'><strong>lnic</strong></span> <span class='ocrx_word' id='word_1_98' title='bbox 1076 2441 1162 2511; x_wconf 90' lang='lat' dir='ltr'><strong>nota</strong></span> <span class='ocrx_word' id='word_1_99' title='bbox 1188 2436 1286 2530; x_wconf 89' lang='lat' dir='ltr'><strong>qnod</strong></span> <span class='ocrx_word' id='word_1_100' title='bbox 1311 2435 1379 2512; x_wconf 90' lang='lat' dir='ltr'><strong>ista</strong></span> <span class='ocrx_word' id='word_1_101' title='bbox 1403 2435 1573 2510; x_wconf 89' lang='lat' dir='ltr'><strong>solatiosa</strong></span> <span class='ocrx_word' id='word_1_102' title='bbox 1590 2437 1814 2532; x_wconf 88' lang='lat' dir='ltr'><strong>comparatio</strong></span> <span class='ocrx_word' id='word_1_103' title='bbox 1831 2445 1886 2511; x_wconf 91' lang='lat' dir='ltr'><strong>est</strong></span> 
     </span>
     <span class='ocr_line' id='line_1_14' title="bbox 721 2554 1886 2650; baseline -0.003 -18"><span class='ocrx_word' id='word_1_104' title='bbox 721 2557 826 2632; x_wconf 84' lang='lat' dir='ltr'><strong>valde</strong></span> <span class='ocrx_word' id='word_1_105' title='bbox 850 2555 1070 2631; x_wconf 86' lang='lat' dir='ltr'><strong>conveniens</strong></span> <span class='ocrx_word' id='word_1_106' title='bbox 1095 2561 1132 2629; x_wconf 91' lang='lat' dir='ltr'><strong>et</strong></span> <span class='ocrx_word' id='word_1_107' title='bbox 1156 2554 1313 2650; x_wconf 91' lang='lat' dir='ltr'><strong>propria,</strong></span> <span class='ocrx_word' id='word_1_108' title='bbox 1339 2555 1426 2648; x_wconf 91' lang='lat' dir='ltr'><strong>qnia</strong></span> <span class='ocrx_word' id='word_1_109' title='bbox 1451 2555 1545 2629; x_wconf 87' lang='lat' dir='ltr'><strong>sicut</strong></span> <span class='ocrx_word' id='word_1_110' title='bbox 1569 2555 1678 2649; x_wconf 85' lang='lat' dir='ltr'><strong>noqui</strong></span> <span class='ocrx_word' id='word_1_111' title='bbox 1703 2575 1789 2630; x_wconf 87' lang='lat' dir='ltr'><strong>oum</strong></span> <span class='ocrx_word' id='word_1_112' title='bbox 1815 2576 1886 2630; x_wconf 91' lang='lat' dir='ltr'><strong>nn-</strong></span> 
     </span>
     <span class='ocr_line' id='line_1_15' title="bbox 720 2673 1886 2768; baseline -0.001 -18"><span class='ocrx_word' id='word_1_113' title='bbox 720 2675 810 2750; x_wconf 89' lang='lat' dir='ltr'><strong>cinis</strong></span> <span class='ocrx_word' id='word_1_114' title='bbox 835 2674 971 2750; x_wconf 87' lang='lat' dir='ltr'><strong>iaciunt</strong></span> <span class='ocrx_word' id='word_1_115' title='bbox 995 2693 1124 2750; x_wconf 86' lang='lat' dir='ltr'><strong>carnes</strong></span> <span class='ocrx_word' id='word_1_116' title='bbox 1147 2673 1355 2768; x_wconf 81' lang='lat' dir='ltr'><strong>coquendas</strong></span> <span class='ocrx_word' id='word_1_117' title='bbox 1380 2679 1479 2748; x_wconf 88' lang='lat' dir='ltr'><strong>stare</strong></span> <span class='ocrx_word' id='word_1_118' title='bbox 1496 2674 1565 2748; x_wconf 91' lang='lat' dir='ltr'><strong>sub</strong></span> <span class='ocrx_word' id='word_1_119' title='bbox 1581 2695 1679 2767; x_wconf 87' lang='lat' dir='ltr'><strong>aqua</strong></span> <span class='ocrx_word' id='word_1_120' title='bbox 1699 2673 1886 2768; x_wconf 87' lang='lat' dir='ltr'><strong>bulliente,</strong></span> 
     </span>
     <span class='ocr_line' id='line_1_16' title="bbox 724 2793 1885 2889; baseline -0.003 -19"><span class='ocrx_word' id='word_1_121' title='bbox 724 2801 765 2870; x_wconf 93' lang='lat' dir='ltr'><strong>ut</strong></span> <span class='ocrx_word' id='word_1_122' title='bbox 797 2794 928 2870; x_wconf 91' lang='lat' dir='ltr'><strong>melius</strong></span> <span class='ocrx_word' id='word_1_123' title='bbox 957 2799 1164 2888; x_wconf 71' lang='lat' dir='ltr'><strong>coquantur</strong></span> <span class='ocrx_word' id='word_1_124' title='bbox 1195 2799 1232 2868; x_wconf 94' lang='lat' dir='ltr'><strong>et</strong></span> <span class='ocrx_word' id='word_1_125' title='bbox 1256 2814 1330 2868; x_wconf 93' lang='lat' dir='ltr'><strong>non</strong></span> <span class='ocrx_word' id='word_1_126' title='bbox 1359 2793 1533 2889; x_wconf 87' lang='lat' dir='ltr'><strong>recipiant</strong></span> <span class='ocrx_word' id='word_1_127' title='bbox 1557 2793 1722 2889; x_wconf 82' lang='lat' dir='ltr'><strong>lumum3</strong></span> <span class='ocrx_word' id='word_1_128' title='bbox 1755 2793 1804 2868; x_wconf 89' lang='lat' dir='ltr'><strong>ila</strong></span> <span class='ocrx_word' id='word_1_129' title='bbox 1829 2793 1885 2868; x_wconf 91' lang='lat' dir='ltr'><strong>isti</strong></span> 
     </span>
     <span class='ocr_line' id='line_1_17' title="bbox 722 2913 1887 3013; baseline -0.004 -21"><span class='ocrx_word' id='word_1_130' title='bbox 722 2915 845 3013; x_wconf 90' lang='lat' dir='ltr'><strong>magni</strong></span> <span class='ocrx_word' id='word_1_131' title='bbox 870 2913 1033 3010; x_wconf 83' lang='lat' dir='ltr'><strong>magistri</strong></span> <span class='ocrx_word' id='word_1_132' title='bbox 1058 2913 1224 3008; x_wconf 85' lang='lat' dir='ltr'><strong>coquinae</strong></span> <span class='ocrx_word' id='word_1_133' title='bbox 1250 2913 1386 2988; x_wconf 85' lang='lat' dir='ltr'><strong>iaciunt</strong></span> <span class='ocrx_word' id='word_1_134' title='bbox 1409 2933 1496 2987; x_wconf 85' lang='lat' dir='ltr'><strong>eum</strong></span> <span class='ocrx_word' id='word_1_135' title='bbox 1517 2915 1643 3010; x_wconf 84' lang='lat' dir='ltr'><strong>gratiis</strong></span> <span class='ocrx_word' id='word_1_136' title='bbox 1660 2914 1789 2989; x_wconf 84' lang='lat' dir='ltr'><strong>terreis</strong></span> <span class='ocrx_word' id='word_1_137' title='bbox 1808 2913 1887 2988; x_wconf 94' lang='lat' dir='ltr'><strong>ani-</strong></span> 
     </span>
     <span class='ocr_line' id='line_1_18' title="bbox 722 3019 1887 3129; baseline -0.003 -19"><span class='ocrx_word' id='word_1_138' title='bbox 722 3019 803 3110; x_wconf 87' lang='lat' dir='ltr'><strong>mas</strong></span> <span class='ocrx_word' id='word_1_139' title='bbox 833 3032 1047 3108; x_wconf 85' lang='lat' dir='ltr'><strong>cruciandas</strong></span> <span class='ocrx_word' id='word_1_140' title='bbox 1078 3039 1176 3108; x_wconf 89' lang='lat' dir='ltr'><strong>stare</strong></span> <span class='ocrx_word' id='word_1_141' title='bbox 1206 3033 1275 3107; x_wconf 89' lang='lat' dir='ltr'><strong>sub</strong></span> <span class='ocrx_word' id='word_1_142' title='bbox 1300 3032 1379 3128; x_wconf 83' lang='lat' dir='ltr'><strong>pice</strong></span> <span class='ocrx_word' id='word_1_143' title='bbox 1404 3032 1589 3128; x_wconf 88' lang='lat' dir='ltr'><strong>bulliente,</strong></span> <span class='ocrx_word' id='word_1_144' title='bbox 1616 3042 1657 3109; x_wconf 93' lang='lat' dir='ltr'><strong>ut</strong></span> <span class='ocrx_word' id='word_1_145' title='bbox 1682 3033 1798 3129; x_wconf 88' lang='lat' dir='ltr'><strong>magis</strong></span> <span class='ocrx_word' id='word_1_146' title='bbox 1822 3052 1887 3106; x_wconf 89' lang='lat' dir='ltr'><strong>co-</strong></span> 
     </span>
     <span class='ocr_line' id='line_1_19' title="bbox 721 3137 1888 3251; baseline -0.002 -21"><span class='ocrx_word' id='word_1_147' title='bbox 721 3162 894 3251; x_wconf 84' lang='lat' dir='ltr'><strong>quantur,</strong></span> <span class='ocrx_word' id='word_1_148' title='bbox 920 3159 959 3229; x_wconf 92' lang='lat' dir='ltr'><strong>et</strong></span> <span class='ocrx_word' id='word_1_149' title='bbox 981 3173 1029 3228; x_wconf 90' lang='lat' dir='ltr'><strong>ne</strong></span> <span class='ocrx_word' id='word_1_150' title='bbox 1052 3137 1178 3227; x_wconf 80' lang='lat' dir='ltr'><strong>bamus</strong></span> <span class='ocrx_word' id='word_1_151' title='bbox 1201 3152 1358 3227; x_wconf 86' lang='lat' dir='ltr'><strong>inlamiae</strong></span> <span class='ocrx_word' id='word_1_152' title='bbox 1383 3157 1491 3227; x_wconf 84' lang='lat' dir='ltr'><strong>exeat</strong></span> <span class='ocrx_word' id='word_1_153' title='bbox 1519 3153 1565 3227; x_wconf 89' lang='lat' dir='ltr'><strong>de</strong></span> <span class='ocrx_word' id='word_1_154' title='bbox 1589 3152 1680 3248; x_wconf 88' lang='lat' dir='ltr'><strong>pice,</strong></span> <span class='ocrx_word' id='word_1_155' title='bbox 1705 3152 1796 3227; x_wconf 86' lang='lat' dir='ltr'><strong>idest</strong></span> <span class='ocrx_word' id='word_1_156' title='bbox 1820 3153 1888 3228; x_wconf 90' lang='lat' dir='ltr'><strong>ba-</strong></span> 
     </span>
     <span class='ocr_line' id='line_1_20' title="bbox 711 3270 1826 3368; baseline -0.005 -19"><span class='ocrx_word' id='word_1_157' title='bbox 711 3275 868 3368; x_wconf 61' lang='lat' dir='ltr'><strong>‚rataria,</strong></span> <span class='ocrx_word' id='word_1_158' title='bbox 894 3280 930 3348; x_wconf 92' lang='lat' dir='ltr'><strong>et</strong></span> <span class='ocrx_word' id='word_1_159' title='bbox 955 3271 1090 3347; x_wconf 86' lang='lat' dir='ltr'><strong>inficiat</strong></span> <span class='ocrx_word' id='word_1_160' title='bbox 1115 3293 1253 3367; x_wconf 87' lang='lat' dir='ltr'><strong>aerem,</strong></span> <span class='ocrx_word' id='word_1_161' title='bbox 1279 3271 1414 3347; x_wconf 89' lang='lat' dir='ltr'><strong>scilicet</strong></span> <span class='ocrx_word' id='word_1_162' title='bbox 1438 3291 1487 3345; x_wconf 91' lang='lat' dir='ltr'><strong>ne</strong></span> <span class='ocrx_word' id='word_1_163' title='bbox 1509 3270 1762 3368; x_wconf 83' lang='lat' dir='ltr'><strong>divulgaretur</strong></span> <span class='ocrx_word' id='word_1_164' title='bbox 1776 3273 1788 3362; x_wconf 88' lang='lat'>(</span> <span class='ocrx_word' id='word_1_165' title='bbox 1801 3274 1826 3359; x_wconf 91' lang='grc'><strong>).</strong></span> 
     </span>
     <span class='ocr_line' id='line_1_21' title="bbox 795 3389 1889 3486; baseline -0.001 -20"><span class='ocrx_word' id='word_1_166' title='bbox 795 3398 844 3466; x_wconf 79' lang='lat' dir='ltr'><strong>Lo</strong></span> <span class='ocrx_word' id='word_1_167' title='bbox 870 3393 938 3466; x_wconf 80' lang='lat' dir='ltr'><strong>don</strong></span> <span class='ocrx_word' id='word_1_168' title='bbox 962 3397 1125 3466; x_wconf 85' lang='lat' dir='ltr'><strong>mnestro.</strong></span> <span class='ocrx_word' id='word_1_169' title='bbox 1152 3393 1223 3466; x_wconf 87' lang='lat' dir='ltr'><strong>lsta</strong></span> <span class='ocrx_word' id='word_1_170' title='bbox 1248 3397 1303 3466; x_wconf 88' lang='lat' dir='ltr'><strong>est</strong></span> <span class='ocrx_word' id='word_1_171' title='bbox 1318 3390 1425 3466; x_wconf 87' lang='lat' dir='ltr'><strong>tertia</strong></span> <span class='ocrx_word' id='word_1_172' title='bbox 1441 3410 1526 3485; x_wconf 89' lang='lat' dir='ltr'><strong>pars</strong></span> <span class='ocrx_word' id='word_1_173' title='bbox 1544 3389 1735 3486; x_wconf 89' lang='lat' dir='ltr'><strong>generalis,</strong></span> <span class='ocrx_word' id='word_1_174' title='bbox 1753 3390 1791 3464; x_wconf 94' lang='lat' dir='ltr'><strong>in</strong></span> <span class='ocrx_word' id='word_1_175' title='bbox 1815 3410 1889 3484; x_wconf 89' lang='lat' dir='ltr'><strong>qna</strong></span> 
     </span>
     <span class='ocr_line' id='line_1_22' title="bbox 721 3509 1888 3607; baseline -0.005 -19"><span class='ocrx_word' id='word_1_176' title='bbox 721 3519 831 3588; x_wconf 89' lang='lat' dir='ltr'><strong>autor</strong></span> <span class='ocrx_word' id='word_1_177' title='bbox 847 3511 1003 3588; x_wconf 87' lang='lat' dir='ltr'><strong>ostendit</strong></span> <span class='ocrx_word' id='word_1_178' title='bbox 1019 3509 1205 3606; x_wconf 87' lang='lat' dir='ltr'><strong>quomodo</strong></span> <span class='ocrx_word' id='word_1_179' title='bbox 1217 3509 1387 3607; x_wconf 83' lang='lat' dir='ltr'><strong>Virgilius</strong></span> <span class='ocrx_word' id='word_1_180' title='bbox 1405 3517 1442 3583; x_wconf 92' lang='lat' dir='ltr'><strong>et</strong></span> <span class='ocrx_word' id='word_1_181' title='bbox 1458 3509 1534 3604; x_wconf 86' lang='lat' dir='ltr'><strong>ipse</strong></span> <span class='ocrx_word' id='word_1_182' title='bbox 1548 3509 1782 3605; x_wconf 87' lang='lat' dir='ltr'><strong>pervenerint</strong></span> <span class='ocrx_word' id='word_1_183' title='bbox 1794 3511 1888 3584; x_wconf 88' lang='lat' dir='ltr'><strong>inter</strong></span> 
     </span>
     <span class='ocr_line' id='line_1_23' title="bbox 721 3629 1888 3728; baseline -0.003 -21"><span class='ocrx_word' id='word_1_184' title='bbox 721 3633 808 3707; x_wconf 87' lang='lat' dir='ltr'><strong>istos</strong></span> <span class='ocrx_word' id='word_1_185' title='bbox 833 3632 911 3707; x_wconf 87' lang='lat' dir='ltr'><strong>sine</strong></span> <span class='ocrx_word' id='word_1_186' title='bbox 935 3631 1146 3727; x_wconf 79' lang='lat' dir='ltr'><strong>offensione,</strong></span> <span class='ocrx_word' id='word_1_187' title='bbox 1171 3631 1234 3706; x_wconf 90' lang='lat' dir='ltr'><strong>sed</strong></span> <span class='ocrx_word' id='word_1_188' title='bbox 1259 3651 1345 3705; x_wconf 91' lang='lat' dir='ltr'><strong>cum</strong></span> <span class='ocrx_word' id='word_1_189' title='bbox 1371 3650 1506 3728; x_wconf 87' lang='lat' dir='ltr'><strong>magno</strong></span> <span class='ocrx_word' id='word_1_190' title='bbox 1534 3629 1699 3726; x_wconf 89' lang='lat' dir='ltr'><strong>periculo</strong></span> <span class='ocrx_word' id='word_1_191' title='bbox 1723 3636 1760 3706; x_wconf 86' lang='lat' dir='ltr'><strong>et</strong></span> <span class='ocrx_word' id='word_1_192' title='bbox 1785 3630 1888 3727; x_wconf 90' lang='lat' dir='ltr'><strong>inge-</strong></span> 
     </span>
     <span class='ocr_line' id='line_1_24' title="bbox 722 3749 1889 3848; baseline -0.002 -22"><span class='ocrx_word' id='word_1_193' title='bbox 722 3753 793 3826; x_wconf 92' lang='lat' dir='ltr'><strong>nio.</strong></span> <span class='ocrx_word' id='word_1_194' title='bbox 819 3753 864 3828; x_wconf 82' lang='lat' dir='ltr'><strong>nt</strong></span> <span class='ocrx_word' id='word_1_195' title='bbox 887 3751 1006 3847; x_wconf 89' lang='lat' dir='ltr'><strong>primo</strong></span> <span class='ocrx_word' id='word_1_196' title='bbox 1030 3751 1163 3826; x_wconf 81' lang='lat' dir='ltr'><strong>Dentes</strong></span> <span class='ocrx_word' id='word_1_197' title='bbox 1189 3749 1292 3848; x_wconf 88' lang='lat' dir='ltr'><strong>lingit</strong></span> <span class='ocrx_word' id='word_1_198' title='bbox 1315 3750 1414 3845; x_wconf 89' lang='lat' dir='ltr'><strong>quod</strong></span> <span class='ocrx_word' id='word_1_199' title='bbox 1439 3749 1610 3846; x_wconf 88' lang='lat' dir='ltr'><strong>Virgilius</strong></span> <span class='ocrx_word' id='word_1_200' title='bbox 1636 3749 1755 3845; x_wconf 89' lang='lat' dir='ltr'><strong>primo</strong></span> <span class='ocrx_word' id='word_1_201' title='bbox 1780 3750 1889 3825; x_wconf 90' lang='lat' dir='ltr'><strong>vadat</strong></span> 
     </span>
     <span class='ocr_line' id='line_1_25' title="bbox 721 3867 1888 3966; baseline -0.004 -19"><span class='ocrx_word' id='word_1_202' title='bbox 721 3871 768 3947; x_wconf 92' lang='lat' dir='ltr'><strong>ad</strong></span> <span class='ocrx_word' id='word_1_203' title='bbox 793 3870 1057 3966; x_wconf 82' lang='lat' dir='ltr'><strong>explorandum</strong></span> <span class='ocrx_word' id='word_1_204' title='bbox 1081 3869 1111 3944; x_wconf 88' lang='lat' dir='ltr'><strong>si</strong></span> <span class='ocrx_word' id='word_1_205' title='bbox 1135 3876 1280 3966; x_wconf 89' lang='lat' dir='ltr'><strong>poterat</strong></span> <span class='ocrx_word' id='word_1_206' title='bbox 1311 3869 1448 3944; x_wconf 90' lang='lat' dir='ltr'><strong>habere</strong></span> <span class='ocrx_word' id='word_1_207' title='bbox 1477 3888 1624 3964; x_wconf 89' lang='lat' dir='ltr'><strong>passum</strong></span> <span class='ocrx_word' id='word_1_208' title='bbox 1654 3867 1825 3964; x_wconf 91' lang='lat' dir='ltr'><strong>liberum,</strong></span> <span class='ocrx_word' id='word_1_209' title='bbox 1850 3874 1888 3944; x_wconf 89' lang='lat' dir='ltr'><strong>et</strong></span> 
     </span>
     <span class='ocr_line' id='line_1_26' title="bbox 721 3986 1889 4084; baseline -0.002 -20"><span class='ocrx_word' id='word_1_210' title='bbox 721 3990 806 4066; x_wconf 87' lang='lat' dir='ltr'><strong>lecit</strong></span> <span class='ocrx_word' id='word_1_211' title='bbox 829 3997 927 4065; x_wconf 90' lang='lat' dir='ltr'><strong>stare</strong></span> <span class='ocrx_word' id='word_1_212' title='bbox 951 3991 1106 4065; x_wconf 84' lang='lat' dir='ltr'><strong>Dantem</strong></span> <span class='ocrx_word' id='word_1_213' title='bbox 1131 3989 1316 4065; x_wconf 89' lang='lat' dir='ltr'><strong>latentem.</strong></span> <span class='ocrx_word' id='word_1_214' title='bbox 1338 3989 1415 4064; x_wconf 85' lang='lat' dir='ltr'><strong>Hoc</strong></span> <span class='ocrx_word' id='word_1_215' title='bbox 1433 3995 1558 4064; x_wconf 87' lang='lat' dir='ltr'><strong>autem</strong></span> <span class='ocrx_word' id='word_1_216' title='bbox 1582 3986 1685 4084; x_wconf 90' lang='lat' dir='ltr'><strong>lingit</strong></span> <span class='ocrx_word' id='word_1_217' title='bbox 1705 3993 1747 4061; x_wconf 91' lang='lat' dir='ltr'><strong>ut</strong></span> <span class='ocrx_word' id='word_1_218' title='bbox 1764 3997 1889 4064; x_wconf 89' lang='lat' dir='ltr'><strong>osten-</strong></span> 
     </span>
     <span class='ocr_line' id='line_1_27' title="bbox 721 4107 1889 4207; baseline -0.002 -22"><span class='ocrx_word' id='word_1_219' title='bbox 721 4110 794 4206; x_wconf 89' lang='lat' dir='ltr'><strong>dat,</strong></span> <span class='ocrx_word' id='word_1_220' title='bbox 820 4110 918 4204; x_wconf 87' lang='lat' dir='ltr'><strong>quod</strong></span> <span class='ocrx_word' id='word_1_221' title='bbox 942 4129 1029 4184; x_wconf 90' lang='lat' dir='ltr'><strong>oum</strong></span> <span class='ocrx_word' id='word_1_222' title='bbox 1055 4130 1189 4207; x_wconf 89' lang='lat' dir='ltr'><strong>magna</strong></span> <span class='ocrx_word' id='word_1_223' title='bbox 1208 4114 1295 4185; x_wconf 88' lang='lat' dir='ltr'><strong>arte</strong></span> <span class='ocrx_word' id='word_1_224' title='bbox 1319 4108 1365 4183; x_wconf 91' lang='lat' dir='ltr'><strong>sit</strong></span> <span class='ocrx_word' id='word_1_225' title='bbox 1389 4107 1552 4183; x_wconf 91' lang='lat' dir='ltr'><strong>eundum</strong></span> <span class='ocrx_word' id='word_1_226' title='bbox 1580 4107 1803 4202; x_wconf 86' lang='lat' dir='ltr'><strong>porcariam</strong></span> <span class='ocrx_word' id='word_1_227' title='bbox 1821 4108 1889 4183; x_wconf 91' lang='lat' dir='ltr'><strong>ba·</strong></span> 
     </span>
     <span class='ocr_line' id='line_1_28' title="bbox 721 4213 1888 4324; baseline -0.004 -18"><span class='ocrx_word' id='word_1_228' title='bbox 721 4231 955 4324; x_wconf 82' lang='lat' dir='ltr'><strong>rotariorum,</strong></span> <span class='ocrx_word' id='word_1_229' title='bbox 981 4230 1143 4304; x_wconf 81' lang='lat' dir='ltr'><strong>maxime</strong></span> <span class='ocrx_word' id='word_1_230' title='bbox 1163 4229 1311 4324; x_wconf 91' lang='lat' dir='ltr'><strong>quando</strong></span> <span class='ocrx_word' id='word_1_231' title='bbox 1328 4230 1440 4304; x_wconf 89' lang='lat' dir='ltr'><strong>homo</strong></span> <span class='ocrx_word' id='word_1_232' title='bbox 1461 4213 1516 4304; x_wconf 89' lang='lat' dir='ltr'><strong>est</strong></span> <span class='ocrx_word' id='word_1_233' title='bbox 1532 4227 1743 4324; x_wconf 86' lang='lat' dir='ltr'><strong>inexpertus</strong></span> <span class='ocrx_word' id='word_1_234' title='bbox 1760 4233 1798 4302; x_wconf 87' lang='lat' dir='ltr'><strong>et</strong></span> <span class='ocrx_word' id='word_1_235' title='bbox 1814 4248 1888 4301; x_wconf 93' lang='lat' dir='ltr'><strong>non</strong></span> 
     </span>
     <span class='ocr_line' id='line_1_29' title="bbox 721 4347 1888 4446; baseline -0.004 -21"><span class='ocrx_word' id='word_1_236' title='bbox 721 4351 822 4426; x_wconf 83' lang='lat' dir='ltr'><strong>novit</strong></span> <span class='ocrx_word' id='word_1_237' title='bbox 846 4369 977 4426; x_wconf 91' lang='lat' dir='ltr'><strong>eornm</strong></span> <span class='ocrx_word' id='word_1_238' title='bbox 1004 4351 1157 4424; x_wconf 87' lang='lat' dir='ltr'><strong>latentes</strong></span> <span class='ocrx_word' id='word_1_239' title='bbox 1190 4347 1344 4423; x_wconf 88' lang='lat' dir='ltr'><strong>insidias.</strong></span> <span class='ocrx_word' id='word_1_240' title='bbox 1371 4347 1541 4446; x_wconf 87' lang='lat' dir='ltr'><strong>Virgilius</strong></span> <span class='ocrx_word' id='word_1_241' title='bbox 1573 4354 1699 4422; x_wconf 90' lang='lat' dir='ltr'><strong>autem</strong></span> <span class='ocrx_word' id='word_1_242' title='bbox 1733 4347 1888 4422; x_wconf 84' lang='lat' dir='ltr'><strong>babebat</strong></span> 
     </span>
     <span class='ocr_line' id='line_1_30' title="bbox 721 4465 1887 4564; baseline -0.004 -19"><span class='ocrx_word' id='word_1_243' title='bbox 721 4469 983 4564; x_wconf 82' lang='lat' dir='ltr'><strong>experientiam</strong></span> <span class='ocrx_word' id='word_1_244' title='bbox 1016 4468 1124 4542; x_wconf 92' lang='lat' dir='ltr'><strong>huius</strong></span> <span class='ocrx_word' id='word_1_245' title='bbox 1156 4469 1236 4563; x_wconf 88' lang='lat' dir='ltr'><strong>loci,</strong></span> <span class='ocrx_word' id='word_1_246' title='bbox 1262 4469 1397 4544; x_wconf 87' lang='lat' dir='ltr'><strong>Dantes</strong></span> <span class='ocrx_word' id='word_1_247' title='bbox 1424 4487 1515 4543; x_wconf 84' lang='lat' dir='ltr'><strong>vero</strong></span> <span class='ocrx_word' id='word_1_248' title='bbox 1546 4486 1638 4563; x_wconf 85' lang='lat' dir='ltr'><strong>non3</strong></span> <span class='ocrx_word' id='word_1_249' title='bbox 1664 4466 1746 4542; x_wconf 89' lang='lat' dir='ltr'><strong>ideo</strong></span> <span class='ocrx_word' id='word_1_250' title='bbox 1779 4465 1887 4543; x_wconf 89' lang='lat' dir='ltr'><strong>dicit:</strong></span> 
     </span>
     <span class='ocr_line' id='line_1_31' title="bbox 721 4573 1886 4684; baseline -0.001 -24"><span class='ocrx_word' id='word_1_251' title='bbox 721 4592 770 4660; x_wconf 79' lang='lat' dir='ltr'><strong>Lo</strong></span> <span class='ocrx_word' id='word_1_252' title='bbox 794 4588 863 4661; x_wconf 80' lang='lat' dir='ltr'><strong>ton</strong></span> <span class='ocrx_word' id='word_1_253' title='bbox 887 4595 1050 4682; x_wconf 65' lang='lat' dir='ltr'><strong>mostra</strong></span> <span class='ocrx_word' id='word_1_254' title='bbox 1076 4587 1211 4662; x_wconf 84' lang='lat' dir='ltr'><strong>scilicet</strong></span> <span class='ocrx_word' id='word_1_255' title='bbox 1237 4587 1405 4684; x_wconf 90' lang='lat' dir='ltr'><strong>Virgilius</strong></span> <span class='ocrx_word' id='word_1_256' title='bbox 1430 4586 1493 4682; x_wconf 90' lang='lat' dir='ltr'><strong>qni</strong></span> <span class='ocrx_word' id='word_1_257' title='bbox 1510 4586 1655 4662; x_wconf 85' lang='lat' dir='ltr'><strong>cautius</strong></span> <span class='ocrx_word' id='word_1_258' title='bbox 1674 4585 1806 4683; x_wconf 89' lang='lat' dir='ltr'><strong>agebat</strong></span> <span class='ocrx_word' id='word_1_259' title='bbox 1825 4573 1886 4660; x_wconf 89' lang='lat' dir='ltr'><strong>ubi</strong></span> 
     </span>
     <span class='ocr_line' id='line_1_32' title="bbox 721 4697 1887 4804; baseline -0.003 -22"><span class='ocrx_word' id='word_1_260' title='bbox 721 4707 839 4784; x_wconf 92' lang='lat' dir='ltr'><strong>maius</strong></span> <span class='ocrx_word' id='word_1_261' title='bbox 864 4706 1068 4804; x_wconf 85' lang='lat' dir='ltr'><strong>periculum</strong></span> <span class='ocrx_word' id='word_1_262' title='bbox 1094 4707 1308 4782; x_wconf 89' lang='lat' dir='ltr'><strong>imminebat</strong></span> <span class='ocrx_word' id='word_1_263' title='bbox 1320 4697 1371 4801; x_wconf 75' lang='lat'><strong>(⁰),</strong></span> <span class='ocrx_word' id='word_1_264' title='bbox 1401 4710 1450 4781; x_wconf 81' lang='lat' dir='ltr'><strong>mi</strong></span> <span class='ocrx_word' id='word_1_265' title='bbox 1477 4709 1593 4780; x_wconf 72' lang='lat' dir='ltr'><strong>dore.-</strong></span> <span class='ocrx_word' id='word_1_266' title='bbox 1620 4701 1887 4798; x_wconf 67' lang='lat' dir='ltr'><strong>pritanum,</strong></span> 
     </span>
     <span class='ocr_line' id='line_1_33' title="bbox 781 4919 1601 4986; baseline -0.016 -2"><span class='ocrx_word' id='word_1_267' title='bbox 781 4919 976 4986; x_wconf 58' lang='lat' dir='ltr'><strong>libertam-</strong></span> <span class='ocrx_word' id='word_1_268' title='bbox 1387 4919 1601 4986; x_wconf 62' lang='lat' dir='ltr'><strong>menapum„</strong></span> 
     </span>
    </p>
   </div>
   <div class='ocr_carea' id='block_1_4' title="bbox 782 4995 1654 5140">
    <p class='ocr_par' dir='ltr' id='par_1_4' title="bbox 782 4995 1654 5140">
     <span class='ocr_line' id='line_1_34' title="bbox 783 4995 1576 5062; baseline -0.003 -14"><span class='ocrx_word' id='word_1_269' title='bbox 783 4995 811 5058; x_wconf 81' lang='lat'><strong>(⁸)</strong></span> <span class='ocrx_word' id='word_1_270' title='bbox 827 5000 880 5058; x_wconf 85' lang='lat' dir='ltr'><strong>tlt,</strong></span> <span class='ocrx_word' id='word_1_271' title='bbox 896 4996 966 5060; x_wconf 79' lang='lat' dir='ltr'><strong>qnod</strong></span> <span class='ocrx_word' id='word_1_272' title='bbox 981 4997 1016 5048; x_wconf 77' lang='lat' dir='ltr'><strong>lta</strong></span> <span class='ocrx_word' id='word_1_273' title='bbox 1031 4997 1169 5050; x_wconf 64' lang='lat' dir='ltr'><strong>damona.</strong></span> <span class='ocrx_word' id='word_1_274' title='bbox 1386 4996 1413 5062; x_wconf 60' lang='grc' dir='ltr'><strong>θ)</strong></span> <span class='ocrx_word' id='word_1_275' title='bbox 1429 4997 1461 5048; x_wconf 76' lang='lat' dir='ltr'><strong>n</strong></span> <span class='ocrx_word' id='word_1_276' title='bbox 1478 5009 1576 5048; x_wconf 67' lang='lat' dir='ltr'><strong>omna.</strong></span> 
     </span>
     <span class='ocr_line' id='line_1_35' title="bbox 782 5072 1654 5140; baseline -0.018 0"><span class='ocrx_word' id='word_1_277' title='bbox 782 5072 1022 5140; x_wconf 65' lang='lat' dir='ltr'><strong>zusammen.</strong></span> <span class='ocrx_word' id='word_1_278' title='bbox 1388 5074 1415 5137; x_wconf 76' lang='lat' dir='ltr'><strong>or</strong></span> <span class='ocrx_word' id='word_1_279' title='bbox 1432 5075 1654 5136; x_wconf 68' lang='grc' dir='ltr'>ιιιιιιωιιιιι</span> 
     </span>
    </p>
   </div>
   <div class='ocr_carea' id='block_1_5' title="bbox 0 0 2272 6836">
    <p class='ocr_par' dir='ltr' id='par_1_5' title="bbox 0 0 2272 6836">
     <span class='ocr_line' id='line_1_36' title="bbox 0 0 2272 6836; baseline 0 0"><span class='ocrx_word' id='word_1_280' title='bbox 0 0 2272 6836; x_wconf 95' lang='lat' dir='ltr'><strong> </strong></span> 
     </span>
    </p>
   </div>
  </div>
 </body>
</html>
