4566 6844
731 953 802 1020 518
1120 963 1325 1020 domimi
1347 967 1499 1022 mmm

729 1107 889 1184 mediam
914 1105 1062 1182 turbam
1087 1107 1296 1182 astantium.
1322 1108 1367 1185 Et
1391 1107 1565 1184 continuo
1594 1109 1775 1186 Etbiocles
1802 1112 1902 1188 misit

611 1299 615 1308 .
729 1227 861 1304 milites
885 1225 1121 1302 electissimos
1140 1227 1408 1325 quinquaginta
1424 1247 1511 1302 cum
1528 1228 1669 1324 lurore,
1688 1231 1753 1324 qni
1772 1251 1903 1326 perse-

729 1355 935 1444 querentur
960 1357 998 1426 ot
1028 1345 1254 1422 trucidarent
1280 1347 1445 1446 Tydeum
1472 1348 1719 1444 recedentem,
1746 1351 1811 1446 qui
1836 1373 1901 1447 pa·

729 1475 907 1544 raverunt
932 1465 1000 1540 sibi
1025 1465 1170 1542 insidias
1194 1487 1329 1562 parum
1354 1468 1513 1565 alonge
1545 1488 1570 1544 a
1598 1467 1730 1544 Thebis
1758 1470 1796 1544 in
1821 1471 1904 1546 loco

727 1592 961 1683 opportun03
993 1593 1031 1662 et
1067 1586 1230 1661 breuiter
1259 1585 1405 1683 Tydeus
1442 1605 1571 1662 omnes
1604 1587 1735 1663 occidit
1767 1595 1903 1684 preter

729 1729 847 1784 uuum
872 1703 995 1782 solum
1021 1706 1084 1800 qui
1109 1706 1260 1782 nuntius
1284 1706 1399 1782 ferret
1413 1699 1450 1798 (¹)
1473 1706 1626 1783 iactum.
1652 1707 1723 1784 Sed
1748 1707 1795 1784 de
1819 1710 1901 1804 bo'c,

728 1829 855 1922 lector,
881 1847 955 1902 non
969 1817 1007 1920 (¹)
1026 1826 1134 1902 nimis
1152 1826 1279 1922 miror,
1297 1827 1384 1921 quia
1406 1826 1552 1923 Tydeus
1579 1833 1661 1902 erat
1684 1829 1901 1906 naturaliter

728 1947 959 2041 fortissimus,
972 1952 1010 2023 et
1021 1945 1291 2022 accidentaliter
1307 1965 1486 2022 accensus
1498 1946 1704 2042 jnstisstma
1717 1947 1791 2042 ira5
1809 1954 1846 2024 et
1861 1950 1900 2024 in

728 2067 810 2142 loco
840 2067 915 2142 alto
945 2065 1136 2141 adherens
1166 2064 1282 2140 monti
1312 2085 1400 2140 cum
1433 2071 1539 2162 tergo
1571 2065 1724 2142 incditer
1756 2073 1900 2162 poterat

729 2192 894 2261 mactare
919 2190 956 2260 et
984 2183 1211 2279 precipitare
1241 2183 1424 2259 subiectos
1455 2183 1523 2260 sibi
1549 2184 1587 2258 in
1618 2185 1699 2260 loeo
1724 2185 1899 2282 interiori,

728 2305 792 2399 qui
809 2295 845 2396 (³)
875 2324 1009 2399 parum
1038 2309 1207 2398 poterant
1240 2302 1374 2378 ledere
1400 2323 1501 2379 eum.
1534 2303 1605 2380 Sed
1635 2304 1751 2401 magis
1782 2305 1899 2382 miror

728 2423 828 2519 quod
841 2422 1025 2498 Homerus
1043 2428 1081 2497 et
1096 2421 1232 2496 Statius
1249 2421 1313 2516 qui
1330 2421 1498 2516 sequitur
1515 2441 1615 2516 eum,
1628 2430 1770 2518 ponunt
1786 2424 1896 2498 istum

729 2563 857 2639 regem
883 2543 1065 2616 famosum
1082 2529 1119 2632 (⁸)
1144 2541 1308 2637 legatum
1334 2546 1388 2614 tot
1413 2559 1561 2636 regum,
1587 2540 1700 2616 tuisse
1724 2542 1844 2616 solum
1861 2542 1899 2616 in

728 2661 797 2736 ista
830 2660 1027 2757 legatione,
1061 2660 1111 2736 ite
1145 2659 1244 2753 quod
1277 2679 1352 2734 non
1386 2659 1533 2735 ridetur
1565 2661 1738 2738 babuisse
1771 2681 1898 2738 secum

655 2795 662 2802 ’
728 2802 848 2855 unum
868 2779 1109 2878 armigerum,
1123 2780 1182 2856 vel
1198 2779 1310 2854 rilem
1327 2779 1591 2874 stabularium3
1609 2788 1749 2874 quanto
1767 2781 1899 2857 melius

727 2899 899 2996 Virgilius
924 2899 987 2993 qui
1013 2898 1111 2992 lacit,
1129 2898 1227 2992 quod
1245 2897 1362 2974 Encas
1379 2897 1482 2972 misit
1498 2906 1649 2974 centum
1664 2907 1833 2976 oratores
1851 2901 1899 2976 ad

728 3039 856 3115 regem
868 3017 1050 3094 Latirmm.
1069 3017 1208 3094 Deinde
1226 3017 1323 3092 sicut
1339 3017 1464 3092 scribit
1479 3017 1617 3094 Statius
1636 3019 1672 3094 in
1689 3020 1760 3114 Vll,
1779 3025 1898 3098 stenle

727 3139 916 3216 obsidione
940 3139 1038 3213 circa
1063 3137 1216 3231 Thebas,
1234 3137 1379 3212 locasta
1407 3137 1611 3215 tristissima
1634 3139 1833 3216 mulierum
1858 3139 1896 3213 in

728 3259 854 3334 babitu
880 3256 1190 3332 miserabilissimo
1208 3255 1309 3331 venit
1327 3255 1374 3332 ad
1399 3262 1520 3332 castra
1544 3257 1591 3332 ad
1616 3257 1733 3334 lilium
1752 3257 1897 3356 Polyni-

727 3397 821 3474 cem,
847 3385 885 3453 et
910 3377 1019 3473 coepit
1043 3377 1235 3471 increpare
1260 3375 1376 3470 illum,
1400 3377 1464 3470 qui
1492 3377 1706 3456 ostendebat
1730 3379 1797 3454 sibi
1821 3378 1896 3473 pic·

727 3505 841 3574 tatem
867 3497 1025 3592 filialem,
1050 3495 1251 3572 admonens
1283 3502 1325 3570 ut
1353 3497 1509 3591 ipsemet
1538 3499 1609 3574 iret
1639 3517 1767 3574 secum
1801 3499 1897 3572 intra

727 3617 873 3707 urbem,
899 3622 938 3692 et
961 3620 1145 3710 repeteret
1171 3633 1329 3710 regnum
1364 3635 1387 3690 a
1420 3614 1545 3711 fratre,
1571 3617 1657 3710 quin
1689 3622 1755 3692 aut
1784 3617 1898 3691 irater

674 3773 678 3779 ·
728 3735 909 3829 redderet,
930 3739 996 3810 aut
1012 3733 1089 3828 ipse
1105 3738 1313 3808 resumeret
1330 3754 1437 3811 arma
1447 3735 1604 3830 justiore
1619 3755 1742 3810 causa.
1761 3735 1805 3808 Et
1816 3734 1897 3830 jam

727 3855 917 3958 Polynices
934 3853 1127 3929 videbatur
1151 3852 1295 3929 moveri
1320 3853 1492 3952 lacrymis
1517 3861 1555 3930 et
1579 3855 1750 3950 precibus
1770 3851 1899 3929 matris

727 3982 765 4052 et
790 3993 974 4067 sororum,
1009 3991 1078 4047 nec
1107 3971 1282 4048 Adrastus
1312 3993 1426 4048 senex
1456 3975 1627 4068 vetabat3
1660 3974 1724 4050 sed
1755 3972 1899 4068 Tydeus

726 4113 872 4170 memor
884 4094 995 4189 Justae
1016 4091 1080 4165 irae
1097 4090 1291 4186 interrupit
1306 4083 1356 4186 (⁶),
1374 4092 1519 4170 dicens:
1538 4093 1670 4169 mittite
1685 4091 1807 4188 potius
1823 4111 1895 4183 me,

726 4234 751 4289 o
777 4213 876 4309 socii,
902 4212 966 4307 qui
991 4217 1168 4307 expertus
1192 4232 1276 4286 sum
1303 4211 1411 4288 fidem
1438 4213 1617 4308 Ethioclis,
1635 4213 1742 4288 cuius
1767 4231 1896 4308 pacem

726 4333 914 4432 egregiam
940 4338 978 4408 et
1003 4333 1099 4408 bona
1125 4330 1264 4408 foedera
1289 4339 1397 4428 porto
1420 4333 1543 4408 adbuc
1573 4333 1610 4407 in
1640 4340 1790 4429 pectore
1814 4333 1893 4422 boc,

727 4455 791 4528 ubi
809 4460 896 4529 tunc
921 4459 1002 4529 erat
1029 4458 1149 4529 mater
1174 4451 1367 4528 mediatrix
1389 4451 1472 4528 fidei
1492 4459 1530 4528 ot
1548 4453 1666 4549 pacis,
1688 4453 1759 4529 duc
1776 4471 1837 4526 me
1857 4451 1894 4524 in

727 4573 831 4646 illum
857 4592 1031 4667 campum
1056 4571 1120 4666 qui
1146 4581 1202 4648 est
1225 4571 1370 4669 pinguis
1390 4572 1568 4670 sanguine
1589 4582 1710 4650 vestro
1735 4577 1771 4648 et
1795 4589 1893 4646 meo.

726 4691 807 4766 Heu
833 4690 989 4764 nimium
1015 4690 1112 4764 mitis
1141 4691 1209 4766 ista
1233 4691 1412 4788 plorabat,
1441 4703 1479 4772 et
1515 4699 1556 4768 tu
1590 4712 1696 4769 arma
1724 4690 1896 4787 depones,

726 4810 802 4884 beu
827 4809 993 4884 demens!
1017 4830 1066 4885 au
1092 4809 1152 4884 ille
1176 4829 1264 4885 cum
1285 4811 1433 4889 babebit
1458 4819 1496 4887 te
1520 4812 1688 4886 odiosum
1714 4811 1897 4886 inclusum

789 4999 815 5056 ζ’)
832 4999 887 5056 m,
903 4995 1099 5048 mrumst-ll.
1114 4997 1212 5049 retulit.
1276 4995 1304 5058 (¹)
1320 4996 1346 5048 S.
1363 5011 1415 5048 oon
1431 5001 1525 5050 minus.
1535 4999 1605 5048 -E,
1622 5009 1674 5048 non
1691 4997 1769 5046 nimio
1784 4995 1895 5044 mireris.

790 5073 817 5137 l')
834 5073 865 5124 n.
881 5073 950 5138 qula
1276 5074 1304 5138 (¹)
1320 5074 1352 5126 Ε.
1368 5074 1506 5126 lutosum.
1646 5075 1674 5135 υ)
1690 5076 1745 5136 rto,
1761 5071 1896 5134 rampart
