4580 6844
727 967 866 1026 murus
890 967 1082 1026 moremus
1106 965 1277 1028 munros.
1515 951 1586 1028 eir

412 1113 669 1194 mosaicorum
693 1114 731 1190 in
756 1113 887 1192 Tuscia
915 1114 962 1194 ad
991 1111 1216 1190 obviandum
1249 1110 1467 1192 comacina.
1490 1111 1587 1189 Coo·

412 1235 562 1314 rodinus
587 1233 764 1315 recedens
779 1234 829 1310 ab
845 1234 940 1312 orbe
966 1251 1053 1310 com
1079 1251 1218 1329 magno
1242 1230 1411 1308 caercilu
1436 1249 1588 1328 perman

411 1373 546 1430 uorum
582 1359 620 1432 el
652 1353 824 1430 italorum
839 1345 891 1448 (¹),
915 1351 1074 1428 mcmlus
1110 1369 1197 1426 cnm
1234 1349 1383 1428 domino
1415 1349 1587 1443 ilenrico,

410 1472 475 1568 qul
511 1472 669 1568 habehat
708 1473 787 1550 lere
818 1471 1046 1569 ocimpenlos
1082 1469 1195 1550 iorlcs
1233 1467 1366 1546 milites
1403 1469 1584 1564 hispanos,

411 1591 528 1670 uoluit
557 1591 680 1670 locere
713 1590 811 1668 viam
844 1611 913 1686 per
941 1589 1192 1686 Campaniam,
1224 1588 1311 1692 quia
1341 1589 1454 1670 aemil
1486 1589 1586 1684 quod

412 1729 540 1806 passus
564 1709 741 1806 Gepcrani
767 1715 848 1787 erat
872 1709 967 1788 benc
992 1709 1176 1801 munitum
1202 1707 1266 1786 scd
1296 1707 1380 1785 lccll
1406 1707 1503 1784 riam
1529 1707 1587 1783 in-

413 1837 472 1910 ler
496 1835 639 1906 montes
662 1829 804 1925 Aprulii
835 1835 873 1906 el
902 1828 1111 1925 Campania
1134 1848 1202 1925 per
1229 1827 1370 1909 Vallem
1401 1827 1523 1922 Colle,
1550 1837 1588 1908 el

414 1948 493 2026 sine
529 1947 652 2042 aliqua
689 1947 894 2026 resistentia
936 1947 1115 2024 transiens
1153 1946 1320 2042 perreoil
1357 1947 1395 2025 io
1435 1947 1586 2042 planum

412 2067 528 2146 sancti
559 2067 739 2146 Valentini
769 2067 806 2144 ln
840 2073 1020 2160 contrata,
1055 2087 1140 2161 qum
1172 2066 1306 2150 dicitnr
1339 2066 1587 2164 Tnglicoozao.

414 2187 567 2264 carolus
591 2187 751 2264 sentiens
774 2187 976 2264 adventum
1001 2186 1210 2282 corradini,
1235 2185 1385 2264 recessit
1408 2178 1484 2280 a(¹)
1512 2187 1590 2266 Nu-

415 2307 526 2402 ceria,
551 2307 615 2382 ubi
639 2305 782 2382 eratin
814 2305 1012 2401 obsidione,
1042 2314 1080 2382 cl
1110 2305 1253 2402 maguis
1284 2305 1389 2382 dietis
1422 2304 1590 2400 perreoll

414 2427 462 2504 ad
491 2425 673 2521 Aquilam.
708 2427 789 2514 Quo
823 2423 968 2504 moliole
999 2423 1215 2503 confirmata
1243 2425 1280 2504 in
1316 2423 1388 2506 lide
1420 2443 1489 2502 soa
1522 2441 1589 2516 per

416 2553 669 2622 transversum
696 2545 877 2621 montium
900 2543 1067 2640 pervenil
1084 2543 1425 2642 propc'ereroilum
1448 2541 1589 2624 Conra-

414 2664 489 2740 dini
515 2664 553 2740 in
581 2663 677 2742 dicta
702 2663 859 2760 planicie,
885 2670 923 2740 et
947 2663 1106 2742 habebat
1129 2663 1251 2740 minus
1272 2681 1385 2758 quam
1411 2662 1481 2743 lria
1506 2661 1590 2744 mie

416 2784 465 2860 lia
489 2785 695 2880 hominurn,
720 2791 758 2859 el
787 2785 908 2861 solum
933 2783 1072 2860 llumen
1105 2790 1186 2859 erat
1217 2783 1255 2861 in
1281 2782 1402 2862 medio
1426 2782 1588 2862 duorum

416 2903 662 2980 exercituum.
695 2904 798 2978 Tunc
830 2902 981 2998 quidam
1007 2902 1111 2979 miles
1142 2901 1291 2980 francus
1319 2921 1445 3001 moer,
1470 2901 1591 2982 bonus

417 3029 455 3098 el
479 3022 651 3120 prudens,
678 3030 831 3100 vocatus
863 3022 1034 3099 dominus
1068 3020 1236 3117 Alendus,
1267 3022 1331 3118 qui
1366 3021 1511 3102 rediens
1545 3020 1592 3096 de
1718 3044 1723 3054 ·

418 3143 516 3218 ultra
542 3161 684 3218 marca
705 3143 820 3218 Terra
844 3141 977 3218 &nola
998 3141 1066 3216 illis
1083 3140 1212 3216 diebus
1228 3143 1421 3237 appulerat
1438 3141 1474 3218 in
1490 3141 1592 3238 lpu-

418 3262 520 3357 liam,
545 3261 671 3339 videns
695 3281 851 3356 paucum
868 3251 905 3353 (³)
931 3266 1081 3358 gentem
1106 3260 1240 3356 Caroli,
1257 3269 1295 3338 el
1319 3281 1455 3358 paucas
1481 3261 1589 3355 virm,

418 3380 508 3456 dixit
534 3380 688 3457 fideliler
711 3381 854 3476 Carolo,
880 3379 979 3475 quod
1004 3380 1034 3457 si
1060 3381 1205 3458 volcbal
1230 3399 1310 3458 csse
1334 3381 1463 3477 victor,
1483 3401 1594 3478 opor-

417 3501 519 3578 tebat
544 3499 598 3576 nli
623 3499 742 3598 magis
766 3506 847 3576 arte
873 3499 956 3578 belli
989 3520 1103 3596 quam
1134 3501 1282 3576 viribus.
1314 3501 1468 3580 Carolus
1493 3503 1592 3580 mul·

417 3628 496 3697 lom
523 3620 638 3698 lideus
662 3619 855 3717 prudentia
884 3615 992 3715 senis,
1018 3620 1201 3698 commisii
1217 3621 1352 3698 Alardo
1375 3627 1495 3700 tolum
1522 3641 1589 3702 oe-

415 3741 558 3837 golium
598 3740 692 3816 illius
729 3739 825 3818 belli.
858 3738 1013 3817 Alamos
1051 3761 1143 3837 erpo
1182 3739 1363 3818 ordinarit
1399 3741 1590 3839 degente

417 3859 538 3936 Caroli
563 3870 639 3936 tres
662 3858 775 3954 acies,
793 3867 831 3937 el
849 3859 895 3936 dc
912 3860 1030 3957 prima
1048 3859 1133 3937 lecit
1149 3861 1382 3955 capitaneum
1398 3860 1590 3942 dominum

417 3979 616 4054 ilenricum
643 3979 690 4056 de
714 3979 908 4056 Consentia
925 3979 1079 4055 militem
1098 3998 1275 4074 magnum
1293 3997 1460 4075 corpore,
1477 4001 1590 4076 quem

417 4099 504 4174 lecit
528 4098 666 4175 armari
690 4099 804 4174 armis
829 4104 868 4174 cl
891 4096 1115 4194 soperslguis
1140 4097 1326 4194 regalibus
1340 4087 1391 4192 (⁸),
1416 4099 1498 4176 loco
1522 4099 1592 4176 Ca·

419 4217 500 4313 roli,
522 4217 586 4313 qui
610 4217 767 4294 ducebal
783 4216 1036 4314 provinciales,
1054 4215 1275 4311 lombardos,
1293 4221 1416 4292 luscos
1433 4223 1471 4294 el
1491 4239 1594 4296 cum-

419 4357 545 4433 panos.
584 4337 752 4413 sccunm
788 4337 887 4414 acies
924 4335 992 4412 lull
1029 4355 1077 4412 cx
1103 4335 1247 4430 francis,
1270 4336 1376 4412 cuius
1409 4337 1493 4415 lecil
1523 4337 1594 4416 ‹iu-

419 4477 502 4534 cem
524 4456 784 4554 Guiglielmum
806 4454 1073 4532 mundanorum
1088 4446 1145 4550 (⁵),
1161 4461 1199 4532 el
1215 4455 1337 4552 poeuil
1352 4455 1593 4553 provinciales

419 4576 468 4652 ad
492 4577 694 4654 custodium
707 4566 745 4669 (⁶)
771 4574 889 4672 pontis
913 4574 997 4650 dicu
1029 4575 1141 4670 llurli,
1167 4595 1214 4650 nc
1243 4575 1427 4655 exercilus
1451 4577 1592 4652 (lonta-

483 4845 512 4910 (¹)
529 4851 583 4909 llo,
600 4849 757 4902 lialloorurn.
1093 4847 1121 4910 ω
1137 4845 1168 4898 Β.
1185 4860 1200 4897 ι
1216 4847 1335 4907 Lucerlr,
1351 4847 1405 4898 ubl.

482 4923 510 4986 ι’)
526 4923 557 4976 B.
573 4937 589 4974 e
606 4929 660 4985 lle,
678 4939 784 4990 parram
799 4931 903 4992 mlum
917 4924 1004 4977 Caroli
1019 4929 1046 4976 el
1063 4924 1247 4988 panarum

482 4999 511 5060 (⁸)
528 5003 583 5059 llo,
600 5001 730 5065 rapolllm
744 5001 838 5054 Gurdo
1094 4997 1124 5059 (¹)
1140 4997 1172 5048 ll.
1187 4995 1346 5051 &Mum

483 5073 511 5136 (¹)
527 5075 557 5128 R
573 5077 717 5130 cucumam
733 5078 795 5130 ‹licll
811 5077 935 5130 hminis.
