4580 6844
716 997 856 1056 caurus
881 997 1073 1054 nummus
1096 996 1270 1054 ocravus.
1507 982 1580 1051 tto

403 1161 469 1218 nes
494 1141 598 1238 regni
623 1141 868 1220 deseruerunt
891 1163 994 1239 eum,
1015 1141 1128 1238 aliqui
1149 1161 1198 1218 ex
1220 1140 1369 1238 vilitate,
1395 1139 1508 1236 aliqui
1529 1159 1577 1240 or

373 1259 622 1358 illegalitate.
648 1260 856 1337 Munlredus
881 1281 1079 1338 remanens
1107 1280 1194 1336 enm
1223 1261 1350 1357 paucis
1379 1258 1579 1356 equilibus,
1608 1319 1612 1336 .

402 1385 582 1475 tanquam
600 1383 869 1479 magnanimus,
888 1383 998 1480 elegit
1014 1381 1134 1478 potius
1151 1381 1247 1457 mori
1262 1381 1405 1458 sortiter
1421 1381 1459 1456 in
1476 1402 1578 1478 proe-

403 1498 589 1595 lio,qnam
603 1500 875 1600 viliterlugere.
890 1501 1219 1600 Etingerenssein
1232 1492 1269 1593 (⁴)
1283 1501 1443 1576 mediam
1457 1501 1576 1578 aciem
1600 1591 1612 1601 .

403 1616 655 1695 demissimam
672 1621 845 1716 hostium,
862 1620 1058 1698 fortissime
1074 1620 1262 1715 dimicans,
1276 1619 1405 1696 oecidit
1420 1620 1459 1695 in
1476 1639 1578 1716 prm-

404 1734 464 1811 lio.
490 1737 644 1814 Carolus
670 1739 785 1817 victor
804 1740 1023 1817 adveniente
1039 1746 1157 1835 nocte,
1174 1760 1401 1836 persequens
1424 1746 1575 1836 gentem

406 1855 540 1932 victam
565 1857 780 1955 fugientem,
804 1860 900 1956 oepit
923 1861 1187 1939 Beneventum.
1213 1859 1314 1935 llnlti
1330 1879 1377 1934 er
1403 1859 1579 1934 militibus

407 1975 581 2051 Mandedi
605 1977 701 2072 eapti
725 1985 833 2053 sunt:
864 2000 972 2074 uxor,
996 1998 1115 2073 soror,
1145 1986 1182 2056 el
1212 1978 1274 2054 tilii
1303 1977 1490 2072 damiani,
1515 1976 1579 2072 qui

407 2103 516 2171 erant
542 2096 722 2193 Nuceria,
758 2098 885 2176 redditi
914 2108 1001 2174 sunt
1031 2100 1175 2194 Carolo,
1210 2120 1304 2196 quos
1335 2117 1465 2175 omnes
1498 2097 1582 2172 lecit

409 2215 505 2290 mori
528 2216 566 2291 in
582 2237 732 2295 carcere
748 2239 828 2294 suo.
845 2219 900 2295 Ile
916 2221 1106 2315 sepultura
1121 2219 1298 2296 Manlredi
1314 2219 1457 2296 dicetur
1472 2218 1603 2330 plene,

408 2335 567 2430 capitulo
592 2337 637 2411 lll
661 2337 879 2435 Purgatorii.
906 2339 1011 2414 Nune
1035 2338 1082 2414 ad
1107 2338 1269 2434 literam3
1294 2337 1381 2414 dicit
1407 2344 1537 2414 autor:
1563 2357 1583 2410 e

409 2455 432 2526 l
444 2456 554 2550 dua,
578 2457 718 2553 supple,
742 2465 780 2532 et
812 2457 842 2534 si
871 2463 1162 2555 congregaretur
1179 2543 1180 2546 a
1197 2457 1268 2533 alia
1296 2476 1389 2555 gens
1418 2475 1513 2532 oaesa
1543 2454 1581 2528 in

408 2575 551 2670 proelio,
574 2577 602 2650 tl
624 2580 680 2651 ortt
703 2597 841 2652 omnmo
865 2598 978 2652 macor
1001 2573 1581 2670 recommemorando

408 2692 456 2768 ad
481 2700 630 2789 pontem
654 2695 843 2792 Ceperani.
869 2697 915 2770 Et
939 2696 998 2771 lric
1024 2704 1121 2792 nota,
1145 2695 1244 2791 qnod
1268 2695 1335 2771 ista
1360 2692 1482 2770 clades
1507 2677 1600 2767 nonx

409 2812 479 2887 luit
502 2814 600 2910 apud
629 2815 872 2912 Cepermnm,
896 2816 961 2892 sed
991 2815 1089 2913 apud
1120 2815 1387 2907 Beneventum,
1411 2821 1454 2888 ut
1483 2813 1583 2888 clare

411 2938 511 3028 patet
534 2954 581 3009 er
602 2935 680 3030 jam
707 2934 827 3036 dietis3
852 2936 916 3012 sed
941 2955 1069 3032 passus
1094 2933 1294 3031 permissus
1323 2933 1455 3009 Carolo
1483 2929 1581 3027 apud

411 3052 643 3149 Ceperanum
668 3054 737 3129 luit
757 3075 869 3129 causa
886 3054 989 3129 istius
1005 3053 1210 3130 oonssiclus:
1229 3073 1316 3129 nam
1336 3050 1488 3128 Carolus
1508 3068 1584 3123 non

412 3179 556 3268 poterat
580 3173 766 3250 debellare
790 3193 918 3270 regem
939 3193 1007 3250 neo
1027 3173 1193 3249 obtinere
1218 3193 1389 3271 regnum,
1407 3172 1438 3247 si
1458 3171 1584 3246 luisset

413 3290 482 3366 sibi
507 3292 642 3367 vetitus
667 3293 841 3368 transitus
865 3293 1053 3388 ceperani.
1071 3277 1156 3370 ldeo
1175 3291 1331 3368 ulterius
1347 3291 1458 3367 debes
1478 3289 1584 3384 seire,

413 3409 514 3505 quod
538 3411 746 3487 Manlredus
765 3411 1008 3508 deputaverat
1032 3409 1078 3488 ad
1101 3409 1303 3487 cnsmdiam
1325 3409 1502 3506 Ceperani
1522 3429 1587 3484 oo·

414 3530 543 3605 mitem
569 3529 771 3606 Jordanum
796 3537 834 3606 et
859 3530 1032 3607 comitem
1056 3531 1216 3607 caserta
1235 3551 1323 3606 cum
1340 3529 1486 3605 duobus
1504 3527 1587 3602 mil-

413 3650 508 3725 libus
533 3649 710 3745 militum;
728 3650 792 3726 sed
809 3669 936 3726 eomes
952 3650 1113 3728 Casertae
1130 3649 1383 3726 fraudulenter
1403 3647 1588 3725 oonsuluit

412 3771 537 3846 comiti
562 3769 733 3865 Jordano,
759 3777 801 3845 nt
826 3769 1056 3866 permitteret
1078 3770 1234 3846 transire
1256 3776 1400 3866 partem
1420 3767 1588 3845 inimico·

415 3911 514 3985 rum,
540 3890 627 3985 quia
652 3895 778 3988 postea
803 3889 945 3966 taoilius
969 3897 1007 3966 et
1032 3891 1148 3967 tutius
1172 3889 1398 3967 debellarent
1421 3894 1586 3964 ceteros.

414 4012 459 4088 Et
483 4031 570 4087 cum
595 4010 736 4106 aliquot
760 4009 985 4104 transissent,
1002 4008 1146 4084 dicebat
1161 4028 1288 4086 nomes
1304 4007 1504 4084 Jordanus:
1520 4027 1589 4102 ag-

414 4129 632 4228 grediamur
655 4149 742 4224 eos3
769 4127 953 4226 respondit
977 4147 1103 4203 comes
1127 4129 1306 4204 caserta:
1328 4148 1402 4203 non
1426 4132 1483 4202 est
1505 4144 1589 4201 am-

416 4251 511 4347 plius
536 4257 695 4347 tempus,
711 4249 798 4345 quia
816 4247 924 4324 nimis
941 4247 1047 4324 multi
1064 4247 1324 4324 transiverunt
1345 4247 1390 4321 Et
1413 4245 1590 4323 continuo

418 4391 504 4448 eum
535 4391 604 4446 sua
635 4370 716 4447 acie
749 4369 944 4465 divertens,
976 4367 1106 4444 redivit
1138 4369 1338 4444 (insertam.
1373 4369 1461 4442 Erat
1490 4367 1590 4442 enim

416 4492 496 4586 iam
521 4491 559 4566 in
583 4489 826 4566 eonsentione
850 4509 938 4566 eum
962 4487 1138 4564 hostibus.
1164 4489 1298 4564 comes
1322 4486 1503 4563 Jordanus
1527 4507 1592 4562 oo-

420 4611 521 4706 gnita
546 4609 760 4706 proditione,
782 4631 856 4686 non
882 4610 1009 4686 valens
1037 4628 1104 4705 por
1133 4629 1175 4685 se
1207 4609 1389 4704 resistere,
1419 4628 1592 4685 reversus

419 4739 475 4804 est
499 4721 805 4824 Beneventum&
832 4730 879 4806 ad
903 4729 1142 4806 llantredum.
1162 4730 1206 4803 Et
1223 4729 1275 4805 sie
1292 4729 1387 4826 vide,
1404 4729 1591 4825 quomodo

418 4847 627 4924 Maniredus
651 4849 720 4924 luit
743 4849 940 4926 derelictus
965 4848 1064 4946 apud
1084 4849 1316 4944 Ceperanum
1342 4855 1380 4925 et
1404 4848 1504 4944 apud
1520 4849 1592 4923 Be-

481 5095 745 5188 (llsslnmngnam.
1067 5095 1529 5158 iifl-mundam
