4606 6840
742 969 882 1025 caurus
907 971 1098 1028 mersurus
1121 971 1297 1038 nonanus.
1531 958 1602 1026 223

433 1115 544 1212 Nigra
560 1105 597 1206 (¹)
617 1113 770 1189 reintrat
791 1114 1026 1208 Florentiam,
1044 1120 1081 1188 et
1102 1115 1249 1210 expellit
1263 1114 1406 1209 Albam,
1428 1114 1526 1190 unde
1550 1113 1605 1188 di-

431 1235 498 1310 cit:
518 1239 646 1324 llnrlc,
664 1233 767 1327 idest,
785 1233 917 1308 infusio
934 1234 1068 1329 Martis,
1087 1235 1150 1329 qui
1167 1241 1223 1310 est
1239 1236 1338 1309 Deus
1362 1235 1458 1328 belli,
1479 1243 1605 1326 coppe

430 1375 558 1446 vapor,
576 1353 679 1447 idest,
695 1353 869 1428 ardorem
887 1354 1072 1449 bellicum,
1089 1354 1225 1428 scilicet
1241 1354 1494 1430 marchionem
1507 1356 1605 1429 llar-

430 1474 565 1548 cellum
593 1473 819 1568 praedictum,
837 1474 960 1547 virum
978 1483 1171 1550 strenuum
1197 1494 1404 1567 armorum,
1423 1477 1461 1548 dt
1484 1477 1549 1548 Vnt
1566 1477 1604 1546 dt

430 1597 573 1684 linaro.
600 1595 686 1668 llaec
711 1593 815 1668 vallis
839 1593 1043 1688 appellatur
1069 1593 1176 1668 hodie
1200 1592 1384 1669 Lunisana
1409 1614 1431 1668 a
1457 1593 1605 1668 civitate

430 1716 544 1788 Lunae
567 1713 831 1808 antiquissima,
851 1715 899 1790 de
924 1735 998 1808 qua
1014 1714 1153 1789 dictum
1171 1725 1227 1790 est
1246 1714 1342 1789 alibi.
1361 1715 1400 1788 ln
1418 1734 1493 1806 qua
1510 1714 1605 1789 valle

432 1836 597 1913 habitant
609 1826 647 1927 ι’)
669 1835 900 1910 marchiones
916 1836 1121 1930 llalaspinae
1137 1835 1389 1930 antiquissimi,
1406 1835 1453 1909 de
1470 1834 1604 1927 quibus

434 1955 472 2028 lit
499 1954 636 2030 mentio
666 1961 704 2028 et
734 1954 1003 2030 commendatio
1030 1976 1164 2052 magna
1189 1955 1226 2028 in
1252 1955 1411 2049 capitulo
1436 1955 1484 2028 lll
1510 1955 1605 2028 Pur·

433 2076 576 2174 guterii.
598 2077 719 2150 llacra
743 2082 869 2150 autem
896 2082 952 2150 est
975 2075 1109 2150 fluvius
1129 2077 1367 2171 impetuosus,
1388 2075 1452 2168 qui
1470 2075 1604 2151 labitur

433 2217 501 2292 per
529 2195 665 2270 dictam
694 2195 840 2290 vallem,
871 2201 913 2268 nt
941 2194 1084 2270 dicetur
1117 2196 1165 2268 ibi
1198 2201 1235 2270 et
1265 2195 1362 2289 alibi,
1395 2198 1467 2286 cte,
1502 2194 1605 2288 idest,

435 2317 498 2411 qui
524 2313 929 2411 namneticorum
957 2319 1076 2389 novoli
1104 2319 1271 2407 involuto,
1297 2316 1400 2410 idest,
1425 2317 1606 2392 turbatio-

434 2438 543 2511 nibus
573 2437 722 2532 bellois,
754 2459 774 2510 c
805 2457 871 2509 coo
903 2443 1065 2530 tempesta
1096 2439 1287 2529 impetuosa
1319 2443 1352 2510 et
1380 2457 1488 2528 apro,
1519 2437 1604 2532 quia

436 2577 572 2654 magno
597 2557 736 2652 impetu
761 2556 879 2630 irruet
892 2548 930 2649 (³)
956 2563 1085 2631 contra
1104 2555 1312 2651 Pistorium,
1333 2561 1369 2629 et
1388 2576 1493 2630 more
1510 2563 1605 2630 tem-

433 2677 594 2772 pestatis,
611 2678 706 2751 illins
722 2683 871 2774 gentem
892 2683 1098 2772 prosternet
1112 2677 1326 2772 impetuose.
1345 2677 1387 2750 Et
1405 2698 1491 2752 ecce
1509 2686 1605 2753 tem-

432 2803 610 2892 pestatem
636 2796 741 2871 belli:
767 2818 878 2888 sopra
901 2818 1026 2890 cumpo
1050 2801 1156 2870 Piceo
1177 2799 1228 2889 fin
1253 2798 1475 2888 combnttuto,
1501 2797 1604 2892 idest,

433 2917 470 2991 in
494 2938 587 3014 agro
612 2916 814 3012 pistoriensi
839 2937 964 3012 pugna
991 2917 1062 2992 liet.
1089 2918 1134 2990 Et
1163 2917 1222 2992 hic
1253 2924 1349 3011 nota,
1376 2917 1473 3012 quod
1500 2918 1605 2992 Pice-

434 3059 524 3113 num
538 3027 579 3129 ι’)
613 3037 864 3132 appellabatur
893 3038 980 3111 olim
1012 3037 1073 3111 illa
1104 3037 1206 3134 regio
1238 3037 1474 3130 Italiaeque
1507 3057 1606 3110 nunc

435 3157 639 3252 appellatur
664 3156 823 3230 llarchia
839 3157 1084 3250 Anconitana3
1102 3161 1139 3230 et
1159 3156 1333 3230 Picenum
1349 3147 1385 3247 (⁵)
1403 3155 1605 3249 appellatus

436 3285 491 3354 est
519 3298 610 3374 ager
643 3276 741 3372 apud
772 3277 980 3370 Pistorium,
1012 3277 1050 3350 in
1081 3297 1156 3370 quo
1190 3276 1277 3350 olim
1308 3276 1376 3349 ruit
1406 3273 1607 3350 debellatus
1655 3269 1659 3278 '

436 3399 600 3493 Catilina,
624 3404 667 3470 ut
691 3403 791 3492 patet
814 3396 912 3492 apud
937 3395 1168 3492 Sallustium3
1194 3402 1242 3491 et,
1264 3403 1306 3470 ut
1331 3395 1459 3488 lertur,
1478 3394 1526 3468 ibi
1552 3403 1608 3470 est

434 3519 542 3594 nodie
566 3517 769 3610 castellum,
800 3517 899 3610 quod
931 3523 1085 3592 vocatur
1117 3515 1321 3591 Picentium
1356 3517 1465 3612 longe
1494 3535 1518 3590 a
1548 3513 1609 3588 Pi-

433 3640 547 3715 storio
571 3659 639 3734 per
663 3638 734 3712 tria
764 3637 942 3712 milliaria.
973 3638 1057 3712 ldeo
1088 3637 1196 3712 dicit:
1229 3640 1366 3728 ortd'ei,
1398 3636 1501 3730 idest,
1533 3634 1609 3730 ipse

433 3763 539 3854 Mars,
566 3748 737 3851 spezzercl
768 3760 805 3830 la
834 3759 970 3849 mollia,
996 3758 1131 3832 scilicet
1162 3758 1299 3831 nubem
1316 3746 1351 3848 (ὅ)
1383 3755 1605 3851 pradictum,

434 3881 529 3956 sicut
555 3879 592 3952 fit
619 3887 786 3973 tempore
811 3878 1035 3972 tempestatis
1060 3876 1207 3970 quando
1228 3877 1450 3972 franguntur
1477 3875 1605 3967 nubes,

433 4008 585 4094 repente,
618 3999 722 4093 idest,
750 3997 882 4092 subito,
914 3990 945 4071 sl
979 3999 1009 4070 c'
1021 4000 1105 4096 oapi
1130 3999 1263 4070 Biooco
1292 4017 1336 4068 ne
1367 3985 1451 4067 sert
1478 4000 1607 4088 serato,

438 4119 524 4214 quia
554 4119 632 4192 Albi
658 4118 852 4192 vincentur
882 4122 919 4190 et
947 4114 1231 4189 debellabuntur
1262 4113 1381 4208 primo
1407 4113 1443 4188 in
1469 4113 1606 4208 prelio,

434 4239 566 4317 deinde
591 4239 627 4312 in
652 4237 850 4331 obsidione,
873 4236 936 4310 uhi
954 4236 1002 4309 ita
1020 4234 1303 4329 truncabuntur,
1320 4243 1363 4310 ut
1380 4232 1518 4308 dictum
1540 4239 1607 4308 est.

437 4363 481 4434 Et
506 4358 689 4435 concludit
713 4359 869 4452 linones,
890 4379 910 4429 e
929 4359 1020 4431 detto
1044 4357 1121 4429 tto
1140 4349 1271 4449 percat
1293 4357 1393 4428 dolor
1422 4356 1448 4426 o·
1471 4354 1606 4444 debota

439 4481 527 4575 quia
553 4487 593 4555 tu
620 4499 659 4554 es
676 4479 806 4572 Albus3
829 4485 865 4552 et
891 4478 962 4552 lroc
981 4476 1072 4570 dion,
1086 4469 1216 4569 percle
1239 4481 1273 4549 tu
1298 4496 1371 4548 non
1389 4477 1474 4565 pont
1497 4475 1535 4546 dt
1559 4475 1610 4547 tol

437 4604 540 4694 outa,
566 4599 653 4695 qnia
677 4599 813 4674 scilicet
836 4596 954 4672 vidisti
980 4617 1041 4672 me
1065 4597 1103 4670 in
1128 4597 1209 4671 loco
1230 4601 1305 4670 tam
1328 4593 1610 4689 intaminarent

437 4723 534 4794 serm
556 4722 594 4793 dt
616 4723 677 4813 for
702 4721 751 4792 dn
774 4721 788 4790 ι’
812 4721 902 4792 ΙοιΙιι·
925 4719 995 4808 tut,
1021 4717 1124 4812 idest,
1150 4717 1180 4791 si
1212 4737 1378 4811 unquam
1404 4715 1477 4791 eris
1502 4721 1607 4789 extra

502 4945 530 5010 (¹)
545 4946 572 4997 S.
588 4958 604 4996 a
621 4949 675 5006 tlt,
693 4957 753 5008 pm
770 4944 858 5008 Nigra.
936 4943 962 5007 (¹)
979 4942 1004 4993 S.
1021 4941 1137 4993 nollunt
1152 4941 1238 4993 hodia.
1331 4939 1358 5002 (¹)
1375 4944 1429 5000 tlt,
1446 4937 1531 4989 lrrnlt.

503 5023 530 5086 ι’)
546 5024 577 5076 lt.
594 5023 705 5074 Picenus
720 5021 865 5086 appellatur
881 5021 958 5072 hodln
975 5019 1019 5070 illa
1036 5020 1116 5083 rapto.

502 5099 530 5162 (¹)
546 5101 577 5152 R.
593 5105 621 5152 ot
636 5101 746 5152 Ploenns
761 5099 905 5165 appellatus
919 5102 959 5151 ott
974 5109 1082 5160 campus
1097 5095 1173 5159 apud.
1333 5090 1361 5155 (¹)
1377 5091 1407 5144 E
1421 5091 1543 5143 lmtrsm.
