4534 6842
693 878 762 946 166
858 883 860 888 ‘
1083 885 1286 944 muuuruu
1310 851 1480 942 mrunnr‘

688 1057 806 1112 suam.
833 1033 1031 1110 Veniamus
1056 1053 1147 1131 ergo
1172 1033 1218 1108 ad
1244 1034 1399 1128 literam,
1416 1033 1454 1108 in
1475 1053 1550 1127 qua
1574 1038 1683 1106 autor
1709 1031 1860 1106 mirabi-

689 1157 770 1232 liter
794 1155 864 1231 suh
888 1154 1062 1229 brevibus
1087 1154 1209 1230 verbis
1234 1154 1349 1251 tangit
1371 1161 1542 1228 naturam
1563 1159 1601 1228 et
1618 1170 1765 1249 poenam
1791 1153 1858 1248 hy-

688 1276 924 1373 pocritarum.
950 1272 1043 1348 Dicit
1067 1293 1182 1372 ergo:
1216 1265 1252 1348 td
1281 1271 1355 1366 pit,
1380 1275 1516 1350 scilicet
1549 1273 1586 1346 in
1621 1272 1733 1346 londo
1763 1271 1859 1346 illius

688 1417 794 1472 novae
818 1395 952 1492 hulgiae
977 1394 1118 1470 liberati
1151 1416 1175 1469 a
1208 1395 1378 1470 manibus
1406 1393 1675 1470 daemoniorum
1691 1385 1728 1486 (¹)
1756 1393 1860 1468 veni-

688 1537 773 1592 mus
797 1515 843 1590 ad
868 1513 955 1589 illuri
980 1534 1098 1610 genus
1127 1514 1319 1588 hominum
1345 1514 1567 1610 capientium
1594 1513 1761 1589 homines
1791 1513 1860 1586 ali-

687 1642 745 1711 ter
770 1655 882 1731 quarn
909 1635 1007 1710 lerro
1022 1627 1058 1728 (²)
1087 1641 1124 1710 et
1149 1636 1272 1732 peins;
1299 1635 1397 1712 unde
1426 1635 1533 1710 dicit:
1564 1641 1761 1708 trooommo
1785 1655 1858 1708 nno

686 1763 786 1848 pene
809 1758 957 1848 depluta,
982 1755 1084 1850 idest,
1111 1763 1249 1830 sectam
1274 1756 1564 1853 hypocritarum,
1581 1754 1644 1849 qui
1665 1773 1753 1829 vere
1774 1760 1859 1828 sunt

688 1875 784 1972 picti,
809 1875 912 1970 idest,
937 1874 1213 1970 superficialiter
1238 1875 1357 1950 ornati
1388 1875 1583 1950 virtutibus
1615 1881 1652 1948 et
1682 1873 1859 1948 moribus.

688 1995 772 2070 ldeo
797 1995 962 2090 loquitur
986 1995 1092 2070 valde
1115 1995 1273 2092 proprie,
1292 1996 1378 2090 quia
1395 1995 1537 2091 pictura
1560 2002 1669 2070 ornat
1685 1996 1805 2070 solum
1823 1985 1860 2087 (³)

688 2115 919 2212 superficiem
945 2116 1184 2211 exteriorem3
1210 2122 1247 2192 et
1272 2115 1426 2190 ostendit
1458 2114 1641 2210 umbram,
1666 2125 1704 2193 et
1728 2115 1861 2212 imagi-

688 2251 774 2312 nem
800 2235 866 2329 rei,
893 2255 967 2311 non
992 2255 1072 2310 rem
1108 2256 1234 2310 veram
1261 2235 1345 2311 licet
1376 2235 1542 2328 delectet,
1569 2234 1749 2328 videntes;
1775 2235 1857 2310 ideo

687 2355 773 2430 dicit
792 2355 961 2452 Virgilius
977 2355 1024 2430 de
1043 2355 1160 2430 Enea:
1178 2363 1211 2429 et
1225 2358 1379 2428 animm
1387 2357 1653 2448 picturopusctt
1666 2358 1765 2428 mont
1776 2363 1860 2428 etc..-

688 2477 831 2572 pictura
856 2476 967 2550 etiam
993 2495 1067 2549 non
1091 2475 1154 2550 diu
1179 2475 1299 2569 durat,
1320 2480 1359 2550 et
1381 2474 1428 2550 de
1453 2474 1547 2548 lacili
1572 2474 1711 2549 tollitur
1735 2481 1772 2550 et
1795 2475 1860 2550 de-

689 2596 798 2688 letur,
824 2594 873 2670 lta
898 2601 936 2670 et
960 2594 1182 2692 hypocrisis3
1209 2601 1246 2669 et
1270 2593 1377 2668 dicit:
1403 2596 1462 2667 che
1486 2596 1569 2685 ptoa
1598 2596 1739 2666 intorno
1765 2599 1862 2668 assos·

689 2737 755 2792 con
781 2719 863 2790 tenti
881 2720 1006 2811 possm
1040 2717 1089 2791 ita
1118 2722 1219 2792 recte
1248 2716 1421 2791 incedunt
1455 2715 1652 2811 hypocritae
1687 2715 1790 2791 tarde
1823 2723 1862 2792 et

690 2857 848 2931 morose,
883 2843 926 2910 ut
959 2836 1151 2912 videantur
1181 2856 1314 2933 graves
1327 2824 1364 2928 (⁴)
1401 2841 1438 2912 et
1469 2835 1622 2932 pensati,
1643 2839 1861 2930 pienpenuo,

689 2957 895 3034 scilicetne
926 2978 1034 3052 poena
1063 2977 1207 3051 eorum,
1238 2957 1295 3032 rel
1329 2956 1528 3050 moraliter,
1554 2957 1641 3049 quia
1672 2957 1860 3053 hypocrita

689 3080 809 3174 plorat
844 3075 1073 3152 amarissime
1105 3076 1153 3151 de
1184 3074 1361 3151 industria
1400 3095 1504 3150 more
1541 3076 1784 3172 muliercolae,
1819 3086 1862 3152 ut

689 3197 857 3274 ostendat
881 3217 921 3274 se
945 3197 1046 3292 pium
1073 3201 1111 3272 et
1134 3202 1303 3273 sanctum
1329 3217 1455 3272 coram
1486 3196 1620 3302 populo
1652 3217 1763 3290 quem
1795 3198 1860 3273 de-

689 3319 785 3414 cipit.
811 3317 913 3393 Sicut
937 3337 1008 3414 ego
1032 3317 1104 3392 vidi
1135 3317 1182 3391 de
1214 3316 1309 3391 lacto
1341 3315 1500 3390 nobilem
1530 3317 1770 3412 hypocritam,
1796 3319 1861 3412 qui

688 3438 954 3536 praedicaturos
994 3437 1199 3532 passionem
1232 3436 1375 3512 Domini
1397 3436 1455 3516 ,de
1492 3457 1611 3531 mane,
1648 3438 1786 3532 potavit
1822 3459 1863 3514 se

690 3560 808 3634 multa
834 3558 1027 3652 malvasia;
1054 3567 1092 3635 et
1116 3558 1167 3632 sic
1191 3557 1338 3653 planctu
1354 3549 1391 3649 (⁵)
1418 3563 1454 3632 et
1485 3557 1656 3655 lacrymis
1686 3559 1861 3637 tundebat

690 3677 953 3775 malignitatem
974 3698 1051 3752 suae
1070 3677 1212 3772 mentis,
1230 3686 1267 3752 et
1288 3678 1405 3753 multa
1428 3676 1539 3753 millia
1565 3679 1756 3753 hominum
1774 3702 1862 3776 pro·

691 3799 834 3876 vocavit
866 3799 912 3874 ad
949 3798 1166 3894 plorandum
1204 3815 1330 3872 secum
1346 3787 1403 3891 (⁶);
1442 3818 1511 3872 nec
1548 3797 1614 3875 luit
1648 3799 1778 3893 aliquis
1811 3800 1861 3874 ita

690 3919 818 4013 duros,
836 3919 900 4013 qui
918 3940 990 3994 non
1008 3918 1164 3994 sociaret
1179 3938 1268 3992 eum
1287 3918 1325 3992 in
1342 3918 1544 4014 plangendo
1564 3918 1767 4014 passionem
1786 3921 1861 3996 oo-

691 4039 800 4134 mini,
825 4047 864 4113 et
888 4037 1018 4113 talibus
1039 4038 1173 4113 insidiis
1189 4038 1384 4134 extirpavit
1399 4037 1436 4111 in
1453 4037 1555 4113 brevi
1573 4039 1746 4133 pecunias
1763 4041 1863 4114 mul-

691 4169 758 4254 tas,
783 4159 917 4255 quihus
941 4165 1067 4253 postea
1093 4158 1182 4234 emit
1208 4179 1323 4232 unum
1350 4159 1490 4232 bonum
1521 4158 1781 4254 episcopatum,
1813 4161 1863 4235 ita

691 4282 791 4377 quod
815 4281 962 4356 lucrum
987 4278 1186 4375 hypocrisis
1210 4279 1391 4356 conuertit
1414 4280 1451 4352 in
1473 4280 1677 4356 simoniam.
1697 4279 1740 4354 Et
1755 4280 1860 4356 dicit:

690 4410 814 4476 clance
846 4421 865 4473 e
898 4403 993 4474 mutu
1018 4401 1076 4472 nel
1096 4399 1294 4489 scmhiontc,
1328 4397 1430 4494 idest,
1460 4399 1497 4472 in
1522 4400 1732 4496 apparentia
1758 4407 1861 4476 erte·

693 4523 793 4618 riori,
806 4521 894 4617 quta
918 4519 974 4594 isti
999 4517 1197 4615 hypocrite
1221 4518 1394 4594 simulant
1423 4519 1557 4615 dolose,
1576 4541 1616 4595 se
1632 4521 1730 4598 lerre
1754 4542 1860 4617 aspe-

755 4787 782 4848 t't
801 4789 854 4846 ¹¹⁸,
871 4785 1027 4836 amenum.
1361 4785 1388 4848 (η
1405 4785 1436 4836 lt.
1453 4785 1533 4838 terro.
1551 4787 1631 4838 onae.

754 4862 782 4925 (¹)
798 4862 828 4912 li.
845 4861 930 4912 selom
945 4861 1140 4926 mperlleleliter
1156 4865 1257 4925 perum
1273 4862 1439 4914 exteriorem.

754 4937 781 5000 tl
797 4937 836 5000 E,
852 4937 878 4988 S.
894 4949 909 4988 e
926 4942 980 4998 lte.
996 4939 1100 5002 melun,
1117 4951 1207 5004 mres
1222 4944 1250 4991 et
1265 4940 1371 5004 pruno

755 5015 783 5079 (¹)
797 5015 823 5067 S.
839 5029 901 5066 cum
916 5015 1028 5080 planctu.
1361 5016 1388 5081 θ)
1406 5021 1459 5080 111,
1475 5023 1502 5069 et
1517 5017 1714 5084 laerymndm
1729 5031 1827 5070 recum
