4534 6842
682 919 752 990 182
1073 928 1278 986 eoununuu
1302 929 1455 986 nrrnxm

679 1080 758 1149 tum
783 1073 949 1150 omnium
975 1075 1171 1170 malorum,
1197 1075 1284 1169 quia
1308 1075 1427 1169 ipsum
1453 1073 1637 1150 Christum
1653 1069 1704 1168 (¹),
1726 1097 1848 1169 quau·

677 1201 757 1271 tum
790 1195 898 1272 inse
930 1201 995 1289 est,
1027 1194 1174 1291 capiunt
1203 1202 1241 1271 et
1273 1195 1476 1290 decipiunt3
1508 1214 1594 1270 nam
1623 1195 1694 1270 snb
1722 1196 1848 1272 colore

677 1315 763 1389 boni
791 1313 928 1392 iaciunt
958 1335 1092 1412 magna
1125 1316 1272 1410 damna,
1302 1323 1340 1392 et
1370 1321 1592 1392 nocumenta
1623 1315 1713 1390 aliis.
1745 1316 1846 1392 sicut

678 1434 826 1528 quidam
851 1433 1043 1510 cardinalis
1067 1436 1194 1510 volens
1219 1435 1381 1528 obviare,
1400 1455 1448 1509 ne
1471 1433 1619 1528 quidam
1645 1435 1844 1512 canonicus

677 1554 791 1628 sancti
815 1555 913 1630 Petri
937 1563 1220 1648 promoveretur
1244 1556 1291 1630 ad
1316 1553 1594 1644 cardinalatum,
1610 1552 1701 1627 dixit
1720 1573 1843 1648 papae:

678 1675 786 1749 Pater
810 1679 946 1767 sancte,
972 1693 1052 1748 rem
1082 1675 1275 1768 pessimum
1306 1674 1417 1767 iacis,
1441 1691 1528 1748 nam
1559 1672 1711 1748 eeclesia
1746 1675 1845 1750 Petri

679 1793 883 1871 remanebit
905 1793 1066 1872 desolata
1091 1801 1129 1868 et
1152 1794 1307 1887 deserta,
1334 1793 1422 1888 quia
1446 1794 1557 1868 bomo
1583 1791 1650 1868 iste
1670 1799 1725 1868 est
1741 1801 1845 1888 pater

678 1919 715 1994 et
743 1919 919 2008 patronus
948 1912 1050 1986 istius
1080 1912 1208 1988 nobilis
1240 1913 1413 2006 ecclesiae,
1439 1912 1591 2007 diligens
1621 1919 1743 1988 custos
1773 1913 1846 1988 Su-

677 2031 779 2125 darii,
805 2038 842 2106 et
866 2030 1032 2106 omnium
1060 2051 1187 2108 rernm
1213 2053 1406 2108 sacrarum
1430 2031 1527 2106 beati
1553 2031 1661 2106 Petri.
1683 2032 1735 2106 lta
1762 2032 1845 2108 iecit

676 2149 867 2226 cardinalis
890 2149 937 2226 de
961 2152 1071 2225 Prato
1096 2150 1133 2224 in
1158 2151 1336 2226 electione
1361 2149 1556 2226 Clementis
1576 2149 1617 2244 li,
1639 2157 1680 2224 ut
1704 2151 1842 2226 dictum

676 2276 731 2346 eet
755 2270 792 2346 in
817 2270 974 2365 capitulo
1000 2271 1094 2364 xlx,
1119 2271 1230 2346 etita
1260 2289 1405 2366 possem
1439 2269 1562 2344 dicere
1592 2269 1639 2346 de
1672 2271 1781 2346 mille.
1795 2311 1847 2326 --

677 2396 721 2463 nt
743 2411 767 2462 α
792 2393 851 2464 tat.
883 2389 948 2464 ffic
979 2389 1172 2464 Catelanus
1198 2389 1362 2464 nominat
1386 2389 1590 2464 secundum
1616 2390 1843 2486 hypocritam

676 2508 869 2602 antiquum
903 2527 1092 2582 summum
1126 2515 1163 2584 et
1195 2529 1388 2603 sequaces,
1420 2508 1555 2584 scilicet
1587 2509 1746 2603 Annam
1778 2509 1842 2603 qui

677 2619 808 2719 eratl’)
844 2647 949 2704 socer
978 2627 1134 2724 Caypboe
1166 2629 1338 2724 predicti,
1367 2629 1514 2704 dicens:
1540 2649 1560 2702 e
1583 2631 1610 2702 il
1631 2649 1777 2704 nmoero
1807 2652 1846 2706 se

677 2753 801 2837 sunto,
833 2747 934 2840 idest,
966 2747 1186 2841 extenditur,
1216 2748 1274 2822 vel
1305 2768 1452 2842 poenam
1484 2747 1620 2842 patitur
1649 2768 1776 2842 parem
1793 2740 1845 2843 (³),

678 2887 702 2937 a
736 2869 788 2940 tat
816 2868 938 2957 modo,
969 2866 1120 2960 scilicet,
1154 2867 1240 2961 quia
1276 2867 1440 2942 similiter
1473 2873 1544 2942 stat
1577 2867 1774 2944 crucifixus
1805 2869 1843 2942 in

678 2991 778 3060 terra
802 3004 889 3059 cum
915 2985 1032 3058 tribus
1056 2985 1156 3080 palis,
1182 2993 1220 3062 et
1243 3005 1372 3062 omnes
1405 2992 1595 3063 transeunt
1628 2986 1746 3081 primo
1778 3007 1844 3082 per

676 3125 810 3198 eorpus
834 3105 1003 3201 Gaypbae,
1028 3106 1189 3181 secundo
1218 3127 1284 3200 per
1313 3127 1447 3203 corpus
1470 3105 1597 3200 Annae,
1621 3105 1751 3182 deinde
1774 3127 1842 3201 per

676 3245 832 3320 corpora
856 3225 1013 3302 aliorum
1039 3226 1226 3301 lautorum
1243 3246 1411 3301 suorum.
1433 3225 1518 3300 ldeo
1534 3224 1638 3300 dicit:
1656 3229 1741 3314 coti
1758 3229 1844 3300 ulti

677 3347 734 3418 del
760 3347 917 3435 noradin,
948 3344 1095 3438 scilicet,
1120 3345 1179 3420 alii
1212 3345 1419 3422 sacerdotes
1452 3345 1662 3441 hypocrite,
1693 3347 1752 3418 cle
1781 3349 1843 3439 sor

676 3467 774 3538 mota
803 3469 955 3536 senocto
978 3483 1047 3555 per
1081 3467 1106 3536 o·
1139 3467 1282 3556 Giudci;
1314 3485 1400 3538 nam
1430 3469 1558 3560 postea
1591 3467 1759 3540 seculum
1790 3470 1847 3540 est

677 3582 765 3658 illud
797 3582 979 3657 excidium
1014 3589 1090 3658 tam
1125 3583 1330 3658 miserabile
1362 3603 1474 3676 quam
1510 3583 1750 3660 memorabile
1780 3585 1847 3658 lu-

676 3702 754 3778 deae
767 3689 804 3793 (⁸)
832 3706 869 3776 et
898 3700 1136 3795 Hierusalem,
1161 3701 1208 3776 de
1241 3722 1316 3795 quo
1346 3701 1488 3776 dicetur
1517 3703 1724 3798 Purgatoxii
1750 3704 1844 3798 lllll,

676 3826 714 3894 et
738 3818 896 3894 Paradisi
922 3819 1086 3914 capitulis
1111 3819 1156 3892 Vl
1173 3829 1210 3896 et
1226 3821 1299 3913 Vll,
1316 3820 1414 3914 quod
1439 3821 1629 3915 pulcre-et
1652 3821 1760 3915 plene
1779 3821 1846 3898 de-

675 3938 798 4014 scribit
823 3939 1000 4032 losepbus
1025 3944 1062 4014 et
1086 3939 1304 4035 Egysippus3
1330 3944 1367 4014 et
1396 3939 1492 4034 dicit,
1521 3943 1560 4012 in
1583 3948 1702 4031 questa
1729 3944 1844 4034 losse,

676 4059 778 4153 idest,
803 4057 936 4155 bulgio.
963 4057 1007 4131 ut
1031 4057 1152 4132 subdit
1174 4069 1285 4135 autor
1310 4059 1495 4153 quomodo
1527 4059 1697 4155 Virgilius
1725 4059 1845 4134 admi-

676 4185 779 4254 ratus
803 4169 963 4268 iuerit(⁵)
994 4198 1060 4272 per
1089 4177 1287 4273 Caypbam,
1312 4177 1459 4252 dicens:
1489 4181 1583 4252 ullor
1616 4181 1685 4252 oid
1698 4181 1733 4252 io
1767 4183 1847 4254 Vir-

674 4301 758 4389 oilio
782 4297 1010 4386 mmamylinr
1033 4317 1144 4387 sopra
1167 4299 1270 4386 colui,
1296 4296 1432 4372 scilieet
1456 4297 1653 4392 Caypbam,
1676 4298 1740 4392 qui
1765 4308 1847 4374 erat

675 4415 815 4512 primus
848 4421 885 4490 et
917 4414 1132 4509 principalis,
1163 4418 1213 4488 cb’
1226 4437 1291 4488 era
1325 4419 1451 4490 dotem
1475 4420 1513 4490 in
1540 4438 1654 4509 mooe,
1680 4419 1848 4494 substra-

676 4542 736 4608 tus
749 4525 785 4626 (⁰)
812 4539 850 4608 et
874 4534 1034 4608 calcatus
1059 4533 1211 4628 pedibus
1235 4535 1413 4630 omnium,
1432 4536 1514 4612 ideo
1529 4537 1636 4612 dicit:
1664 4545 1759 4612 moto
1781 4543 1847 4614 oil-

675 4659 784 4726 ruente
807 4653 1275 4749 cenomannense,
1303 4655 1342 4729 in
1370 4655 1545 4750 supplicio
1576 4656 1755 4753 infernali,
1783 4659 1845 4732 ubi

736 4874 765 4940 (¹)
780 4876 811 4926 li.
827 4875 912 4939 ipsum
928 4876 1070 4928 murinum
1086 4883 1205 4928 nostrum
1220 4879 1311 4930 lesum
1326 4878 1468 4932 Christum.

738 4952 766 5016 Ρ)
781 4952 807 5003 S.
822 4951 880 5004 lull.
957 4952 984 5016 (⁸)
1000 4955 1031 5006 ll.
1048 4955 1136 5006 ulem.
1216 4955 1243 5017 θ)
1259 4955 1286 5006 S.
1301 4968 1318 5005 e
1334 4956 1364 5006 E.
1381 4956 1471 5006 iudeo
1487 4958 1568 5008 totius
1583 4963 1610 5010 et
1625 4957 1800 5010 tltemntm

739 5029 766 5092 (¹)
783 5031 837 5090 llo,
853 5029 901 5082 luit
916 5031 1147 5098 moeremium.
1212 5031 1242 5096 (⁸)
1258 5035 1313 5094 tlt,
1328 5033 1486 5089 murmur.
