4534 6842
670 949 809 1006 CANVUS
833 949 1023 1006 momulus
1046 949 1189 1014 snmus.
1444 934 1512 1003 109

348 1099 407 1174 vel
438 1094 641 1172 secundum
673 1095 785 1172 aliam
818 1095 973 1191 literam,
1008 1098 1080 1188 orci,
1112 1092 1216 1189 idest,
1250 1091 1433 1170 absconde
1465 1097 1514 1186 te,

347 1220 430 1312 dinc
446 1237 495 1292 aa
511 1206 733 1310 scheoyiod),
753 1213 855 1309 idest,
875 1222 956 1311 post
973 1235 1090 1290 unum
1104 1235 1235 1290 sarum
1250 1213 1358 1288 huius
1367 1203 1404 1306 (²)
1423 1233 1516 1308 pon·

348 1336 404 1431 tis,
421 1337 482 1410 cle
498 1337 602 1428 taio,
620 1333 722 1428 idest,
744 1334 842 1430 quod
859 1335 991 1412 haheat
1009 1335 1083 1430 tihi,
1100 1339 1204 1410 olcuo
1219 1337 1398 1427 schcrmo;
1412 1333 1515 1427 idest,

348 1456 609 1551 reparaculum
624 1445 662 1547 (³)
687 1459 725 1530 et
748 1461 909 1550 scutum,
933 1448 1030 1530 occid
1053 1457 1114 1530 cle
1137 1475 1210 1528 ooo
1231 1457 1265 1527 si
1282 1457 1372 1548 poio
1396 1455 1456 1528 cle
1479 1459 1516 1528 ta

347 1578 459 1667 cisti,
483 1573 590 1668 quasi
614 1573 733 1649 dicat:
760 1572 809 1648 iili
834 1574 897 1669 mi,
923 1581 964 1650 tu
988 1573 1105 1650 nescis
1130 1573 1251 1651 adhuc
1276 1572 1461 1668 quomodo
1474 1560 1521 1668 (4)Ι

348 1701 456 1770 eatur
472 1713 538 1790 per
556 1695 666 1770 talem
684 1701 847 1790 partem3
860 1693 1032 1790 permitte
1048 1715 1109 1770 me
1128 1693 1348 1789 precedere,
1367 1699 1404 1768 et
1419 1711 1515 1788 prm-

350 1820 493 1890 tcntare
516 1812 602 1909 quid
628 1812 809 1908 possimus
833 1813 967 1910 lacere,
989 1813 1076 1908 quia
1100 1833 1184 1889 sum
1210 1814 1305 1916 hene
1321 1817 1515 1908 expertum

350 1934 432 2010 ideo
457 1935 675 2010 exhortatur
701 1953 788 2009 eum
814 1939 941 2009 contra
967 1934 1139 2012 timorem
1171 1954 1284 2029 quem
1308 1932 1379 2010 cito
1404 1931 1517 2006 habe-

350 2053 413 2148 hit,
438 2051 1257 2148 dicens2coootemertoperrrullooffeosion
1276 2054 1517 2126 chromacio

347 2178 451 2269 [cuttu7
470 2172 574 2266 quasi
597 2171 710 2248 dicat:
729 2173 897 2267 quamvis
915 2173 1057 2250 rideres
1074 2193 1136 2250 me
1152 2174 1249 2249 male
1266 2172 1426 2265 tractari,
1443 2190 1517 2246 non

350 2312 534 2388 pavescas,
552 2297 589 2368 et
605 2311 692 2368 ecce
709 2313 873 2388 caumm,
889 2295 940 2366 ch’
952 2297 988 2367 io
1004 2295 1049 2368 ho
1065 2297 1097 2368 le
1112 2315 1190 2368 cose
1206 2300 1316 2384 corte,
1334 2292 1438 2386 quasi
1461 2291 1517 2366 di-

350 2420 424 2488 cat:
437 2413 533 2488 hene
545 2411 630 2486 novi
647 2411 795 2487 fraudes
811 2412 965 2488 istorum
983 2413 1255 2489 baratariorum
1267 2403 1317 2507 (⁵).
1335 2413 1379 2490 Et
1394 2419 1518 2488 oden·-

350 2532 401 2608 dit
425 2531 623 2627 quomodo,
649 2551 735 2606 cum
760 2529 862 2607 dicii:
883 2539 916 2606 et
934 2536 1029 2608 oltra
1054 2536 1148 2608 voltu
1169 2536 1223 2628 ssd
1247 2553 1271 2607 a
1295 2533 1517 2624 catharoae,

353 2650 456 2745 idest,
480 2651 570 2726 alias
594 2649 646 2725 lui
670 2650 719 2726 ad
742 2651 853 2726 talem
878 2653 1112 2730 herniarium.
1139 2654 1184 2727 Et
1214 2652 1273 2728 hio
1304 2658 1389 2728 nota
1420 2650 1518 2748 quod

351 2769 523 2866 Virgilius
536 2759 692 2861 hahold)
709 2768 768 2845 hic
785 2778 992 2865 ruopertum
1011 2771 1058 2848 ad
1074 2771 1173 2846 illam
1191 2771 1386 2866 fictionem,
1402 2791 1516 2866 quam

352 2887 436 2964 lecit
463 2908 574 2984 supra
599 2887 757 2982 capitulo
782 2889 885 2985 Vllll‚
902 2889 1048 2984 quando
1069 2891 1159 2966 dixit
1175 2890 1297 2966 autori
1314 2890 1412 2985 quod
1428 2911 1518 2966 con-

351 3007 494 3084 iuratus
517 3008 566 3083 ah
590 3008 650 3084 illa
681 3008 829 3084 Erithoe
842 2998 878 3102 (⁷)
910 3009 1024 3086 cruda
1058 3010 1146 3084 vidit
1179 3016 1298 3088 totum
1331 3009 1516 3086 internum

353 3149 473 3224 usque
497 3128 535 3204 in
559 3127 732 3222 lundum3
758 3136 839 3224 posi
863 3136 1022 3206 mortem
1039 3150 1130 3227 ergo
1146 3130 1234 3205 vidit
1258 3129 1368 3206 istum
1394 3130 1518 3206 locum

352 3249 451 3324 alias.
484 3247 554 3324 Sed
586 3247 757 3325 historice
786 3251 865 3325 vult
896 3250 1019 3326 dicere
1047 3250 1217 3348 Virgilius
1246 3251 1343 3346 quod
1369 3249 1519 3345 jamdu-

353 3366 442 3442 dum
468 3367 535 3442 iuit
558 3368 649 3443 alias
674 3367 709 3442 in
740 3369 847 3444 simili
878 3370 970 3464 loco,
997 3369 1084 3463 quia
1108 3369 1244 3446 scilicet
1272 3369 1309 3444 in
1335 3368 1409 3444 rita
1432 3390 1518 3445 cum

353 3493 449 3564 esset
468 3487 606 3584 junior,
625 3489 712 3583 quia
735 3489 906 3587 Virgilius
930 3490 1104 3584 spoliatus
1129 3490 1266 3586 campis
1290 3491 1366 3565 suis
1390 3511 1522 3587 perve-

354 3607 407 3682 nit
432 3606 478 3683 ad
503 3606 644 3684 curiam
670 3608 769 3684 illam
796 3609 996 3685 maximam
1022 3609 1215 3686 felicissimi
1239 3610 1393 3706 Augusti
1408 3599 1458 3704 (Β),
1484 3617 1522 3686 et

353 3734 553 3823 antequam
582 3735 703 3824 posset
736 3727 902 3805 obtinere
931 3729 1089 3826 gratiam
1121 3729 1275 3828 Augusti
1310 3730 1437 3806 hahuit
1466 3729 1521 3806 ire

352 3867 419 3944 per
444 3855 589 3944 tempus
613 3869 681 3944 per
701 3870 833 3925 manns
849 3848 1044 3926 curialium
1062 3855 1100 3925 et
1115 3850 1339 3945 officialium,
1358 3869 1533 3944 quorum-

352 3967 464 4062 aliqui
489 3967 727 4044 inveniuntur
750 3987 848 4064 saepe
871 3967 1056 4063 baratarii,
1086 3989 1110 4044 a
1141 3989 1302 4064 quorum
1331 3969 1521 4044 incudibus

353 4107 426 4161 non
450 4093 569 4182 potest
594 4087 661 4162 sihi
685 4107 819 4163 carere
844 4086 955 4164 etiam
975 4088 1098 4183 justus
1122 4087 1292 4163 dominus
1317 4087 1433 4181 qualis
1453 4087 1522 4163 luit

354 4203 430 4300 ipse
453 4203 652 4302 Augustus.
679 4205 781 4282 Unde
805 4205 1039 4282 Dioclitianus
1058 4205 1296 4302 probissimus
1319 4205 1521 4302 imperator

352 4325 516 4404 dicebat:
549 4327 671 4420 moos,
702 4334 854 4419 secto,
884 4331 1031 4420 optimos
1064 4329 1223 4402 vordtmr
1255 4330 1458 4420 imponor.
1471 4367 1521 4382 -

356 4449 491 4520 Poscis.
509 4445 575 4522 Hic
590 4453 700 4522 autor
720 4445 875 4522 ostendit
891 4445 1077 4542 quomodo
1094 4447 1264 4546 Virgilius
1283 4445 1391 4523 inerit
1407 4447 1521 4543 solus,

355 4572 392 4642 et
417 4567 603 4662 quomodo
628 4567 814 4644 demones
838 4587 878 4642 se
900 4567 1095 4644 habuerint
1108 4559 1145 4661 (⁹)
1164 4567 1211 4643 ad
1231 4589 1329 4644 eum.
1348 4568 1450 4644 Unde
1467 4568 1522 4644 di-

417 4755 444 4818 (¹)
461 4754 492 4805 R
508 4767 525 4806 s
541 4757 596 4816 rto,
611 4755 710 4819 multo.
978 4753 1006 4820 ω
1021 4753 1047 4808 S.
1064 4755 1145 4806 istius.

416 4829 443 4892 (¹)
458 4830 485 4882 8.
501 4831 606 4896 ιΙΙφιοᾱ
620 4830 812 4895 mnarrculum.
979 4829 1007 4895 (⁸)
1022 4829 1048 4882 S.
1064 4843 1118 4896 quo
1133 4835 1217 4884 autur.

415 4911 444 4971 (¹)
460 4913 515 4971 rra,
531 4910 728 4964 manendum
980 4909 1008 4973 t'l
1023 4911 1054 4963 re
1070 4909 1159 4962 mann
1174 4914 1331 4974 remum.

417 4985 444 5050 (¹)
461 4991 515 5044 llo.
531 4986 670 5040 llericone.
980 4985 1007 5048 (¹)
1023 4988 1055 5040 ll.
1071 4987 1186 5053 Δημώ
1202 4987 1373 5052 imperatoris.

418 5063 445 5128 l')
462 5067 508 5116 lto
523 5077 539 5116 e
554 5064 585 5118 ll.
601 5065 756 5118 manarunt
