<?xml version="1.0" encoding="UTF-8"?>
<!DOCTYPE html PUBLIC "-//W3C//DTD XHTML 1.0 Transitional//EN"
    "http://www.w3.org/TR/xhtml1/DTD/xhtml1-transitional.dtd">
<html xmlns="http://www.w3.org/1999/xhtml" xml:lang="en" lang="en">
 <head>
  <title>
</title>
<meta http-equiv="Content-Type" content="text/html;charset=utf-8" />
  <meta name='ocr-system' content='tesseract 3.04.00' />
  <meta name='ocr-capabilities' content='ocr_page ocr_carea ocr_par ocr_line ocrx_word'/>
</head>
<body>
  <div class='ocr_page' id='page_1' title='image "./comentumsuperda01benvgoog_0264.png"; bbox 0 0 4606 6840; ppageno 0'>
   <div class='ocr_carea' id='block_1_1' title="bbox 745 939 1596 1020">
    <p class='ocr_par' dir='ltr' id='par_1_1' title="bbox 745 939 1596 1020">
     <span class='ocr_line' id='line_1_1' title="bbox 745 939 1596 1020; baseline 0 -14"><span class='ocrx_word' id='word_1_1' title='bbox 745 951 889 1008; x_wconf 77' lang='lat' dir='ltr'>CANTUS-</span> <span class='ocrx_word' id='word_1_2' title='bbox 908 951 1104 1008; x_wconf 71' lang='lat' dir='ltr'><strong>wersmne-</strong></span> <span class='ocrx_word' id='word_1_3' title='bbox 1121 951 1287 1020; x_wconf 68' lang='lat' dir='ltr'><strong>omanus.</strong></span> <span class='ocrx_word' id='word_1_4' title='bbox 1525 939 1596 1006; x_wconf 73' lang='grc'><strong>255</strong></span> 
     </span>
    </p>
   </div>
   <div class='ocr_carea' id='block_1_2' title="bbox 423 1094 1657 2152">
    <p class='ocr_par' dir='ltr' id='par_1_2' title="bbox 423 1094 1657 2152">
     <span class='ocr_line' id='line_1_2' title="bbox 428 1094 1657 1194; baseline -0.007 -20"><span class='ocrx_word' id='word_1_5' title='bbox 428 1119 579 1194; x_wconf 89' lang='lat' dir='ltr'><strong>serpens</strong></span> <span class='ocrx_word' id='word_1_6' title='bbox 604 1096 850 1174; x_wconf 79' lang='lat' dir='ltr'><strong>transfuderat</strong></span> <span class='ocrx_word' id='word_1_7' title='bbox 867 1103 985 1173; x_wconf 92' lang='lat' dir='ltr'><strong>totum</strong></span> <span class='ocrx_word' id='word_1_8' title='bbox 1002 1097 1170 1192; x_wconf 89' lang='lat' dir='ltr'><strong>spiritum</strong></span> <span class='ocrx_word' id='word_1_9' title='bbox 1195 1094 1371 1170; x_wconf 91' lang='lat' dir='ltr'><strong>suumin</strong></span> <span class='ocrx_word' id='word_1_10' title='bbox 1395 1094 1596 1188; x_wconf 90' lang='lat' dir='ltr'><strong>hominem,</strong></span> <span class='ocrx_word' id='word_1_11' title='bbox 1650 1101 1657 1112; x_wconf 84' lang='lat'><em>·</em></span> 
     </span>
     <span class='ocr_line' id='line_1_3' title="bbox 428 1211 1597 1312; baseline -0.007 -16"><span class='ocrx_word' id='word_1_12' title='bbox 428 1225 465 1296; x_wconf 87' lang='lat' dir='ltr'><strong>et</strong></span> <span class='ocrx_word' id='word_1_13' title='bbox 488 1239 511 1294; x_wconf 88' lang='lat' dir='ltr'><strong>e</strong></span> <span class='ocrx_word' id='word_1_14' title='bbox 535 1236 725 1311; x_wconf 82' lang='lat' dir='ltr'><strong>converso,</strong></span> <span class='ocrx_word' id='word_1_15' title='bbox 751 1217 801 1291; x_wconf 91' lang='lat' dir='ltr'><strong>ita</strong></span> <span class='ocrx_word' id='word_1_16' title='bbox 827 1215 926 1312; x_wconf 83' lang='lat' dir='ltr'><strong>quod</strong></span> <span class='ocrx_word' id='word_1_17' title='bbox 955 1217 993 1291; x_wconf 94' lang='lat' dir='ltr'><strong>in</strong></span> <span class='ocrx_word' id='word_1_18' title='bbox 1022 1216 1159 1300; x_wconf 72' lang='lat' dir='ltr'><strong>virtute</strong></span> <span class='ocrx_word' id='word_1_19' title='bbox 1190 1215 1281 1290; x_wconf 93' lang='lat' dir='ltr'><strong>fumi</strong></span> <span class='ocrx_word' id='word_1_20' title='bbox 1313 1214 1506 1309; x_wconf 87' lang='lat' dir='ltr'><strong>utriusque</strong></span> <span class='ocrx_word' id='word_1_21' title='bbox 1530 1211 1597 1288; x_wconf 88' lang='lat' dir='ltr'><strong>fie-</strong></span> 
     </span>
     <span class='ocr_line' id='line_1_4' title="bbox 427 1330 1594 1430; baseline -0.007 -16"><span class='ocrx_word' id='word_1_22' title='bbox 427 1339 490 1414; x_wconf 88' lang='lat' dir='ltr'><strong>bat</strong></span> <span class='ocrx_word' id='word_1_23' title='bbox 504 1330 541 1430; x_wconf 78' lang='lat'><strong>(¹)</strong></span> <span class='ocrx_word' id='word_1_24' title='bbox 560 1341 635 1412; x_wconf 89' lang='lat' dir='ltr'><strong>tota</strong></span> <span class='ocrx_word' id='word_1_25' title='bbox 653 1337 723 1412; x_wconf 91' lang='lat' dir='ltr'><strong>ista</strong></span> <span class='ocrx_word' id='word_1_26' title='bbox 748 1336 1029 1412; x_wconf 74' lang='lat' dir='ltr'><strong>transformatio.</strong></span> <span class='ocrx_word' id='word_1_27' title='bbox 1047 1337 1092 1409; x_wconf 83' lang='lat' dir='ltr'><strong>lit</strong></span> <span class='ocrx_word' id='word_1_28' title='bbox 1110 1335 1170 1411; x_wconf 89' lang='lat' dir='ltr'><strong>hic</strong></span> <span class='ocrx_word' id='word_1_29' title='bbox 1186 1339 1270 1410; x_wconf 86' lang='lat' dir='ltr'><strong>nota</strong></span> <span class='ocrx_word' id='word_1_30' title='bbox 1289 1333 1386 1429; x_wconf 87' lang='lat' dir='ltr'><strong>quod</strong></span> <span class='ocrx_word' id='word_1_31' title='bbox 1405 1353 1472 1428; x_wconf 90' lang='lat' dir='ltr'><strong>per</strong></span> <span class='ocrx_word' id='word_1_32' title='bbox 1488 1333 1594 1407; x_wconf 91' lang='lat' dir='ltr'><strong>istam</strong></span> 
     </span>
     <span class='ocr_line' id='line_1_5' title="bbox 428 1446 1595 1550; baseline -0.009 -14"><span class='ocrx_word' id='word_1_33' title='bbox 428 1469 503 1536; x_wconf 86' lang='lat' dir='ltr'><strong>tam</strong></span> <span class='ocrx_word' id='word_1_34' title='bbox 528 1455 760 1532; x_wconf 87' lang='lat' dir='ltr'><strong>artificiosam</strong></span> <span class='ocrx_word' id='word_1_35' title='bbox 787 1455 1144 1532; x_wconf 80' lang='lat' dir='ltr'><strong>transformationem</strong></span> <span class='ocrx_word' id='word_1_36' title='bbox 1161 1446 1198 1547; x_wconf 79' lang='lat'><strong>(²)</strong></span> <span class='ocrx_word' id='word_1_37' title='bbox 1218 1460 1328 1529; x_wconf 91' lang='lat' dir='ltr'><strong>autor</strong></span> <span class='ocrx_word' id='word_1_38' title='bbox 1353 1452 1518 1550; x_wconf 85' lang='lat' dir='ltr'><strong>intelligit</strong></span> <span class='ocrx_word' id='word_1_39' title='bbox 1534 1473 1595 1526; x_wconf 91' lang='lat' dir='ltr'><strong>se-</strong></span> 
     </span>
     <span class='ocr_line' id='line_1_6' title="bbox 427 1572 1594 1680; baseline -0.003 -28"><span class='ocrx_word' id='word_1_40' title='bbox 427 1578 618 1654; x_wconf 89' lang='lat' dir='ltr'><strong>lummodo</strong></span> <span class='ocrx_word' id='word_1_41' title='bbox 644 1597 756 1652; x_wconf 91' lang='lat' dir='ltr'><strong>unam</strong></span> <span class='ocrx_word' id='word_1_42' title='bbox 783 1575 891 1652; x_wconf 92' lang='lat' dir='ltr'><strong>talem</strong></span> <span class='ocrx_word' id='word_1_43' title='bbox 909 1575 1193 1671; x_wconf 79' lang='lat' dir='ltr'><strong>conclusionem,</strong></span> <span class='ocrx_word' id='word_1_44' title='bbox 1212 1574 1378 1650; x_wconf 86' lang='lat' dir='ltr'><strong>videlicet</strong></span> <span class='ocrx_word' id='word_1_45' title='bbox 1395 1572 1594 1680; x_wconf 88' lang='lat' dir='ltr'><strong>quodtalis</strong></span> 
     </span>
     <span class='ocr_line' id='line_1_7' title="bbox 426 1685 1593 1789; baseline -0.004 -18"><span class='ocrx_word' id='word_1_46' title='bbox 426 1697 486 1771; x_wconf 92' lang='lat' dir='ltr'><strong>lur</strong></span> <span class='ocrx_word' id='word_1_47' title='bbox 510 1695 659 1771; x_wconf 94' lang='lat' dir='ltr'><strong>omnino</strong></span> <span class='ocrx_word' id='word_1_48' title='bbox 685 1700 983 1770; x_wconf 90' lang='lat' dir='ltr'><strong>transnaturatnr</strong></span> <span class='ocrx_word' id='word_1_49' title='bbox 996 1685 1033 1787; x_wconf 84' lang='lat'><strong>(³)</strong></span> <span class='ocrx_word' id='word_1_50' title='bbox 1052 1700 1091 1770; x_wconf 90' lang='lat' dir='ltr'><strong>et</strong></span> <span class='ocrx_word' id='word_1_51' title='bbox 1107 1693 1266 1770; x_wconf 89' lang='lat' dir='ltr'><strong>efficitur</strong></span> <span class='ocrx_word' id='word_1_52' title='bbox 1286 1712 1447 1789; x_wconf 89' lang='lat' dir='ltr'><strong>serpens,</strong></span> <span class='ocrx_word' id='word_1_53' title='bbox 1469 1698 1507 1767; x_wconf 89' lang='lat' dir='ltr'><strong>et</strong></span> <span class='ocrx_word' id='word_1_54' title='bbox 1525 1712 1593 1787; x_wconf 91' lang='lat' dir='ltr'><strong>per</strong></span> 
     </span>
     <span class='ocr_line' id='line_1_8' title="bbox 425 1803 1592 1912; baseline -0.005 -20"><span class='ocrx_word' id='word_1_55' title='bbox 425 1837 654 1912; x_wconf 90' lang='lat' dir='ltr'><strong>consequens</strong></span> <span class='ocrx_word' id='word_1_56' title='bbox 671 1821 726 1892; x_wconf 90' lang='lat' dir='ltr'><strong>est</strong></span> <span class='ocrx_word' id='word_1_57' title='bbox 742 1816 919 1912; x_wconf 83' lang='lat' dir='ltr'><strong>pessimus</strong></span> <span class='ocrx_word' id='word_1_58' title='bbox 936 1815 1114 1890; x_wconf 92' lang='lat' dir='ltr'><strong>omnium.</strong></span> <span class='ocrx_word' id='word_1_59' title='bbox 1129 1815 1221 1890; x_wconf 90' lang='lat' dir='ltr'><strong>Nam</strong></span> <span class='ocrx_word' id='word_1_60' title='bbox 1239 1814 1270 1888; x_wconf 91' lang='lat' dir='ltr'><strong>si</strong></span> <span class='ocrx_word' id='word_1_61' title='bbox 1282 1815 1426 1888; x_wconf 90' lang='lat' dir='ltr'><strong>Vannes</strong></span> <span class='ocrx_word' id='word_1_62' title='bbox 1441 1812 1542 1888; x_wconf 80' lang='lat' dir='ltr'><strong>Fusii</strong></span> <span class='ocrx_word' id='word_1_63' title='bbox 1553 1803 1592 1908; x_wconf 71' lang='lat'><strong>(⁸)</strong></span> 
     </span>
     <span class='ocr_line' id='line_1_9' title="bbox 423 1935 1590 2031; baseline -0.005 -19"><span class='ocrx_word' id='word_1_64' title='bbox 423 1939 491 2012; x_wconf 94' lang='lat' dir='ltr'><strong>fnit</strong></span> <span class='ocrx_word' id='word_1_65' title='bbox 507 1939 701 2031; x_wconf 90' lang='lat' dir='ltr'><strong>resolutus,</strong></span> <span class='ocrx_word' id='word_1_66' title='bbox 720 1937 793 2012; x_wconf 86' lang='lat' dir='ltr'><strong>cito</strong></span> <span class='ocrx_word' id='word_1_67' title='bbox 816 1935 884 2011; x_wconf 90' lang='lat' dir='ltr'><strong>luit</strong></span> <span class='ocrx_word' id='word_1_68' title='bbox 909 1942 1075 2028; x_wconf 83' lang='lat' dir='ltr'><strong>renatus3</strong></span> <span class='ocrx_word' id='word_1_69' title='bbox 1101 1935 1131 2009; x_wconf 91' lang='lat' dir='ltr'><strong>si</strong></span> <span class='ocrx_word' id='word_1_70' title='bbox 1156 1935 1316 2031; x_wconf 79' lang='lat' dir='ltr'><strong>Angelus</strong></span> <span class='ocrx_word' id='word_1_71' title='bbox 1336 1935 1590 2030; x_wconf 90' lang='lat' dir='ltr'><strong>incorporatus</strong></span> 
     </span>
     <span class='ocr_line' id='line_1_10' title="bbox 424 2053 1592 2152; baseline -0.005 -19"><span class='ocrx_word' id='word_1_72' title='bbox 424 2058 541 2134; x_wconf 86' lang='lat' dir='ltr'><strong>extitit</strong></span> <span class='ocrx_word' id='word_1_73' title='bbox 565 2078 653 2133; x_wconf 91' lang='lat' dir='ltr'><strong>cum</strong></span> <span class='ocrx_word' id='word_1_74' title='bbox 679 2065 861 2152; x_wconf 87' lang='lat' dir='ltr'><strong>serpente,</strong></span> <span class='ocrx_word' id='word_1_75' title='bbox 881 2076 955 2132; x_wconf 91' lang='lat' dir='ltr'><strong>non</strong></span> <span class='ocrx_word' id='word_1_76' title='bbox 979 2062 1104 2131; x_wconf 90' lang='lat' dir='ltr'><strong>tamen</strong></span> <span class='ocrx_word' id='word_1_77' title='bbox 1129 2053 1284 2151; x_wconf 90' lang='lat' dir='ltr'><strong>perdidit</strong></span> <span class='ocrx_word' id='word_1_78' title='bbox 1308 2055 1457 2130; x_wconf 91' lang='lat' dir='ltr'><strong>omnino</strong></span> <span class='ocrx_word' id='word_1_79' title='bbox 1483 2060 1592 2129; x_wconf 91' lang='lat' dir='ltr'><strong>natu·</strong></span> 
     </span>
    </p>
   </div>
   <div class='ocr_carea' id='block_1_3' title="bbox 424 2175 1718 2272">
    <p class='ocr_par' dir='ltr' id='par_1_3' title="bbox 424 2175 1718 2272">
     <span class='ocr_line' id='line_1_11' title="bbox 424 2175 1718 2272; baseline -0.003 -20"><span class='ocrx_word' id='word_1_80' title='bbox 424 2199 505 2260; x_wconf 91' lang='lat' dir='ltr'><strong>ram</strong></span> <span class='ocrx_word' id='word_1_81' title='bbox 531 2178 746 2272; x_wconf 88' lang='lat' dir='ltr'><strong>humanam,</strong></span> <span class='ocrx_word' id='word_1_82' title='bbox 763 2197 876 2272; x_wconf 89' lang='lat' dir='ltr'><strong>quam</strong></span> <span class='ocrx_word' id='word_1_83' title='bbox 895 2175 1074 2252; x_wconf 90' lang='lat' dir='ltr'><strong>retinebat</strong></span> <span class='ocrx_word' id='word_1_84' title='bbox 1094 2175 1204 2249; x_wconf 93' lang='lat' dir='ltr'><strong>simul</strong></span> <span class='ocrx_word' id='word_1_85' title='bbox 1221 2175 1258 2249; x_wconf 93' lang='lat' dir='ltr'><strong>in</strong></span> <span class='ocrx_word' id='word_1_86' title='bbox 1275 2175 1405 2250; x_wconf 90' lang='lat' dir='ltr'><strong>eodem</strong></span> <span class='ocrx_word' id='word_1_87' title='bbox 1423 2194 1591 2270; x_wconf 83' lang='lat' dir='ltr'><strong>corpore,</strong></span> <span class='ocrx_word' id='word_1_88' title='bbox 1715 2197 1718 2203; x_wconf 91' lang='lat'>·</span> 
     </span>
    </p>
   </div>
   <div class='ocr_carea' id='block_1_4' title="bbox 413 2285 1591 4984">
    <p class='ocr_par' dir='ltr' id='par_1_4' title="bbox 413 2285 1591 4984">
     <span class='ocr_line' id='line_1_12' title="bbox 425 2285 1591 2387; baseline -0.003 -16"><span class='ocrx_word' id='word_1_89' title='bbox 425 2297 508 2372; x_wconf 90' lang='lat' dir='ltr'><strong>licet</strong></span> <span class='ocrx_word' id='word_1_90' title='bbox 534 2297 685 2372; x_wconf 87' lang='lat' dir='ltr'><strong>confuse</strong></span> <span class='ocrx_word' id='word_1_91' title='bbox 710 2303 748 2372; x_wconf 94' lang='lat' dir='ltr'><strong>et</strong></span> <span class='ocrx_word' id='word_1_92' title='bbox 772 2295 984 2370; x_wconf 89' lang='lat' dir='ltr'><strong>indistincte.</strong></span> <span class='ocrx_word' id='word_1_93' title='bbox 1012 2295 1082 2370; x_wconf 88' lang='lat' dir='ltr'><strong>Sed</strong></span> <span class='ocrx_word' id='word_1_94' title='bbox 1107 2295 1236 2369; x_wconf 91' lang='lat' dir='ltr'><strong>Bosius</strong></span> <span class='ocrx_word' id='word_1_95' title='bbox 1266 2285 1441 2370; x_wconf 84' lang='lat' dir='ltr'><strong>infelicius</strong></span> <span class='ocrx_word' id='word_1_96' title='bbox 1454 2285 1491 2387; x_wconf 82' lang='lat'><strong>(⁵)</strong></span> <span class='ocrx_word' id='word_1_97' title='bbox 1519 2313 1591 2369; x_wconf 83' lang='lat' dir='ltr'><strong>cae·</strong></span> 
     </span>
     <span class='ocr_line' id='line_1_13' title="bbox 425 2415 1590 2512; baseline -0.002 -20"><span class='ocrx_word' id='word_1_98' title='bbox 425 2417 513 2492; x_wconf 86' lang='lat' dir='ltr'><strong>teris</strong></span> <span class='ocrx_word' id='word_1_99' title='bbox 536 2418 762 2511; x_wconf 87' lang='lat' dir='ltr'><strong>mutabatur,</strong></span> <span class='ocrx_word' id='word_1_100' title='bbox 788 2415 875 2512; x_wconf 90' lang='lat' dir='ltr'><strong>qnia</strong></span> <span class='ocrx_word' id='word_1_101' title='bbox 900 2415 1051 2490; x_wconf 89' lang='lat' dir='ltr'><strong>omnino</strong></span> <span class='ocrx_word' id='word_1_102' title='bbox 1075 2415 1236 2490; x_wconf 83' lang='lat' dir='ltr'><strong>exuebat</strong></span> <span class='ocrx_word' id='word_1_103' title='bbox 1261 2421 1432 2490; x_wconf 90' lang='lat' dir='ltr'><strong>naturam</strong></span> <span class='ocrx_word' id='word_1_104' title='bbox 1458 2416 1590 2490; x_wconf 89' lang='lat' dir='ltr'><strong>huma·</strong></span> 
     </span>
     <span class='ocr_line' id='line_1_14' title="bbox 426 2533 1590 2631; baseline -0.001 -22"><span class='ocrx_word' id='word_1_105' title='bbox 426 2557 524 2611; x_wconf 89' lang='lat' dir='ltr'><strong>nam.</strong></span> <span class='ocrx_word' id='word_1_106' title='bbox 543 2535 671 2612; x_wconf 92' lang='lat' dir='ltr'><strong>Bosius</strong></span> <span class='ocrx_word' id='word_1_107' title='bbox 688 2554 778 2631; x_wconf 86' lang='lat' dir='ltr'><strong>ergo</strong></span> <span class='ocrx_word' id='word_1_108' title='bbox 794 2555 842 2610; x_wconf 84' lang='lat' dir='ltr'><strong>ex</strong></span> <span class='ocrx_word' id='word_1_109' title='bbox 857 2533 1007 2610; x_wconf 90' lang='lat' dir='ltr'><strong>homine</strong></span> <span class='ocrx_word' id='word_1_110' title='bbox 1024 2534 1140 2609; x_wconf 90' lang='lat' dir='ltr'><strong>factus</strong></span> <span class='ocrx_word' id='word_1_111' title='bbox 1161 2541 1215 2610; x_wconf 87' lang='lat' dir='ltr'><strong>est</strong></span> <span class='ocrx_word' id='word_1_112' title='bbox 1236 2554 1397 2630; x_wconf 90' lang='lat' dir='ltr'><strong>serpens,</strong></span> <span class='ocrx_word' id='word_1_113' title='bbox 1418 2541 1456 2610; x_wconf 92' lang='lat' dir='ltr'><strong>et</strong></span> <span class='ocrx_word' id='word_1_114' title='bbox 1470 2535 1590 2609; x_wconf 90' lang='lat' dir='ltr'><strong>Guer-</strong></span> 
     </span>
     <span class='ocr_line' id='line_1_15' title="bbox 423 2654 1591 2751; baseline 0.002 -21"><span class='ocrx_word' id='word_1_115' title='bbox 423 2657 503 2730; x_wconf 90' lang='lat' dir='ltr'><strong>cius</strong></span> <span class='ocrx_word' id='word_1_116' title='bbox 527 2677 574 2731; x_wconf 81' lang='lat' dir='ltr'><strong>ex</strong></span> <span class='ocrx_word' id='word_1_117' title='bbox 600 2661 768 2751; x_wconf 87' lang='lat' dir='ltr'><strong>serpente</strong></span> <span class='ocrx_word' id='word_1_118' title='bbox 792 2655 909 2730; x_wconf 88' lang='lat' dir='ltr'><strong>factus</strong></span> <span class='ocrx_word' id='word_1_119' title='bbox 934 2661 989 2730; x_wconf 91' lang='lat' dir='ltr'><strong>est</strong></span> <span class='ocrx_word' id='word_1_120' title='bbox 1013 2656 1125 2730; x_wconf 90' lang='lat' dir='ltr'><strong>homo</strong></span> <span class='ocrx_word' id='word_1_121' title='bbox 1141 2654 1288 2749; x_wconf 90' lang='lat' dir='ltr'><strong>quando</strong></span> <span class='ocrx_word' id='word_1_122' title='bbox 1305 2663 1432 2751; x_wconf 90' lang='lat' dir='ltr'><strong>sponte</strong></span> <span class='ocrx_word' id='word_1_123' title='bbox 1457 2655 1591 2732; x_wconf 90' lang='lat' dir='ltr'><strong>dimisit</strong></span> 
     </span>
     <span class='ocr_line' id='line_1_16' title="bbox 422 2773 1589 2870; baseline 0 -22"><span class='ocrx_word' id='word_1_124' title='bbox 422 2775 649 2870; x_wconf 90' lang='lat' dir='ltr'><strong>propositum</strong></span> <span class='ocrx_word' id='word_1_125' title='bbox 675 2774 829 2850; x_wconf 90' lang='lat' dir='ltr'><strong>furandi.</strong></span> <span class='ocrx_word' id='word_1_126' title='bbox 856 2773 916 2848; x_wconf 88' lang='lat' dir='ltr'><strong>lsti</strong></span> <span class='ocrx_word' id='word_1_127' title='bbox 941 2793 1032 2870; x_wconf 85' lang='lat' dir='ltr'><strong>ergo</strong></span> <span class='ocrx_word' id='word_1_128' title='bbox 1056 2773 1156 2848; x_wconf 90' lang='lat' dir='ltr'><strong>fures</strong></span> <span class='ocrx_word' id='word_1_129' title='bbox 1182 2795 1255 2848; x_wconf 93' lang='lat' dir='ltr'><strong>non</strong></span> <span class='ocrx_word' id='word_1_130' title='bbox 1280 2774 1431 2850; x_wconf 91' lang='lat' dir='ltr'><strong>luerunt</strong></span> <span class='ocrx_word' id='word_1_131' title='bbox 1447 2775 1484 2850; x_wconf 89' lang='lat' dir='ltr'><strong>in</strong></span> <span class='ocrx_word' id='word_1_132' title='bbox 1501 2795 1589 2849; x_wconf 87' lang='lat' dir='ltr'><strong>oon·</strong></span> 
     </span>
     <span class='ocr_line' id='line_1_17' title="bbox 421 2893 1588 2990; baseline -0.001 -23"><span class='ocrx_word' id='word_1_133' title='bbox 421 2894 525 2969; x_wconf 90' lang='lat' dir='ltr'><strong>tinuo</strong></span> <span class='ocrx_word' id='word_1_134' title='bbox 549 2893 684 2970; x_wconf 83' lang='lat' dir='ltr'><strong>affectu</strong></span> <span class='ocrx_word' id='word_1_135' title='bbox 708 2893 864 2987; x_wconf 89' lang='lat' dir='ltr'><strong>furandi,</strong></span> <span class='ocrx_word' id='word_1_136' title='bbox 891 2893 955 2968; x_wconf 93' lang='lat' dir='ltr'><strong>sed</strong></span> <span class='ocrx_word' id='word_1_137' title='bbox 978 2894 1025 2968; x_wconf 90' lang='lat' dir='ltr'><strong>ad</strong></span> <span class='ocrx_word' id='word_1_138' title='bbox 1050 2900 1205 2990; x_wconf 91' lang='lat' dir='ltr'><strong>tempus,</strong></span> <span class='ocrx_word' id='word_1_139' title='bbox 1231 2893 1309 2968; x_wconf 91' lang='lat' dir='ltr'><strong>aliis</strong></span> <span class='ocrx_word' id='word_1_140' title='bbox 1337 2895 1448 2968; x_wconf 88' lang='lat' dir='ltr'><strong>rebus</strong></span> <span class='ocrx_word' id='word_1_141' title='bbox 1472 2893 1588 2969; x_wconf 91' lang='lat' dir='ltr'><strong>inter-</strong></span> 
     </span>
     <span class='ocr_line' id='line_1_18' title="bbox 420 3014 1587 3111; baseline 0 -23"><span class='ocrx_word' id='word_1_142' title='bbox 420 3015 553 3110; x_wconf 91' lang='lat' dir='ltr'><strong>positis.</strong></span> <span class='ocrx_word' id='word_1_143' title='bbox 580 3016 676 3089; x_wconf 90' lang='lat' dir='ltr'><strong>Dum</strong></span> <span class='ocrx_word' id='word_1_144' title='bbox 702 3033 793 3111; x_wconf 79' lang='lat' dir='ltr'><strong>ergo</strong></span> <span class='ocrx_word' id='word_1_145' title='bbox 818 3020 903 3088; x_wconf 90' lang='lat' dir='ltr'><strong>suut</strong></span> <span class='ocrx_word' id='word_1_146' title='bbox 922 3014 1022 3088; x_wconf 90' lang='lat' dir='ltr'><strong>fures</strong></span> <span class='ocrx_word' id='word_1_147' title='bbox 1040 3018 1234 3089; x_wconf 88' lang='lat' dir='ltr'><strong>assumunt</strong></span> <span class='ocrx_word' id='word_1_148' title='bbox 1253 3014 1411 3088; x_wconf 89' lang='lat' dir='ltr'><strong>formam</strong></span> <span class='ocrx_word' id='word_1_149' title='bbox 1437 3034 1587 3110; x_wconf 91' lang='lat' dir='ltr'><strong>serpen-</strong></span> 
     </span>
     <span class='ocr_line' id='line_1_19' title="bbox 420 3134 1584 3228; baseline 0 -21"><span class='ocrx_word' id='word_1_150' title='bbox 420 3135 534 3210; x_wconf 90' lang='lat' dir='ltr'><strong>tinam</strong></span> <span class='ocrx_word' id='word_1_151' title='bbox 566 3135 712 3209; x_wconf 88' lang='lat' dir='ltr'><strong>dimissa</strong></span> <span class='ocrx_word' id='word_1_152' title='bbox 744 3135 922 3228; x_wconf 82' lang='lat' dir='ltr'><strong>humana3</strong></span> <span class='ocrx_word' id='word_1_153' title='bbox 959 3139 997 3208; x_wconf 92' lang='lat' dir='ltr'><strong>et</strong></span> <span class='ocrx_word' id='word_1_154' title='bbox 1028 3134 1118 3208; x_wconf 91' lang='lat' dir='ltr'><strong>dum</strong></span> <span class='ocrx_word' id='word_1_155' title='bbox 1156 3139 1350 3208; x_wconf 92' lang='lat' dir='ltr'><strong>resumunt</strong></span> <span class='ocrx_word' id='word_1_156' title='bbox 1382 3134 1584 3208; x_wconf 88' lang='lat' dir='ltr'><strong>humanam</strong></span> 
     </span>
     <span class='ocr_line' id='line_1_20' title="bbox 419 3251 1587 3350; baseline 0.002 -24"><span class='ocrx_word' id='word_1_157' title='bbox 419 3253 604 3328; x_wconf 90' lang='lat' dir='ltr'><strong>dimittunt</strong></span> <span class='ocrx_word' id='word_1_158' title='bbox 629 3254 886 3350; x_wconf 90' lang='lat' dir='ltr'><strong>serpentinam,</strong></span> <span class='ocrx_word' id='word_1_159' title='bbox 912 3251 999 3347; x_wconf 86' lang='lat' dir='ltr'><strong>quia</strong></span> <span class='ocrx_word' id='word_1_160' title='bbox 1024 3258 1180 3328; x_wconf 90' lang='lat' dir='ltr'><strong>utuntur</strong></span> <span class='ocrx_word' id='word_1_161' title='bbox 1206 3253 1358 3348; x_wconf 89' lang='lat' dir='ltr'><strong>ratione,</strong></span> <span class='ocrx_word' id='word_1_162' title='bbox 1375 3260 1413 3328; x_wconf 90' lang='lat' dir='ltr'><strong>et</strong></span> <span class='ocrx_word' id='word_1_163' title='bbox 1433 3253 1483 3328; x_wconf 88' lang='lat' dir='ltr'><strong>sic</strong></span> <span class='ocrx_word' id='word_1_164' title='bbox 1500 3259 1587 3328; x_wconf 91' lang='lat' dir='ltr'><strong>sunt</strong></span> 
     </span>
     <span class='ocr_line' id='line_1_21' title="bbox 420 3373 1587 3470; baseline 0 -24"><span class='ocrx_word' id='word_1_165' title='bbox 420 3393 519 3448; x_wconf 91' lang='lat' dir='ltr'><strong>nunc</strong></span> <span class='ocrx_word' id='word_1_166' title='bbox 552 3381 749 3470; x_wconf 87' lang='lat' dir='ltr'><strong>serpentes,</strong></span> <span class='ocrx_word' id='word_1_167' title='bbox 782 3393 881 3448; x_wconf 91' lang='lat' dir='ltr'><strong>nunc</strong></span> <span class='ocrx_word' id='word_1_168' title='bbox 912 3373 1088 3449; x_wconf 89' lang='lat' dir='ltr'><strong>homines.</strong></span> <span class='ocrx_word' id='word_1_169' title='bbox 1106 3377 1348 3449; x_wconf 78' lang='lat' dir='ltr'><strong>-L&#39;onlmn</strong></span> <span class='ocrx_word' id='word_1_170' title='bbox 1384 3373 1448 3448; x_wconf 85' lang='lat' dir='ltr'><strong>llic</strong></span> <span class='ocrx_word' id='word_1_171' title='bbox 1477 3381 1587 3449; x_wconf 87' lang='lat' dir='ltr'><strong>antor</strong></span> 
     </span>
     <span class='ocr_line' id='line_1_22' title="bbox 419 3483 1586 3589; baseline 0 -21"><span class='ocrx_word' id='word_1_172' title='bbox 419 3493 589 3569; x_wconf 87' lang='lat' dir='ltr'><strong>describit</strong></span> <span class='ocrx_word' id='word_1_173' title='bbox 614 3514 757 3570; x_wconf 91' lang='lat' dir='ltr'><strong>morem</strong></span> <span class='ocrx_word' id='word_1_174' title='bbox 783 3494 972 3589; x_wconf 93' lang='lat' dir='ltr'><strong>proprium</strong></span> <span class='ocrx_word' id='word_1_175' title='bbox 990 3494 1185 3589; x_wconf 86' lang='lat' dir='ltr'><strong>utriusque</strong></span> <span class='ocrx_word' id='word_1_176' title='bbox 1201 3494 1449 3570; x_wconf 89' lang='lat' dir='ltr'><strong>transformati</strong></span> <span class='ocrx_word' id='word_1_177' title='bbox 1464 3483 1514 3589; x_wconf 82' lang='lat'><strong>(⁶),</strong></span> <span class='ocrx_word' id='word_1_178' title='bbox 1531 3493 1586 3568; x_wconf 91' lang='lat' dir='ltr'><strong>di-</strong></span> 
     </span>
     <span class='ocr_line' id='line_1_23' title="bbox 419 3613 1586 3710; baseline -0.003 -20"><span class='ocrx_word' id='word_1_179' title='bbox 419 3634 527 3690; x_wconf 87' lang='lat' dir='ltr'><strong>cens:</strong></span> <span class='ocrx_word' id='word_1_180' title='bbox 555 3616 724 3705; x_wconf 73' lang='lat' dir='ltr'><strong>tamma,</strong></span> <span class='ocrx_word' id='word_1_181' title='bbox 749 3613 884 3690; x_wconf 85' lang='lat' dir='ltr'><strong>scilicet</strong></span> <span class='ocrx_word' id='word_1_182' title='bbox 912 3614 1098 3691; x_wconf 89' lang='lat' dir='ltr'><strong>rationalis</strong></span> <span class='ocrx_word' id='word_1_183' title='bbox 1127 3614 1234 3710; x_wconf 88' lang='lat' dir='ltr'><strong>Bosil,</strong></span> <span class='ocrx_word' id='word_1_184' title='bbox 1265 3617 1316 3688; x_wconf 88' lang='lat' dir='ltr'><strong>cll’</strong></span> <span class='ocrx_word' id='word_1_185' title='bbox 1329 3636 1393 3688; x_wconf 83' lang='lat' dir='ltr'><strong>ero</strong></span> <span class='ocrx_word' id='word_1_186' title='bbox 1423 3616 1586 3690; x_wconf 75' lang='lat' dir='ltr'><strong>dicentia</strong></span> 
     </span>
     <span class='ocr_line' id='line_1_24' title="bbox 415 3721 1585 3830; baseline 0.004 -24"><span class='ocrx_word' id='word_1_187' title='bbox 415 3736 511 3828; x_wconf 81' lang='lat' dir='ltr'><strong>sera,</strong></span> <span class='ocrx_word' id='word_1_188' title='bbox 537 3732 639 3827; x_wconf 88' lang='lat' dir='ltr'><strong>idest,</strong></span> <span class='ocrx_word' id='word_1_189' title='bbox 664 3731 787 3808; x_wconf 87' lang='lat' dir='ltr'><strong>anima</strong></span> <span class='ocrx_word' id='word_1_190' title='bbox 812 3733 933 3808; x_wconf 85' lang='lat' dir='ltr'><strong>feralis</strong></span> <span class='ocrx_word' id='word_1_191' title='bbox 948 3721 984 3826; x_wconf 83' lang='lat'><strong>(⁷)</strong></span> <span class='ocrx_word' id='word_1_192' title='bbox 1012 3735 1229 3810; x_wconf 90' lang='lat' dir='ltr'><strong>irrationalis</strong></span> <span class='ocrx_word' id='word_1_193' title='bbox 1249 3735 1438 3830; x_wconf 89' lang='lat' dir='ltr'><strong>serpentis,</strong></span> <span class='ocrx_word' id='word_1_194' title='bbox 1460 3755 1585 3811; x_wconf 86' lang='lat' dir='ltr'><strong>mora·</strong></span> 
     </span>
     <span class='ocr_line' id='line_1_25' title="bbox 419 3847 1584 3952; baseline 0.002 -24"><span class='ocrx_word' id='word_1_195' title='bbox 419 3855 501 3930; x_wconf 90' lang='lat' dir='ltr'><strong>liter</strong></span> <span class='ocrx_word' id='word_1_196' title='bbox 530 3853 700 3950; x_wconf 81' lang='lat' dir='ltr'><strong>intellige,</strong></span> <span class='ocrx_word' id='word_1_197' title='bbox 732 3847 1195 3948; x_wconf 58' lang='lat' dir='ltr'><strong>condemnaturum</strong></span> <span class='ocrx_word' id='word_1_198' title='bbox 1228 3861 1283 3930; x_wconf 90' lang='lat' dir='ltr'><strong>est</strong></span> <span class='ocrx_word' id='word_1_199' title='bbox 1314 3856 1455 3952; x_wconf 83' lang='lat' dir='ltr'><strong>lugere,</strong></span> <span class='ocrx_word' id='word_1_200' title='bbox 1486 3861 1584 3951; x_wconf 79' lang='lat' dir='ltr'><strong>soso·</strong></span> 
     </span>
     <span class='ocr_line' id='line_1_26' title="bbox 418 3973 1583 4073; baseline 0.002 -25"><span class='ocrx_word' id='word_1_201' title='bbox 418 3977 539 4067; x_wconf 70' lang='lat' dir='ltr'><strong>modo,</strong></span> <span class='ocrx_word' id='word_1_202' title='bbox 568 3974 656 4068; x_wconf 86' lang='lat' dir='ltr'><strong>quia</strong></span> <span class='ocrx_word' id='word_1_203' title='bbox 685 3973 810 4049; x_wconf 89' lang='lat' dir='ltr'><strong>sibilus</strong></span> <span class='ocrx_word' id='word_1_204' title='bbox 841 3980 897 4049; x_wconf 90' lang='lat' dir='ltr'><strong>est</strong></span> <span class='ocrx_word' id='word_1_205' title='bbox 929 3974 1097 4069; x_wconf 92' lang='lat' dir='ltr'><strong>proprius</strong></span> <span class='ocrx_word' id='word_1_206' title='bbox 1131 3976 1257 4050; x_wconf 92' lang='lat' dir='ltr'><strong>lurum</strong></span> <span class='ocrx_word' id='word_1_207' title='bbox 1290 3982 1328 4052; x_wconf 90' lang='lat' dir='ltr'><strong>et</strong></span> <span class='ocrx_word' id='word_1_208' title='bbox 1358 3982 1583 4073; x_wconf 88' lang='lat' dir='ltr'><strong>serpentum,</strong></span> 
     </span>
     <span class='ocr_line' id='line_1_27' title="bbox 413 4085 1581 4190; baseline 0.003 -23"><span class='ocrx_word' id='word_1_209' title='bbox 413 4115 481 4187; x_wconf 84' lang='lat' dir='ltr'><strong>per</strong></span> <span class='ocrx_word' id='word_1_210' title='bbox 505 4096 669 4186; x_wconf 81' lang='lat' dir='ltr'><strong>lavalle,</strong></span> <span class='ocrx_word' id='word_1_211' title='bbox 695 4094 797 4190; x_wconf 91' lang='lat' dir='ltr'><strong>idest,</strong></span> <span class='ocrx_word' id='word_1_212' title='bbox 823 4114 889 4190; x_wconf 90' lang='lat' dir='ltr'><strong>per</strong></span> <span class='ocrx_word' id='word_1_213' title='bbox 913 4093 1074 4190; x_wconf 84' lang='lat' dir='ltr'><strong>bulgiam</strong></span> <span class='ocrx_word' id='word_1_214' title='bbox 1106 4114 1306 4169; x_wconf 88' lang='lat' dir='ltr'><strong>concavam</strong></span> <span class='ocrx_word' id='word_1_215' title='bbox 1321 4085 1358 4187; x_wconf 83' lang='lat'><strong>(⁸)</strong></span> <span class='ocrx_word' id='word_1_216' title='bbox 1386 4095 1581 4171; x_wconf 87' lang='lat' dir='ltr'><strong>obscuram</strong></span> 
     </span>
     <span class='ocr_line' id='line_1_28' title="bbox 416 4212 1582 4309; baseline 0.001 -21"><span class='ocrx_word' id='word_1_217' title='bbox 416 4213 463 4290; x_wconf 95' lang='lat' dir='ltr'><strong>ad</strong></span> <span class='ocrx_word' id='word_1_218' title='bbox 488 4233 601 4308; x_wconf 90' lang='lat' dir='ltr'><strong>quam</strong></span> <span class='ocrx_word' id='word_1_219' title='bbox 628 4233 701 4289; x_wconf 90' lang='lat' dir='ltr'><strong>non</strong></span> <span class='ocrx_word' id='word_1_220' title='bbox 726 4219 920 4309; x_wconf 88' lang='lat' dir='ltr'><strong>penetrant</strong></span> <span class='ocrx_word' id='word_1_221' title='bbox 945 4212 1037 4288; x_wconf 90' lang='lat' dir='ltr'><strong>radii</strong></span> <span class='ocrx_word' id='word_1_222' title='bbox 1059 4213 1155 4308; x_wconf 89' lang='lat' dir='ltr'><strong>solis,</strong></span> <span class='ocrx_word' id='word_1_223' title='bbox 1174 4214 1268 4289; x_wconf 89' lang='lat' dir='ltr'><strong>sicut</strong></span> <span class='ocrx_word' id='word_1_224' title='bbox 1292 4213 1428 4290; x_wconf 86' lang='lat' dir='ltr'><strong>dictum</strong></span> <span class='ocrx_word' id='word_1_225' title='bbox 1447 4222 1502 4292; x_wconf 83' lang='lat' dir='ltr'><strong>est</strong></span> <span class='ocrx_word' id='word_1_226' title='bbox 1518 4238 1582 4291; x_wconf 91' lang='lat' dir='ltr'><strong>su-</strong></span> 
     </span>
     <span class='ocr_line' id='line_1_29' title="bbox 416 4333 1582 4430; baseline 0.003 -24"><span class='ocrx_word' id='word_1_227' title='bbox 416 4354 483 4428; x_wconf 91' lang='lat' dir='ltr'><strong>pra</strong></span> <span class='ocrx_word' id='word_1_228' title='bbox 508 4333 555 4409; x_wconf 93' lang='lat' dir='ltr'><strong>de</strong></span> <span class='ocrx_word' id='word_1_229' title='bbox 579 4335 752 4430; x_wconf 88' lang='lat' dir='ltr'><strong>spelunca</strong></span> <span class='ocrx_word' id='word_1_230' title='bbox 777 4333 872 4429; x_wconf 85' lang='lat' dir='ltr'><strong>Caci,</strong></span> <span class='ocrx_word' id='word_1_231' title='bbox 898 4356 917 4408; x_wconf 87' lang='lat' dir='ltr'><strong>e</strong></span> <span class='ocrx_word' id='word_1_232' title='bbox 941 4335 1083 4428; x_wconf 71' lang='lat' dir='ltr'><strong>tneo,</strong></span> <span class='ocrx_word' id='word_1_233' title='bbox 1101 4333 1237 4410; x_wconf 85' lang='lat' dir='ltr'><strong>scillcet</strong></span> <span class='ocrx_word' id='word_1_234' title='bbox 1261 4335 1440 4412; x_wconf 89' lang='lat' dir='ltr'><strong>Guercius</strong></span> <span class='ocrx_word' id='word_1_235' title='bbox 1465 4335 1582 4412; x_wconf 86' lang='lat' dir='ltr'><strong>lactus</strong></span> 
     </span>
     <span class='ocr_line' id='line_1_30' title="bbox 416 4444 1579 4551; baseline 0.003 -25"><span class='ocrx_word' id='word_1_236' title='bbox 416 4453 528 4527; x_wconf 92' lang='lat' dir='ltr'><strong>homo</strong></span> <span class='ocrx_word' id='word_1_237' title='bbox 542 4444 580 4546; x_wconf 76' lang='lat'><strong>(⁰)</strong></span> <span class='ocrx_word' id='word_1_238' title='bbox 597 4452 672 4548; x_wconf 85' lang='lat' dir='ltr'><strong>ivit,</strong></span> <span class='ocrx_word' id='word_1_239' title='bbox 689 4455 802 4528; x_wconf 78' lang='lat' dir='ltr'><strong>dictro</strong></span> <span class='ocrx_word' id='word_1_240' title='bbox 827 4477 852 4528; x_wconf 89' lang='grc' dir='ltr'><em>α</em></span> <span class='ocrx_word' id='word_1_241' title='bbox 876 4457 935 4549; x_wconf 85' lang='lat' dir='ltr'><strong>lul,</strong></span> <span class='ocrx_word' id='word_1_242' title='bbox 953 4454 1056 4549; x_wconf 87' lang='lat' dir='ltr'><strong>idest,</strong></span> <span class='ocrx_word' id='word_1_243' title='bbox 1077 4459 1157 4550; x_wconf 91' lang='lat' dir='ltr'><strong>post</strong></span> <span class='ocrx_word' id='word_1_244' title='bbox 1180 4453 1344 4530; x_wconf 89' lang='lat' dir='ltr'><strong>animam</strong></span> <span class='ocrx_word' id='word_1_245' title='bbox 1363 4455 1474 4551; x_wconf 85' lang='lat' dir='ltr'><strong>Bosii3</strong></span> <span class='ocrx_word' id='word_1_246' title='bbox 1493 4476 1579 4532; x_wconf 92' lang='lat' dir='ltr'><strong>nam</strong></span> 
     </span>
     <span class='ocr_line' id='line_1_31' title="bbox 414 4567 1582 4671; baseline 0.003 -23"><span class='ocrx_word' id='word_1_247' title='bbox 414 4572 560 4648; x_wconf 91' lang='lat' dir='ltr'><strong>animus</strong></span> <span class='ocrx_word' id='word_1_248' title='bbox 577 4579 633 4648; x_wconf 81' lang='lat' dir='ltr'><strong>est</strong></span> <span class='ocrx_word' id='word_1_249' title='bbox 650 4575 713 4668; x_wconf 90' lang='lat' dir='ltr'><strong>qui</strong></span> <span class='ocrx_word' id='word_1_250' title='bbox 731 4573 815 4650; x_wconf 86' lang='lat' dir='ltr'><strong>facit</strong></span> <span class='ocrx_word' id='word_1_251' title='bbox 832 4575 1174 4651; x_wconf 86' lang='lat' dir='ltr'><strong>transmutationem</strong></span> <span class='ocrx_word' id='word_1_252' title='bbox 1189 4567 1242 4669; x_wconf 78' lang='lat'>(⁴⁰)</span> <span class='ocrx_word' id='word_1_253' title='bbox 1261 4575 1298 4650; x_wconf 94' lang='lat' dir='ltr'><strong>in</strong></span> <span class='ocrx_word' id='word_1_254' title='bbox 1316 4575 1396 4671; x_wconf 89' lang='lat' dir='ltr'><strong>isto,</strong></span> <span class='ocrx_word' id='word_1_255' title='bbox 1410 4596 1484 4651; x_wconf 91' lang='lat' dir='ltr'><strong>non</strong></span> <span class='ocrx_word' id='word_1_256' title='bbox 1500 4597 1582 4652; x_wconf 86' lang='lat' dir='ltr'><strong>ma·-</strong></span> 
     </span>
     <span class='ocr_line' id='line_1_32' title="bbox 477 4735 1463 4832; baseline 0.005 -17"><span class='ocrx_word' id='word_1_257' title='bbox 477 4765 504 4826; x_wconf 82' lang='lat' dir='ltr'><strong>(¹l</strong></span> <span class='ocrx_word' id='word_1_258' title='bbox 519 4763 551 4814; x_wconf 84' lang='lat' dir='ltr'><strong>B.</strong></span> <span class='ocrx_word' id='word_1_259' title='bbox 568 4765 658 4816; x_wconf 71' lang='lat' dir='ltr'><strong>iubat</strong></span> <span class='ocrx_word' id='word_1_260' title='bbox 1098 4765 1127 4832; x_wconf 71' lang='grc' dir='ltr'><strong>ι’)</strong></span> <span class='ocrx_word' id='word_1_261' title='bbox 1143 4772 1197 4831; x_wconf 85' lang='lat' dir='ltr'><strong>llt,</strong></span> <span class='ocrx_word' id='word_1_262' title='bbox 1213 4735 1463 4822; x_wconf 71' lang='lat' dir='ltr'><strong>transmutationem.</strong></span> 
     </span>
     <span class='ocr_line' id='line_1_33' title="bbox 476 4839 1449 4984; baseline 0.008 -19"><span class='ocrx_word' id='word_1_263' title='bbox 476 4839 505 4977; x_wconf 79' lang='lat' dir='ltr'><strong>ll</strong></span> <span class='ocrx_word' id='word_1_264' title='bbox 521 4844 790 4967; x_wconf 63' lang='lat' dir='ltr'><strong>l¹⁶altl⁸l¹¹¹¹¹¹¹⁵</strong></span> <span class='ocrx_word' id='word_1_265' title='bbox 1101 4845 1128 4984; x_wconf 81' lang='lat' dir='ltr'><strong>ll</strong></span> <span class='ocrx_word' id='word_1_266' title='bbox 1144 4846 1449 4973; x_wconf 70' lang='lat' dir='ltr'><strong>lllllllllllll.</strong></span> 
     </span>
    </p>
   </div>
   <div class='ocr_carea' id='block_1_5' title="bbox 478 4989 1447 5131">
    <p class='ocr_par' dir='ltr' id='par_1_5' title="bbox 478 4989 1447 5131">
     <span class='ocr_line' id='line_1_34' title="bbox 478 4989 1311 5057; baseline 0.008 -17"><span class='ocrx_word' id='word_1_267' title='bbox 478 4989 505 5054; x_wconf 72' lang='grc' dir='ltr'><strong>ς’)</strong></span> <span class='ocrx_word' id='word_1_268' title='bbox 520 4989 546 5041; x_wconf 85' lang='lat' dir='ltr'><strong>S.</strong></span> <span class='ocrx_word' id='word_1_269' title='bbox 563 4989 651 5043; x_wconf 84' lang='lat' dir='ltr'><strong>feralis</strong></span> <span class='ocrx_word' id='word_1_270' title='bbox 667 4994 856 5046; x_wconf 77' lang='lat' dir='ltr'><strong>irrationabilia</strong></span> <span class='ocrx_word' id='word_1_271' title='bbox 1098 4994 1125 5057; x_wconf 76' lang='lat'><strong>(¹)</strong></span> <span class='ocrx_word' id='word_1_272' title='bbox 1144 5000 1197 5057; x_wconf 83' lang='lat' dir='ltr'><strong>tlt,</strong></span> <span class='ocrx_word' id='word_1_273' title='bbox 1213 5009 1311 5048; x_wconf 85' lang='lat' dir='ltr'><strong>caram.</strong></span> 
     </span>
     <span class='ocr_line' id='line_1_35' title="bbox 478 5065 1447 5131; baseline 0.008 -15"><span class='ocrx_word' id='word_1_274' title='bbox 478 5065 505 5128; x_wconf 64' lang='grc' dir='ltr'><strong>(Ἰ</strong></span> <span class='ocrx_word' id='word_1_275' title='bbox 523 5069 576 5126; x_wconf 80' lang='lat' dir='ltr'><strong>tle,</strong></span> <span class='ocrx_word' id='word_1_276' title='bbox 593 5071 632 5117; x_wconf 85' lang='lat' dir='ltr'><strong>eat</strong></span> <span class='ocrx_word' id='word_1_277' title='bbox 647 5069 734 5127; x_wconf 81' lang='lat' dir='ltr'><strong>hemo.</strong></span> <span class='ocrx_word' id='word_1_278' title='bbox 751 5075 778 5121; x_wconf 83' lang='lat' dir='ltr'><strong>et</strong></span> <span class='ocrx_word' id='word_1_279' title='bbox 793 5072 846 5122; x_wconf 80' lang='lat' dir='ltr'><strong>lvit.</strong></span> <span class='ocrx_word' id='word_1_280' title='bbox 1087 5070 1125 5131; x_wconf 78' lang='lat'><strong>(¹⁸)</strong></span> <span class='ocrx_word' id='word_1_281' title='bbox 1141 5071 1171 5124; x_wconf 86' lang='lat' dir='ltr'><strong>ll.</strong></span> <span class='ocrx_word' id='word_1_282' title='bbox 1187 5073 1447 5126; x_wconf 78' lang='lat' dir='ltr'><strong>transformationem.</strong></span> 
     </span>
    </p>
   </div>
   <div class='ocr_carea' id='block_1_6' title="bbox 0 0 2308 6840">
    <p class='ocr_par' dir='ltr' id='par_1_6' title="bbox 0 0 2308 6840">
     <span class='ocr_line' id='line_1_36' title="bbox 0 0 2308 6840; baseline 0 4"><span class='ocrx_word' id='word_1_283' title='bbox 0 0 2308 6840; x_wconf 95' lang='lat' dir='ltr'><strong> </strong></span> 
     </span>
    </p>
   </div>
  </div>
 </body>
</html>
