4580 6844
743 993 880 1049 cunnus
905 994 1096 1049 monemus
1120 991 1302 1048 summus.
1540 977 1612 1045 317

442 1137 668 1236 guardianus
692 1137 856 1213 Arimini.
881 1140 927 1213 Et
950 1138 1035 1214 dicit
1050 1145 1182 1213 autor:
1208 1143 1340 1211 eoerto
1359 1137 1525 1210 dereder
1542 1136 1614 1208 mio

443 1261 568 1332 votivo
583 1260 716 1352 interm
733 1257 918 1354 signanter
931 1251 968 1349 (¹)
988 1257 1073 1333 dicit
1088 1263 1201 1350 certe,
1219 1257 1307 1350 qnia
1323 1255 1518 1331 videbatur
1535 1253 1614 1328 sine

442 1377 554 1452 dubio
587 1377 821 1470 emendatus;
852 1397 939 1451 nam
970 1375 1103 1453 devote
1138 1376 1334 1472 assumpsit
1356 1367 1392 1468 (³)
1432 1373 1612 1465 habitum,

443 1495 631 1571 humiliter
655 1494 815 1571 servavit
839 1495 1021 1593 regulam,
1047 1500 1084 1570 et
1108 1495 1288 1591 patienter
1313 1495 1394 1568 tulit
1415 1498 1614 1588 pauperta-

444 1623 538 1710 tem;
559 1614 658 1689 unde
681 1633 778 1710 saepe
798 1614 898 1688 visus
914 1620 970 1690 est
987 1613 1042 1690 ire
1058 1614 1203 1709 pubiioe
1220 1613 1461 1688 mendicando
1478 1631 1611 1706 panem

444 1753 511 1830 per
534 1734 734 1828 Anconam,
759 1732 797 1806 in
821 1754 896 1827 qua
921 1739 1092 1808 mortuns
1117 1737 1172 1808 est
1188 1739 1226 1808 et
1245 1733 1424 1829 sepultum
1442 1736 1479 1806 et
1495 1730 1614 1803 multa

445 1853 569 1929 audivi
598 1853 644 1928 de
677 1873 735 1947 eo,
764 1870 830 1947 per
855 1871 939 1946 quae
965 1857 1108 1948 poterat
1133 1852 1220 1929 satis
1245 1851 1384 1947 sperari
1400 1841 1436 1943 (³)
1463 1849 1615 1925 deeius

445 1973 581 2066 salute3
605 1994 644 2047 se
666 1993 738 2046 noa
754 1977 850 2066 [osse
864 1975 892 2046 d
905 1993 1000 2064 pron
1014 1979 1126 2066 prete,
1143 1972 1279 2047 scilicet
1295 1971 1500 2046 Boniiacius
1518 1970 1614 2043 v111:

447 2090 615 2185 quamvis
640 2091 738 2166 enim
756 2091 876 2166 omnis
895 2111 988 2186 papa
1004 2090 1148 2165 dicatur
1165 2110 1334 2164 summus
1353 2089 1534 2182 sacerdos,
1561 2092 1618 2162 ta·

447 2229 535 2284 men
558 2209 776 2304 Boniiacius,
803 2209 1051 2304 temporaliter
1084 2209 1280 2305 loquendo,
1306 2208 1373 2282 init
1397 2229 1472 2283 non
1497 2208 1618 2282 sotum

446 2351 615 2427 magnus,
642 2330 707 2404 sed
741 2329 936 2424 maximus,
963 2330 1050 2424 quia
1074 2330 1216 2425 primus
1240 2328 1319 2424 init,
1345 2329 1409 2424 qui
1434 2328 1524 2404 vixit
1547 2328 1619 2400 im-

446 2449 632 2545 perialiter
648 2460 687 2527 et
706 2448 910 2547 magnifice.
928 2451 979 2522 Et
988 2447 1073 2523 dicit
1089 2455 1214 2524 autor:
1233 2469 1257 2521 o
1282 2451 1338 2522 nti
1365 2451 1439 2522 mot
1460 2449 1618 2540 prendo,

446 2568 548 2662 idest,
567 2568 628 2643 cui
652 2565 792 2642 nialum
810 2567 948 2642 accidat
961 2554 1019 2660 (ἦε
1038 2567 1263 2662 imprecatur
1281 2566 1347 2642 sibi
1365 2569 1506 2642 malum
1523 2566 1618 2640 sicut

447 2689 493 2763 de
517 2689 613 2764 iacto
638 2687 779 2782 accidit,
804 2708 890 2762 nam
916 2693 1088 2761 mortuus
1112 2694 1168 2762 est
1192 2687 1229 2760 in
1245 2687 1429 2763 anxietate
1449 2691 1487 2762 et
1504 2686 1617 2779 rabie,

447 2812 492 2882 ut
515 2826 613 2902 saepe
637 2806 798 2904 tangitur
824 2807 861 2881 in
885 2807 978 2882 libro
1004 2811 1103 2882 toto:
1121 2809 1181 2880 cte
1203 2809 1251 2880 mi
1265 2809 1385 2880 minue
1399 2826 1445 2879 aa
1460 2808 1491 2878 te
1501 2809 1621 2898 prime

447 2929 556 3019 eope,
581 2925 684 3021 idest,
709 2926 747 3001 in
770 2926 938 3022 pristinas
963 2925 1110 3000 iraudes
1135 2931 1173 2999 et
1197 2931 1296 3000 artes
1320 2925 1414 3000 beili.
1441 2923 1485 3004 Et
1502 2924 1621 2999 reddit

449 3045 657 3120 auditorem
686 3051 868 3121 attentum
905 3045 952 3120 ad
984 3043 1220 3139 audiendum,
1253 3043 1398 3121 dioens:
1434 3066 1454 3117 e
1489 3046 1619 3136 voglio,

451 3167 511 3238 cte
536 3167 749 3255 m'intendo,
774 3163 922 3256 scilicet,
947 3170 1001 3256 tn,
1026 3162 1253 3259 quicumque
1283 3163 1342 3258 sis,
1368 3170 1502 3258 astute,
1526 3183 1623 3236 come

452 3303 620 3375 equore,
647 3281 749 3376 idest,
775 3301 850 3376 qua
875 3281 1007 3378 forma,
1032 3291 1169 3375 etqua
1201 3282 1248 3358 de
1281 3303 1393 3358 causa
1417 3281 1623 3358 Boniiaoius

453 3400 609 3476 retraxit
646 3421 708 3476 me
745 3402 783 3475 in
820 3401 936 3476 malas
973 3401 1329 3496 culpan-uentre.
1362 3403 1468 3478 Nunc
1499 3421 1624 3477 eomes

451 3520 577 3596 volens
615 3541 769 3596 narrare
806 3541 970 3616 cansam,
996 3541 1114 3616 quare
1150 3521 1356 3598 Bonitacius
1394 3521 1626 3617 requisiverit

451 3658 552 3735 eum,
578 3641 734 3716 ostendit
766 3641 886 3736 primo
918 3661 960 3716 sa
992 3642 1113 3717 visum
1147 3641 1258 3718 inisse
1291 3642 1476 3739 idoneum,
1503 3643 1567 3738 qui
1585 3635 1624 3736 (ὅ)

453 3765 648 3856 perageret
674 3759 710 3834 id
734 3761 834 3854 qnod
859 3761 919 3836 ilie
947 3762 1106 3857 petebat,
1137 3763 1224 3856 quia
1252 3761 1390 3838 scilicet
1414 3747 1624 3859 expertissi-

453 3897 538 3951 mus
563 3877 684 3953 iuerat
711 3900 905 3956 armorum
934 3881 972 3956 in
1000 3881 1146 3976 secuio;
1180 3880 1245 3957 sed
1277 3887 1402 3957 tamen
1427 3903 1523 3958 nora
1549 3885 1624 3959 vita

454 3996 670 4093 prohibebat
706 3999 786 4094 sihi,
825 3999 912 4094 quia
942 3999 1059 4074 iactus
1096 4005 1176 4075 erat
1213 4000 1329 4076 irater
1362 4001 1492 4076 minor.
1531 4001 1624 4078 Dicit

453 4137 564 4213 ergo:
583 4119 720 4210 topere
744 4121 811 4191 mie
834 4139 907 4192 non
928 4121 1039 4212 saroa
1058 4121 1204 4211 Ιεωιίπο,
1233 4139 1294 4192 ma
1319 4123 1357 4194 di
1382 4124 1494 4214 volpe,
1520 4121 1626 4216 qnasi

454 4237 573 4312 dicat:
603 4257 677 4312 uon
703 4241 846 4311 tantum
878 4237 930 4313 iui
964 4258 1052 4312 usus
1082 4227 1273 4333 viribusd)
1300 4239 1477 4336 inbellis,
1507 4262 1628 4336 quau·

455 4363 537 4431 tum
567 4357 769 4452 iraudihnS,
802 4356 851 4432 ita
881 4358 980 4452 quod
1015 4377 1088 4432 non
1119 4359 1332 4454 pugnabam
1364 4367 1502 4458 aperte,
1531 4363 1627 4438 siout

457 4476 544 4550 olim
561 4477 658 4573 galli,
686 4481 727 4552 ut
751 4475 876 4552 scmbit
887 4477 1004 4553 Julius
1021 4476 1154 4572 Caesar,
1171 4484 1303 4552 mentre
1317 4482 1410 4554 cd'io
1422 4483 1478 4575 prr·
1488 4485 1624 4576 sorano,

456 4587 592 4670 scilicet
616 4595 872 4691 substantiatis,
896 4598 1027 4671 d'osso
1051 4617 1071 4669 e
1093 4598 1132 4671 dt
1152 4600 1269 4690 polpe,
1294 4597 1397 4693 idest,
1423 4621 1548 4695 carne,
1568 4605 1629 4677 ode

520 4853 548 4917 (¹)
565 4858 619 4918 ¹¹⁶.
636 4859 801 4924 unguimur
815 4863 887 4924 nuo
904 4863 992 4926 modo,
1008 4862 1078 4928 quir.
1145 4861 1173 4924 ρ)
1187 4861 1214 4914 e.
1230 4863 1347 4926 mnndi.

519 4929 547 4992 i'i
563 4930 590 4981 S·
606 4945 622 4982 θ
638 4932 669 4984 E·
685 4947 798 4997 tuerere.
1144 4937 1171 4998 (¹)
1188 4937 1335 5000 macoma
1352 4951 1412 4990 nam
1428 4944 1549 4993 mortum
1565 4945 1612 4990 eet.

520 5005 548 5066 (Ἴ
565 5004 597 5057 Ε.
613 5007 658 5071 qui
675 5014 811 5074 perageret
825 5011 904 5074 mum
920 5017 948 5064 at
963 5012 1034 5078 quod
1048 5011 1097 5063 ieta
1112 5015 1222 5076 poterat,
1238 5013 1306 5076 quie.

520 5080 548 5146 (¹)
567 5087 622 5144 nt.
638 5085 736 5138 atrium
752 5087 859 5138 milido
