<?xml version="1.0" encoding="UTF-8"?>
<!DOCTYPE html PUBLIC "-//W3C//DTD XHTML 1.0 Transitional//EN"
    "http://www.w3.org/TR/xhtml1/DTD/xhtml1-transitional.dtd">
<html xmlns="http://www.w3.org/1999/xhtml" xml:lang="en" lang="en">
 <head>
  <title>
</title>
<meta http-equiv="Content-Type" content="text/html;charset=utf-8" />
  <meta name='ocr-system' content='tesseract 3.04.00' />
  <meta name='ocr-capabilities' content='ocr_page ocr_carea ocr_par ocr_line ocrx_word'/>
</head>
<body>
  <div class='ocr_page' id='page_1' title='image "./comentumsuperda01benvgoog_0276.png"; bbox 0 0 4606 6840; ppageno 0'>
   <div class='ocr_carea' id='block_1_1' title="bbox 759 961 1592 1030">
    <p class='ocr_par' dir='ltr' id='par_1_1' title="bbox 759 961 1592 1030">
     <span class='ocr_line' id='line_1_1' title="bbox 759 961 1592 1030; baseline 0 -2"><span class='ocrx_word' id='word_1_1' title='bbox 759 971 897 1028; x_wconf 75' lang='lat' dir='ltr'><strong>esurus</strong></span> <span class='ocrx_word' id='word_1_2' title='bbox 922 971 1113 1028; x_wconf 81' lang='lat' dir='ltr'><strong>vronsnms</strong></span> <span class='ocrx_word' id='word_1_3' title='bbox 1137 973 1280 1030; x_wconf 83' lang='lat' dir='ltr'><strong>ssrros.</strong></span> <span class='ocrx_word' id='word_1_4' title='bbox 1522 961 1592 1028; x_wconf 73' lang='lat'><strong>267</strong></span> 
     </span>
    </p>
   </div>
   <div class='ocr_carea' id='block_1_2' title="bbox 425 1111 1592 1212">
    <p class='ocr_par' dir='ltr' id='par_1_2' title="bbox 425 1111 1592 1212">
     <span class='ocr_line' id='line_1_2' title="bbox 425 1111 1592 1212; baseline 0.001 -22"><span class='ocrx_word' id='word_1_5' title='bbox 425 1117 590 1212; x_wconf 88' lang='lat' dir='ltr'><strong>ingratus</strong></span> <span class='ocrx_word' id='word_1_6' title='bbox 615 1115 780 1191; x_wconf 83' lang='lat' dir='ltr'><strong>beneficii</strong></span> <span class='ocrx_word' id='word_1_7' title='bbox 805 1116 940 1212; x_wconf 86' lang='lat' dir='ltr'><strong>recepti</strong></span> <span class='ocrx_word' id='word_1_8' title='bbox 954 1111 1004 1210; x_wconf 80' lang='lat'><strong>(¹),</strong></span> <span class='ocrx_word' id='word_1_9' title='bbox 1035 1119 1165 1208; x_wconf 79' lang='lat' dir='ltr'><strong>quand</strong></span> <span class='ocrx_word' id='word_1_10' title='bbox 1177 1120 1213 1190; x_wconf 87' lang='lat' dir='ltr'><strong>io</strong></span> <span class='ocrx_word' id='word_1_11' title='bbox 1244 1119 1371 1192; x_wconf 80' lang='lat' dir='ltr'><strong>drtzzo</strong></span> <span class='ocrx_word' id='word_1_12' title='bbox 1401 1122 1439 1192; x_wconf 86' lang='lat' dir='ltr'><strong>lc</strong></span> <span class='ocrx_word' id='word_1_13' title='bbox 1470 1125 1592 1209; x_wconf 74' lang='lat' dir='ltr'><strong>mette,</strong></span> 
     </span>
    </p>
   </div>
   <div class='ocr_carea' id='block_1_3' title="bbox 423 1230 1603 4926">
    <p class='ocr_par' dir='ltr' id='par_1_3' title="bbox 423 1230 1603 4926">
     <span class='ocr_line' id='line_1_3' title="bbox 425 1230 1594 1331; baseline 0 -21"><span class='ocrx_word' id='word_1_14' title='bbox 425 1236 527 1331; x_wconf 90' lang='lat' dir='ltr'><strong>idest,</strong></span> <span class='ocrx_word' id='word_1_15' title='bbox 553 1237 700 1310; x_wconf 89' lang='lat' dir='ltr'><strong>rellecto</strong></span> <span class='ocrx_word' id='word_1_16' title='bbox 726 1237 956 1330; x_wconf 82' lang='lat' dir='ltr'><strong>memoriam,</strong></span> <span class='ocrx_word' id='word_1_17' title='bbox 982 1258 1007 1309; x_wconf 83' lang='lat' dir='ltr'><strong>a</strong></span> <span class='ocrx_word' id='word_1_18' title='bbox 1031 1230 1085 1310; x_wconf 75' lang='grc' dir='ltr'><strong>οἱὸ</strong></span> <span class='ocrx_word' id='word_1_19' title='bbox 1110 1240 1160 1310; x_wconf 82' lang='lat' dir='ltr'><strong>ct’</strong></span> <span class='ocrx_word' id='word_1_20' title='bbox 1173 1241 1208 1311; x_wconf 86' lang='lat' dir='ltr'><strong>to</strong></span> <span class='ocrx_word' id='word_1_21' title='bbox 1233 1241 1317 1329; x_wconf 79' lang='lat' dir='ltr'><strong>vidi,</strong></span> <span class='ocrx_word' id='word_1_22' title='bbox 1342 1237 1445 1330; x_wconf 89' lang='lat' dir='ltr'><strong>idest,</strong></span> <span class='ocrx_word' id='word_1_23' title='bbox 1473 1237 1594 1311; x_wconf 91' lang='lat' dir='ltr'><strong>omni·</strong></span> 
     </span>
     <span class='ocr_line' id='line_1_4' title="bbox 423 1353 1593 1452; baseline 0.001 -22"><span class='ocrx_word' id='word_1_24' title='bbox 423 1357 493 1430; x_wconf 80' lang='lat' dir='ltr'><strong>ltus</strong></span> <span class='ocrx_word' id='word_1_25' title='bbox 519 1356 663 1452; x_wconf 83' lang='lat' dir='ltr'>ignibus</span> <span class='ocrx_word' id='word_1_26' title='bbox 689 1377 782 1449; x_wconf 88' lang='lat' dir='ltr'><strong>quos</strong></span> <span class='ocrx_word' id='word_1_27' title='bbox 807 1357 879 1431; x_wconf 95' lang='lat' dir='ltr'><strong>vidi</strong></span> <span class='ocrx_word' id='word_1_28' title='bbox 905 1357 942 1430; x_wconf 93' lang='lat' dir='ltr'><strong>in</strong></span> <span class='ocrx_word' id='word_1_29' title='bbox 968 1364 1097 1432; x_wconf 84' lang='lat' dir='ltr'><strong>octava</strong></span> <span class='ocrx_word' id='word_1_30' title='bbox 1126 1357 1262 1452; x_wconf 81' lang='lat' dir='ltr'><strong>bulgio,</strong></span> <span class='ocrx_word' id='word_1_31' title='bbox 1289 1363 1326 1431; x_wconf 89' lang='lat' dir='ltr'><strong>et</strong></span> <span class='ocrx_word' id='word_1_32' title='bbox 1356 1358 1463 1432; x_wconf 93' lang='lat' dir='ltr'><strong>dicit:</strong></span> <span class='ocrx_word' id='word_1_33' title='bbox 1490 1353 1593 1450; x_wconf 82' lang='lat' dir='ltr'><strong>epid</strong></span> 
     </span>
     <span class='ocr_line' id='line_1_5' title="bbox 425 1476 1592 1568; baseline 0.003 -20"><span class='ocrx_word' id='word_1_34' title='bbox 425 1481 563 1568; x_wconf 69' lang='lat' dir='ltr'><strong>careno</strong></span> <span class='ocrx_word' id='word_1_35' title='bbox 588 1478 623 1549; x_wconf 87' lang='lat' dir='ltr'><strong>lo</strong></span> <span class='ocrx_word' id='word_1_36' title='bbox 635 1479 783 1568; x_wconf 68' lang='lat' dir='ltr'><strong>&#39;coemto</strong></span> <span class='ocrx_word' id='word_1_37' title='bbox 800 1480 851 1550; x_wconf 84' lang='lat' dir='ltr'><strong>ct’</strong></span> <span class='ocrx_word' id='word_1_38' title='bbox 864 1480 900 1549; x_wconf 84' lang='lat' dir='ltr'><strong>io</strong></span> <span class='ocrx_word' id='word_1_39' title='bbox 923 1498 996 1550; x_wconf 83' lang='lat' dir='ltr'><strong>non</strong></span> <span class='ocrx_word' id='word_1_40' title='bbox 1016 1479 1141 1568; x_wconf 77' lang='lat' dir='ltr'><strong>soglto,</strong></span> <span class='ocrx_word' id='word_1_41' title='bbox 1159 1477 1294 1550; x_wconf 87' lang='lat' dir='ltr'><strong>scilicet</strong></span> <span class='ocrx_word' id='word_1_42' title='bbox 1312 1476 1441 1551; x_wconf 91' lang='lat' dir='ltr'><strong>doctus</strong></span> <span class='ocrx_word' id='word_1_43' title='bbox 1462 1497 1592 1551; x_wconf 84' lang='lat' dir='ltr'><strong>exem-</strong></span> 
     </span>
     <span class='ocr_line' id='line_1_6' title="bbox 424 1595 1592 1692; baseline 0.001 -24"><span class='ocrx_word' id='word_1_44' title='bbox 424 1596 485 1690; x_wconf 85' lang='lat' dir='ltr'><strong>plo</strong></span> <span class='ocrx_word' id='word_1_45' title='bbox 517 1595 674 1670; x_wconf 91' lang='lat' dir='ltr'><strong>istorum</strong></span> <span class='ocrx_word' id='word_1_46' title='bbox 708 1596 790 1690; x_wconf 91' lang='lat' dir='ltr'><strong>plus</strong></span> <span class='ocrx_word' id='word_1_47' title='bbox 824 1596 982 1671; x_wconf 86' lang='lat' dir='ltr'><strong>relraeno</strong></span> <span class='ocrx_word' id='word_1_48' title='bbox 1019 1596 1208 1692; x_wconf 83' lang='lat' dir='ltr'><strong>ingenium</strong></span> <span class='ocrx_word' id='word_1_49' title='bbox 1249 1617 1361 1690; x_wconf 89' lang='lat' dir='ltr'><strong>quam</strong></span> <span class='ocrx_word' id='word_1_50' title='bbox 1397 1598 1466 1670; x_wconf 91' lang='lat' dir='ltr'><strong>sim</strong></span> <span class='ocrx_word' id='word_1_51' title='bbox 1508 1597 1592 1671; x_wconf 91' lang='lat' dir='ltr'><strong>soli·</strong></span> 
     </span>
     <span class='ocr_line' id='line_1_7' title="bbox 426 1713 1593 1810; baseline 0 -20"><span class='ocrx_word' id='word_1_52' title='bbox 426 1723 486 1790; x_wconf 91' lang='lat' dir='ltr'><strong>tus</strong></span> <span class='ocrx_word' id='word_1_53' title='bbox 511 1714 775 1810; x_wconf 88' lang='lat' dir='ltr'><strong>injuventute,</strong></span> <span class='ocrx_word' id='word_1_54' title='bbox 808 1713 935 1808; x_wconf 68' lang='lat' dir='ltr'><strong>poelt</strong></span> <span class='ocrx_word' id='word_1_55' title='bbox 961 1737 1033 1789; x_wconf 83' lang='lat' dir='ltr'><strong>oon</strong></span> <span class='ocrx_word' id='word_1_56' title='bbox 1062 1737 1185 1807; x_wconf 71' lang='lat' dir='ltr'><strong>coro,</strong></span> <span class='ocrx_word' id='word_1_57' title='bbox 1214 1717 1349 1790; x_wconf 91' lang='lat' dir='ltr'><strong>scilicet</strong></span> <span class='ocrx_word' id='word_1_58' title='bbox 1384 1715 1422 1790; x_wconf 94' lang='lat' dir='ltr'><strong>in</strong></span> <span class='ocrx_word' id='word_1_59' title='bbox 1457 1716 1593 1810; x_wconf 87' lang='lat' dir='ltr'><strong>aliquid</strong></span> 
     </span>
     <span class='ocr_line' id='line_1_8' title="bbox 426 1831 1594 1931; baseline -0.001 -20"><span class='ocrx_word' id='word_1_60' title='bbox 426 1837 577 1930; x_wconf 92' lang='lat' dir='ltr'><strong>lactum,</strong></span> <span class='ocrx_word' id='word_1_61' title='bbox 593 1838 653 1909; x_wconf 82' lang='lat' dir='ltr'><strong>clrc</strong></span> <span class='ocrx_word' id='word_1_62' title='bbox 673 1831 763 1910; x_wconf 71' lang='lat' dir='ltr'><strong>vrrtrl</strong></span> <span class='ocrx_word' id='word_1_63' title='bbox 779 1839 841 1910; x_wconf 84' lang='lat' dir='ltr'><strong>ool</strong></span> <span class='ocrx_word' id='word_1_64' title='bbox 853 1841 970 1930; x_wconf 61' lang='lat' dir='ltr'><strong>autut-</strong></span> <span class='ocrx_word' id='word_1_65' title='bbox 987 1837 1123 1914; x_wconf 89' lang='lat' dir='ltr'><strong>scilicet</strong></span> <span class='ocrx_word' id='word_1_66' title='bbox 1140 1836 1257 1911; x_wconf 90' lang='lat' dir='ltr'><strong>virtus</strong></span> <span class='ocrx_word' id='word_1_67' title='bbox 1277 1836 1490 1931; x_wconf 86' lang='lat' dir='ltr'><strong>prudentiae‚</strong></span> <span class='ocrx_word' id='word_1_68' title='bbox 1510 1857 1594 1930; x_wconf 77' lang='lat' dir='ltr'><strong>quaa</strong></span> 
     </span>
     <span class='ocr_line' id='line_1_9' title="bbox 427 1955 1596 2052; baseline 0 -22"><span class='ocrx_word' id='word_1_69' title='bbox 427 1956 534 2030; x_wconf 87' lang='lat' dir='ltr'><strong>docet</strong></span> <span class='ocrx_word' id='word_1_70' title='bbox 558 1955 744 2030; x_wconf 88' lang='lat' dir='ltr'><strong>hominem</strong></span> <span class='ocrx_word' id='word_1_71' title='bbox 777 1961 876 2030; x_wconf 88' lang='lat' dir='ltr'><strong>recte</strong></span> <span class='ocrx_word' id='word_1_72' title='bbox 905 1975 1038 2052; x_wconf 84' lang='lat' dir='ltr'><strong>agere3</strong></span> <span class='ocrx_word' id='word_1_73' title='bbox 1065 1956 1163 2030; x_wconf 91' lang='lat' dir='ltr'><strong>unde</strong></span> <span class='ocrx_word' id='word_1_74' title='bbox 1196 1957 1306 2030; x_wconf 88' lang='lat' dir='ltr'><strong>lromo</strong></span> <span class='ocrx_word' id='word_1_75' title='bbox 1333 1977 1468 2050; x_wconf 86' lang='lat' dir='ltr'><strong>pravus</strong></span> <span class='ocrx_word' id='word_1_76' title='bbox 1500 1957 1596 2032; x_wconf 87' lang='lat' dir='ltr'><strong>bene</strong></span> 
     </span>
     <span class='ocr_line' id='line_1_10' title="bbox 429 2075 1597 2172; baseline 0 -23"><span class='ocrx_word' id='word_1_77' title='bbox 429 2082 546 2171; x_wconf 89' lang='lat' dir='ltr'><strong>potest</strong></span> <span class='ocrx_word' id='word_1_78' title='bbox 570 2075 638 2149; x_wconf 91' lang='lat' dir='ltr'><strong>dici</strong></span> <span class='ocrx_word' id='word_1_79' title='bbox 664 2081 820 2168; x_wconf 90' lang='lat' dir='ltr'><strong>astutus,</strong></span> <span class='ocrx_word' id='word_1_80' title='bbox 846 2096 970 2171; x_wconf 81' lang='lat' dir='ltr'>sagax,</span> <span class='ocrx_word' id='word_1_81' title='bbox 996 2077 1060 2150; x_wconf 91' lang='lat' dir='ltr'><strong>sed</strong></span> <span class='ocrx_word' id='word_1_82' title='bbox 1086 2097 1158 2150; x_wconf 92' lang='lat' dir='ltr'><strong>non</strong></span> <span class='ocrx_word' id='word_1_83' title='bbox 1185 2076 1354 2171; x_wconf 88' lang='lat' dir='ltr'><strong>prudens.</strong></span> <span class='ocrx_word' id='word_1_84' title='bbox 1374 2077 1417 2150; x_wconf 86' lang='lat' dir='ltr'><strong>Et</strong></span> <span class='ocrx_word' id='word_1_85' title='bbox 1435 2076 1597 2172; x_wconf 81' lang='lat' dir='ltr'><strong>assignat</strong></span> 
     </span>
     <span class='ocr_line' id='line_1_11' title="bbox 428 2189 1595 2288; baseline 0 -19"><span class='ocrx_word' id='word_1_86' title='bbox 428 2215 580 2270; x_wconf 88' lang='lat' dir='ltr'><strong>causam</strong></span> <span class='ocrx_word' id='word_1_87' title='bbox 606 2195 662 2268; x_wconf 89' lang='lat' dir='ltr'><strong>sui</strong></span> <span class='ocrx_word' id='word_1_88' title='bbox 692 2194 788 2288; x_wconf 91' lang='lat' dir='ltr'><strong>dicti,</strong></span> <span class='ocrx_word' id='word_1_89' title='bbox 819 2195 965 2269; x_wconf 88' lang='lat' dir='ltr'><strong>dicens:</strong></span> <span class='ocrx_word' id='word_1_90' title='bbox 997 2189 1028 2268; x_wconf 81' lang='lat' dir='ltr'><strong>st</strong></span> <span class='ocrx_word' id='word_1_91' title='bbox 1058 2199 1108 2268; x_wconf 82' lang='lat' dir='ltr'><strong>clr’</strong></span> <span class='ocrx_word' id='word_1_92' title='bbox 1121 2198 1157 2268; x_wconf 88' lang='lat' dir='ltr'><strong>r&#39;o</strong></span> <span class='ocrx_word' id='word_1_93' title='bbox 1185 2203 1292 2268; x_wconf 75' lang='lat' dir='ltr'><strong>stesso</strong></span> <span class='ocrx_word' id='word_1_94' title='bbox 1322 2198 1385 2269; x_wconf 82' lang='lat' dir='ltr'><strong>not</strong></span> <span class='ocrx_word' id='word_1_95' title='bbox 1415 2197 1595 2286; x_wconf 80' lang='lat' dir='ltr'><strong>m&#39;r&#39;rrvr&#39;dr&#39;,</strong></span> 
     </span>
     <span class='ocr_line' id='line_1_12' title="bbox 429 2314 1597 2410; baseline 0 -21"><span class='ocrx_word' id='word_1_96' title='bbox 429 2315 531 2408; x_wconf 89' lang='lat' dir='ltr'><strong>idest,</strong></span> <span class='ocrx_word' id='word_1_97' title='bbox 557 2335 630 2388; x_wconf 92' lang='lat' dir='ltr'><strong>non</strong></span> <span class='ocrx_word' id='word_1_98' title='bbox 656 2315 838 2390; x_wconf 79' lang='lat' dir='ltr'><strong>invideam</strong></span> <span class='ocrx_word' id='word_1_99' title='bbox 864 2315 952 2388; x_wconf 92' lang='lat' dir='ltr'><strong>mihi</strong></span> <span class='ocrx_word' id='word_1_100' title='bbox 977 2315 1055 2410; x_wconf 86' lang='lat' dir='ltr'><strong>ipsi,</strong></span> <span class='ocrx_word' id='word_1_101' title='bbox 1073 2314 1208 2389; x_wconf 90' lang='lat' dir='ltr'><strong>scilicet</strong></span> <span class='ocrx_word' id='word_1_102' title='bbox 1224 2314 1349 2388; x_wconf 90' lang='lat' dir='ltr'><strong>dolens</strong></span> <span class='ocrx_word' id='word_1_103' title='bbox 1365 2314 1412 2389; x_wconf 89' lang='lat' dir='ltr'><strong>de</strong></span> <span class='ocrx_word' id='word_1_104' title='bbox 1428 2314 1597 2389; x_wconf 85' lang='lat' dir='ltr'><strong>lelicitate</strong></span> 
     </span>
     <span class='ocr_line' id='line_1_13' title="bbox 431 2435 1596 2530; baseline -0.003 -21"><span class='ocrx_word' id='word_1_105' title='bbox 431 2455 514 2510; x_wconf 88' lang='lat' dir='ltr'><strong>mea</strong></span> <span class='ocrx_word' id='word_1_106' title='bbox 539 2435 628 2508; x_wconf 88' lang='lat' dir='ltr'><strong>milri</strong></span> <span class='ocrx_word' id='word_1_107' title='bbox 653 2435 766 2530; x_wconf 89' lang='lat' dir='ltr'><strong>gratis</strong></span> <span class='ocrx_word' id='word_1_108' title='bbox 792 2435 892 2529; x_wconf 83' lang='lat' dir='ltr'><strong>data3</strong></span> <span class='ocrx_word' id='word_1_109' title='bbox 920 2435 1017 2509; x_wconf 89' lang='lat' dir='ltr'><strong>unde</strong></span> <span class='ocrx_word' id='word_1_110' title='bbox 1042 2435 1146 2509; x_wconf 90' lang='lat' dir='ltr'><strong>dicit:</strong></span> <span class='ocrx_word' id='word_1_111' title='bbox 1172 2457 1210 2506; x_wconf 85' lang='lat' dir='ltr'><strong>se</strong></span> <span class='ocrx_word' id='word_1_112' title='bbox 1232 2437 1331 2508; x_wconf 78' lang='lat' dir='ltr'><strong>stella</strong></span> <span class='ocrx_word' id='word_1_113' title='bbox 1347 2436 1475 2525; x_wconf 82' lang='lat' dir='ltr'><strong>buono,</strong></span> <span class='ocrx_word' id='word_1_114' title='bbox 1493 2435 1596 2528; x_wconf 89' lang='lat' dir='ltr'><strong>idest,</strong></span> 
     </span>
     <span class='ocr_line' id='line_1_14' title="bbox 429 2553 1596 2648; baseline -0.001 -20"><span class='ocrx_word' id='word_1_115' title='bbox 429 2555 526 2628; x_wconf 85' lang='lat' dir='ltr'><strong>bona</strong></span> <span class='ocrx_word' id='word_1_116' title='bbox 542 2553 728 2628; x_wconf 86' lang='lat' dir='ltr'><strong>influentia</strong></span> <span class='ocrx_word' id='word_1_117' title='bbox 745 2553 840 2647; x_wconf 86' lang='lat' dir='ltr'><strong>ooeli,</strong></span> <span class='ocrx_word' id='word_1_118' title='bbox 859 2554 945 2648; x_wconf 86' lang='lat' dir='ltr'><strong>quia</strong></span> <span class='ocrx_word' id='word_1_119' title='bbox 962 2560 1072 2628; x_wconf 89' lang='lat' dir='ltr'><strong>autor</strong></span> <span class='ocrx_word' id='word_1_120' title='bbox 1090 2553 1217 2628; x_wconf 83' lang='lat' dir='ltr'><strong>habuit</strong></span> <span class='ocrx_word' id='word_1_121' title='bbox 1238 2553 1376 2628; x_wconf 89' lang='lat' dir='ltr'><strong>coelum</strong></span> <span class='ocrx_word' id='word_1_122' title='bbox 1394 2553 1596 2647; x_wconf 86' lang='lat' dir='ltr'><strong>benignum</strong></span> 
     </span>
     <span class='ocr_line' id='line_1_15' title="bbox 429 2671 1598 2769; baseline 0.003 -24"><span class='ocrx_word' id='word_1_123' title='bbox 429 2672 466 2746; x_wconf 92' lang='lat' dir='ltr'><strong>in</strong></span> <span class='ocrx_word' id='word_1_124' title='bbox 491 2671 679 2748; x_wconf 83' lang='lat' dir='ltr'><strong>nativitate</strong></span> <span class='ocrx_word' id='word_1_125' title='bbox 703 2693 781 2767; x_wconf 89' lang='lat' dir='ltr'><strong>sua,</strong></span> <span class='ocrx_word' id='word_1_126' title='bbox 808 2672 1003 2769; x_wconf 90' lang='lat' dir='ltr'><strong>sicutipse</strong></span> <span class='ocrx_word' id='word_1_127' title='bbox 1028 2693 1125 2767; x_wconf 85' lang='lat' dir='ltr'><strong>saepe</strong></span> <span class='ocrx_word' id='word_1_128' title='bbox 1157 2679 1313 2748; x_wconf 90' lang='lat' dir='ltr'><strong>testatur</strong></span> <span class='ocrx_word' id='word_1_129' title='bbox 1344 2673 1382 2746; x_wconf 89' lang='lat' dir='ltr'><strong>in</strong></span> <span class='ocrx_word' id='word_1_130' title='bbox 1411 2693 1480 2748; x_wconf 93' lang='lat' dir='ltr'><strong>suo</strong></span> <span class='ocrx_word' id='word_1_131' title='bbox 1509 2693 1598 2768; x_wconf 84' lang='lat' dir='ltr'><strong>poe·</strong></span> 
     </span>
     <span class='ocr_line' id='line_1_16' title="bbox 431 2793 1599 2889; baseline -0.001 -23"><span class='ocrx_word' id='word_1_132' title='bbox 431 2799 540 2886; x_wconf 84' lang='lat' dir='ltr'><strong>mate,</strong></span> <span class='ocrx_word' id='word_1_133' title='bbox 566 2799 609 2866; x_wconf 93' lang='lat' dir='ltr'><strong>ut</strong></span> <span class='ocrx_word' id='word_1_134' title='bbox 632 2799 732 2889; x_wconf 84' lang='lat' dir='ltr'><strong>patet</strong></span> <span class='ocrx_word' id='word_1_135' title='bbox 756 2793 962 2888; x_wconf 88' lang='lat' dir='ltr'><strong>Purgatorii</strong></span> <span class='ocrx_word' id='word_1_136' title='bbox 990 2794 1147 2889; x_wconf 86' lang='lat' dir='ltr'><strong>capitulo</strong></span> <span class='ocrx_word' id='word_1_137' title='bbox 1165 2795 1277 2887; x_wconf 89' lang='lat' dir='ltr'><strong>XXX,</strong></span> <span class='ocrx_word' id='word_1_138' title='bbox 1298 2793 1362 2868; x_wconf 89' lang='lat' dir='ltr'><strong>ubi</strong></span> <span class='ocrx_word' id='word_1_139' title='bbox 1386 2793 1491 2868; x_wconf 90' lang='lat' dir='ltr'><strong>dicit:</strong></span> <span class='ocrx_word' id='word_1_140' title='bbox 1518 2798 1599 2866; x_wconf 85' lang='lat' dir='ltr'><strong>Non</strong></span> 
     </span>
     <span class='ocr_line' id='line_1_17' title="bbox 429 2911 1597 3010; baseline -0.002 -24"><span class='ocrx_word' id='word_1_141' title='bbox 429 2937 503 3010; x_wconf 83' lang='lat' dir='ltr'><strong>pur</strong></span> <span class='ocrx_word' id='word_1_142' title='bbox 522 2935 592 3006; x_wconf 81' lang='lat' dir='ltr'><strong>per</strong></span> <span class='ocrx_word' id='word_1_143' title='bbox 607 2933 700 3006; x_wconf 84' lang='lat' dir='ltr'><strong>opra</strong></span> <span class='ocrx_word' id='word_1_144' title='bbox 716 2916 759 2986; x_wconf 84' lang='lat' dir='ltr'><strong>de</strong></span> <span class='ocrx_word' id='word_1_145' title='bbox 778 2917 901 2987; x_wconf 84' lang='lat' dir='ltr'><strong>lerote</strong></span> <span class='ocrx_word' id='word_1_146' title='bbox 917 2933 1057 3004; x_wconf 71' lang='lat' dir='ltr'><strong>morse,</strong></span> <span class='ocrx_word' id='word_1_147' title='bbox 1074 2924 1113 2991; x_wconf 86' lang='lat' dir='ltr'><strong>et</strong></span> <span class='ocrx_word' id='word_1_148' title='bbox 1128 2913 1287 2988; x_wconf 85' lang='lat' dir='ltr'><strong>Paradisi</strong></span> <span class='ocrx_word' id='word_1_149' title='bbox 1307 2913 1466 3008; x_wconf 89' lang='lat' dir='ltr'><strong>capitulo</strong></span> <span class='ocrx_word' id='word_1_150' title='bbox 1484 2911 1597 2986; x_wconf 86' lang='lat' dir='ltr'>XXX:</span> 
     </span>
     <span class='ocr_line' id='line_1_18' title="bbox 436 3033 1598 3126; baseline -0.003 -18"><span class='ocrx_word' id='word_1_151' title='bbox 436 3036 642 3126; x_wconf 75' lang='lat' dir='ltr'><strong>Oglortose</strong></span> <span class='ocrx_word' id='word_1_152' title='bbox 666 3035 758 3106; x_wconf 79' lang='lat' dir='ltr'><strong>stelle</strong></span> <span class='ocrx_word' id='word_1_153' title='bbox 783 3055 805 3105; x_wconf 93' lang='lat' dir='ltr'><strong>o</strong></span> <span class='ocrx_word' id='word_1_154' title='bbox 830 3036 920 3106; x_wconf 78' lang='lat' dir='ltr'><strong>tonte</strong></span> <span class='ocrx_word' id='word_1_155' title='bbox 939 3053 1090 3125; x_wconf 65' lang='lat' dir='ltr'><strong>precato,</strong></span> <span class='ocrx_word' id='word_1_156' title='bbox 1116 3039 1153 3106; x_wconf 85' lang='lat' dir='ltr'><strong>et</strong></span> <span class='ocrx_word' id='word_1_157' title='bbox 1177 3033 1281 3107; x_wconf 90' lang='lat' dir='ltr'><strong>dicit:</strong></span> <span class='ocrx_word' id='word_1_158' title='bbox 1300 3054 1322 3105; x_wconf 92' lang='lat' dir='ltr'><strong>o</strong></span> <span class='ocrx_word' id='word_1_159' title='bbox 1344 3036 1484 3125; x_wconf 78' lang='lat' dir='ltr'><strong>miglior</strong></span> <span class='ocrx_word' id='word_1_160' title='bbox 1500 3053 1598 3122; x_wconf 85' lang='lat' dir='ltr'><strong>cosa,</strong></span> 
     </span>
     <span class='ocr_line' id='line_1_19' title="bbox 433 3151 1599 3246; baseline -0.003 -18"><span class='ocrx_word' id='word_1_161' title='bbox 433 3152 569 3228; x_wconf 90' lang='lat' dir='ltr'><strong>scilicet</strong></span> <span class='ocrx_word' id='word_1_162' title='bbox 598 3152 717 3226; x_wconf 89' lang='lat' dir='ltr'><strong>divina</strong></span> <span class='ocrx_word' id='word_1_163' title='bbox 751 3153 903 3245; x_wconf 89' lang='lat' dir='ltr'><strong>bonitas,</strong></span> <span class='ocrx_word' id='word_1_164' title='bbox 936 3173 1021 3246; x_wconf 85' lang='lat' dir='ltr'><strong>quae</strong></span> <span class='ocrx_word' id='word_1_165' title='bbox 1054 3153 1116 3226; x_wconf 87' lang='lat' dir='ltr'><strong>dat</strong></span> <span class='ocrx_word' id='word_1_166' title='bbox 1145 3153 1258 3228; x_wconf 84' lang='lat' dir='ltr'><strong>stellae</strong></span> <span class='ocrx_word' id='word_1_167' title='bbox 1283 3152 1457 3246; x_wconf 88' lang='lat' dir='ltr'><strong>quicquid</strong></span> <span class='ocrx_word' id='word_1_168' title='bbox 1489 3151 1599 3226; x_wconf 84' lang='lat' dir='ltr'><strong>nabet</strong></span> 
     </span>
     <span class='ocr_line' id='line_1_20' title="bbox 432 3271 1597 3366; baseline -0.002 -18"><span class='ocrx_word' id='word_1_169' title='bbox 432 3275 538 3348; x_wconf 84' lang='lat' dir='ltr'><strong>bonae</strong></span> <span class='ocrx_word' id='word_1_170' title='bbox 563 3271 760 3366; x_wconf 81' lang='lat' dir='ltr'><strong>infusionis,</strong></span> <span class='ocrx_word' id='word_1_171' title='bbox 779 3275 824 3346; x_wconf 89' lang='lat' dir='ltr'><strong>m&#39;</strong></span> <span class='ocrx_word' id='word_1_172' title='bbox 837 3274 884 3346; x_wconf 84' lang='lat' dir='ltr'><strong>lvo</strong></span> <span class='ocrx_word' id='word_1_173' title='bbox 905 3276 989 3346; x_wconf 85' lang='lat' dir='ltr'><strong>doto</strong></span> <span class='ocrx_word' id='word_1_174' title='bbox 1014 3276 1047 3346; x_wconf 84' lang='lat' dir='ltr'><strong>el</strong></span> <span class='ocrx_word' id='word_1_175' title='bbox 1063 3275 1159 3362; x_wconf 80' lang='lat' dir='ltr'><strong>deae,</strong></span> <span class='ocrx_word' id='word_1_176' title='bbox 1178 3271 1282 3366; x_wconf 89' lang='lat' dir='ltr'><strong>quasi</strong></span> <span class='ocrx_word' id='word_1_177' title='bbox 1302 3271 1414 3346; x_wconf 87' lang='lat' dir='ltr'><strong>dicat:</strong></span> <span class='ocrx_word' id='word_1_178' title='bbox 1432 3273 1461 3346; x_wconf 93' lang='lat' dir='ltr'><strong>si</strong></span> <span class='ocrx_word' id='word_1_179' title='bbox 1479 3272 1597 3346; x_wconf 88' lang='lat' dir='ltr'><strong>haheo</strong></span> 
     </span>
     <span class='ocr_line' id='line_1_21' title="bbox 431 3391 1601 3487; baseline -0.002 -21"><span class='ocrx_word' id='word_1_180' title='bbox 431 3391 565 3466; x_wconf 87' lang='lat' dir='ltr'><strong>subtile</strong></span> <span class='ocrx_word' id='word_1_181' title='bbox 589 3392 775 3487; x_wconf 82' lang='lat' dir='ltr'><strong>ingenium</strong></span> <span class='ocrx_word' id='word_1_182' title='bbox 802 3414 825 3467; x_wconf 89' lang='lat' dir='ltr'><strong>a</strong></span> <span class='ocrx_word' id='word_1_183' title='bbox 850 3399 982 3467; x_wconf 88' lang='lat' dir='ltr'><strong>natura</strong></span> <span class='ocrx_word' id='word_1_184' title='bbox 1008 3393 1066 3466; x_wconf 88' lang='lat' dir='ltr'><strong>vel</strong></span> <span class='ocrx_word' id='word_1_185' title='bbox 1090 3413 1113 3466; x_wconf 89' lang='lat' dir='ltr'><strong>a</strong></span> <span class='ocrx_word' id='word_1_186' title='bbox 1138 3394 1226 3486; x_wconf 89' lang='lat' dir='ltr'><strong>Deo,</strong></span> <span class='ocrx_word' id='word_1_187' title='bbox 1248 3393 1375 3485; x_wconf 80' lang='lat' dir='ltr'><strong>quales</strong></span> <span class='ocrx_word' id='word_1_188' title='bbox 1391 3398 1478 3466; x_wconf 87' lang='lat' dir='ltr'><strong>sunt</strong></span> <span class='ocrx_word' id='word_1_189' title='bbox 1497 3412 1601 3467; x_wconf 90' lang='lat' dir='ltr'><strong>com-</strong></span> 
     </span>
     <span class='ocr_line' id='line_1_22' title="bbox 433 3511 1601 3607; baseline 0.001 -22"><span class='ocrx_word' id='word_1_190' title='bbox 433 3511 594 3586; x_wconf 89' lang='lat' dir='ltr'><strong>muniter</strong></span> <span class='ocrx_word' id='word_1_191' title='bbox 619 3513 870 3605; x_wconf 83' lang='lat' dir='ltr'><strong>mercuriales,</strong></span> <span class='ocrx_word' id='word_1_192' title='bbox 888 3513 1023 3586; x_wconf 88' lang='lat' dir='ltr'><strong>nollem</strong></span> <span class='ocrx_word' id='word_1_193' title='bbox 1043 3512 1190 3606; x_wconf 88' lang='lat' dir='ltr'><strong>privare</strong></span> <span class='ocrx_word' id='word_1_194' title='bbox 1208 3531 1270 3585; x_wconf 88' lang='lat' dir='ltr'><strong>me</strong></span> <span class='ocrx_word' id='word_1_195' title='bbox 1295 3511 1415 3606; x_wconf 89' lang='lat' dir='ltr'><strong>ipsum</strong></span> <span class='ocrx_word' id='word_1_196' title='bbox 1435 3511 1496 3585; x_wconf 92' lang='lat' dir='ltr'><strong>tali</strong></span> <span class='ocrx_word' id='word_1_197' title='bbox 1514 3532 1601 3607; x_wconf 88' lang='lat' dir='ltr'><strong>gra·</strong></span> 
     </span>
     <span class='ocr_line' id='line_1_23' title="bbox 432 3623 1601 3727; baseline -0.001 -21"><span class='ocrx_word' id='word_1_198' title='bbox 432 3633 492 3706; x_wconf 91' lang='lat' dir='ltr'><strong>tia.</strong></span> <span class='ocrx_word' id='word_1_199' title='bbox 506 3671 556 3685; x_wconf 90' lang='lat'>-</span> <span class='ocrx_word' id='word_1_200' title='bbox 572 3635 716 3718; x_wconf 69' lang='lat' dir='ltr'><strong>(rueme</strong></span> <span class='ocrx_word' id='word_1_201' title='bbox 742 3631 807 3706; x_wconf 88' lang='lat' dir='ltr'><strong>llic</strong></span> <span class='ocrx_word' id='word_1_202' title='bbox 838 3638 948 3706; x_wconf 88' lang='lat' dir='ltr'><strong>autor</strong></span> <span class='ocrx_word' id='word_1_203' title='bbox 977 3632 1149 3708; x_wconf 88' lang='lat' dir='ltr'><strong>describit</strong></span> <span class='ocrx_word' id='word_1_204' title='bbox 1178 3632 1368 3707; x_wconf 82' lang='lat' dir='ltr'><strong>manifeste</strong></span> <span class='ocrx_word' id='word_1_205' title='bbox 1389 3623 1426 3724; x_wconf 85' lang='lat'><strong>(²)</strong></span> <span class='ocrx_word' id='word_1_206' title='bbox 1454 3651 1601 3727; x_wconf 87' lang='lat' dir='ltr'><strong>poenam</strong></span> 
     </span>
     <span class='ocr_line' id='line_1_24' title="bbox 428 3751 1602 3848; baseline 0.002 -24"><span class='ocrx_word' id='word_1_207' title='bbox 428 3752 583 3826; x_wconf 90' lang='lat' dir='ltr'><strong>istorum</strong></span> <span class='ocrx_word' id='word_1_208' title='bbox 601 3756 823 3844; x_wconf 87' lang='lat' dir='ltr'><strong>astutorum,</strong></span> <span class='ocrx_word' id='word_1_209' title='bbox 837 3753 900 3844; x_wconf 89' lang='lat' dir='ltr'><strong>qui</strong></span> <span class='ocrx_word' id='word_1_210' title='bbox 918 3753 1184 3828; x_wconf 83' lang='lat' dir='ltr'><strong>commiserunt</strong></span> <span class='ocrx_word' id='word_1_211' title='bbox 1199 3773 1331 3848; x_wconf 89' lang='lat' dir='ltr'><strong>magna</strong></span> <span class='ocrx_word' id='word_1_212' title='bbox 1346 3751 1508 3827; x_wconf 79' lang='lat' dir='ltr'><strong>facinora</strong></span> <span class='ocrx_word' id='word_1_213' title='bbox 1522 3771 1602 3826; x_wconf 91' lang='lat' dir='ltr'><strong>me-</strong></span> 
     </span>
     <span class='ocr_line' id='line_1_25' title="bbox 430 3872 1602 3968; baseline 0 -21"><span class='ocrx_word' id='word_1_214' title='bbox 430 3872 552 3948; x_wconf 86' lang='lat' dir='ltr'><strong>diante</strong></span> <span class='ocrx_word' id='word_1_215' title='bbox 578 3872 730 3946; x_wconf 83' lang='lat' dir='ltr'><strong>vafritia.</strong></span> <span class='ocrx_word' id='word_1_216' title='bbox 758 3872 812 3946; x_wconf 80' lang='lat' dir='ltr'><strong>dd</strong></span> <span class='ocrx_word' id='word_1_217' title='bbox 837 3872 943 3946; x_wconf 92' lang='lat' dir='ltr'><strong>cuius</strong></span> <span class='ocrx_word' id='word_1_218' title='bbox 968 3873 1215 3967; x_wconf 83' lang='lat' dir='ltr'><strong>descriptionis</strong></span> <span class='ocrx_word' id='word_1_219' title='bbox 1246 3872 1519 3968; x_wconf 84' lang='lat' dir='ltr'><strong>intelligentiam</strong></span> <span class='ocrx_word' id='word_1_220' title='bbox 1545 3879 1602 3947; x_wconf 75' lang='lat' dir='ltr'><strong>est</strong></span> 
     </span>
     <span class='ocr_line' id='line_1_26' title="bbox 428 3990 1600 4088; baseline -0.001 -22"><span class='ocrx_word' id='word_1_221' title='bbox 428 3990 707 4088; x_wconf 83' lang='lat' dir='ltr'><strong>praenotandum</strong></span> <span class='ocrx_word' id='word_1_222' title='bbox 735 3991 834 4085; x_wconf 88' lang='lat' dir='ltr'><strong>quod</strong></span> <span class='ocrx_word' id='word_1_223' title='bbox 863 3999 972 4066; x_wconf 87' lang='lat' dir='ltr'><strong>autor</strong></span> <span class='ocrx_word' id='word_1_224' title='bbox 997 3992 1185 4087; x_wconf 87' lang='lat' dir='ltr'><strong>ingeniose</strong></span> <span class='ocrx_word' id='word_1_225' title='bbox 1207 3990 1271 4065; x_wconf 87' lang='lat' dir='ltr'><strong>dat</strong></span> <span class='ocrx_word' id='word_1_226' title='bbox 1295 4011 1442 4086; x_wconf 85' lang='lat' dir='ltr'><strong>poenam</strong></span> <span class='ocrx_word' id='word_1_227' title='bbox 1468 4011 1600 4065; x_wconf 91' lang='lat' dir='ltr'><strong>conso-</strong></span> 
     </span>
     <span class='ocr_line' id='line_1_27' title="bbox 429 4110 1599 4206; baseline 0 -20"><span class='ocrx_word' id='word_1_228' title='bbox 429 4133 516 4188; x_wconf 90' lang='lat' dir='ltr'><strong>nam</strong></span> <span class='ocrx_word' id='word_1_229' title='bbox 543 4113 680 4186; x_wconf 88' lang='lat' dir='ltr'><strong>meritis</strong></span> <span class='ocrx_word' id='word_1_230' title='bbox 705 4111 871 4186; x_wconf 89' lang='lat' dir='ltr'><strong>istorum.</strong></span> <span class='ocrx_word' id='word_1_231' title='bbox 898 4111 1016 4206; x_wconf 84' lang='lat' dir='ltr'><strong>Fingit</strong></span> <span class='ocrx_word' id='word_1_232' title='bbox 1041 4111 1139 4185; x_wconf 88' lang='lat' dir='ltr'><strong>enim</strong></span> <span class='ocrx_word' id='word_1_233' title='bbox 1166 4111 1265 4204; x_wconf 88' lang='lat' dir='ltr'><strong>quod</strong></span> <span class='ocrx_word' id='word_1_234' title='bbox 1286 4110 1343 4184; x_wconf 90' lang='lat' dir='ltr'><strong>isti</strong></span> <span class='ocrx_word' id='word_1_235' title='bbox 1360 4111 1470 4184; x_wconf 87' lang='lat' dir='ltr'><strong>astuti</strong></span> <span class='ocrx_word' id='word_1_236' title='bbox 1496 4111 1599 4206; x_wconf 86' lang='lat' dir='ltr'><strong>inge-</strong></span> 
     </span>
     <span class='ocr_line' id='line_1_28' title="bbox 431 4219 1600 4324; baseline -0.003 -18"><span class='ocrx_word' id='word_1_237' title='bbox 431 4232 520 4307; x_wconf 94' lang='lat' dir='ltr'><strong>niosi</strong></span> <span class='ocrx_word' id='word_1_238' title='bbox 552 4238 637 4306; x_wconf 92' lang='lat' dir='ltr'><strong>sunt</strong></span> <span class='ocrx_word' id='word_1_239' title='bbox 670 4231 810 4324; x_wconf 91' lang='lat' dir='ltr'><strong>inclusi,</strong></span> <span class='ocrx_word' id='word_1_240' title='bbox 845 4231 996 4305; x_wconf 90' lang='lat' dir='ltr'><strong>involuti</strong></span> <span class='ocrx_word' id='word_1_241' title='bbox 1030 4238 1068 4305; x_wconf 92' lang='lat' dir='ltr'><strong>et</strong></span> <span class='ocrx_word' id='word_1_242' title='bbox 1100 4229 1350 4305; x_wconf 88' lang='lat' dir='ltr'><strong>circumvelati</strong></span> <span class='ocrx_word' id='word_1_243' title='bbox 1371 4219 1410 4321; x_wconf 81' lang='lat'><strong>(³)</strong></span> <span class='ocrx_word' id='word_1_244' title='bbox 1444 4229 1600 4304; x_wconf 88' lang='lat' dir='ltr'><strong>dammis</strong></span> 
     </span>
     <span class='ocr_line' id='line_1_29' title="bbox 430 4349 1600 4449; baseline -0.003 -23"><span class='ocrx_word' id='word_1_245' title='bbox 430 4353 556 4449; x_wconf 90' lang='lat' dir='ltr'><strong>igneis,</strong></span> <span class='ocrx_word' id='word_1_246' title='bbox 581 4352 676 4425; x_wconf 91' lang='lat' dir='ltr'><strong>intra</strong></span> <span class='ocrx_word' id='word_1_247' title='bbox 708 4371 801 4445; x_wconf 87' lang='lat' dir='ltr'><strong>quas</strong></span> <span class='ocrx_word' id='word_1_248' title='bbox 826 4351 1042 4426; x_wconf 87' lang='lat' dir='ltr'><strong>calidissimo</strong></span> <span class='ocrx_word' id='word_1_249' title='bbox 1067 4351 1201 4425; x_wconf 88' lang='lat' dir='ltr'><strong>ardore</strong></span> <span class='ocrx_word' id='word_1_250' title='bbox 1237 4355 1449 4425; x_wconf 88' lang='lat' dir='ltr'><strong>cremantur</strong></span> <span class='ocrx_word' id='word_1_251' title='bbox 1476 4349 1600 4422; x_wconf 90' lang='lat' dir='ltr'><strong>multis</strong></span> 
     </span>
     <span class='ocr_line' id='line_1_30' title="bbox 433 4471 1601 4567; baseline -0.001 -21"><span class='ocrx_word' id='word_1_252' title='bbox 433 4472 647 4566; x_wconf 88' lang='lat' dir='ltr'><strong>rationibus;</strong></span> <span class='ocrx_word' id='word_1_253' title='bbox 673 4472 804 4567; x_wconf 86' lang='lat' dir='ltr'><strong>primo,</strong></span> <span class='ocrx_word' id='word_1_254' title='bbox 830 4473 916 4565; x_wconf 87' lang='lat' dir='ltr'><strong>quia</strong></span> <span class='ocrx_word' id='word_1_255' title='bbox 938 4472 993 4546; x_wconf 93' lang='lat' dir='ltr'><strong>isti</strong></span> <span class='ocrx_word' id='word_1_256' title='bbox 1020 4472 1171 4547; x_wconf 89' lang='lat' dir='ltr'><strong>luerunt</strong></span> <span class='ocrx_word' id='word_1_257' title='bbox 1202 4471 1368 4546; x_wconf 85' lang='lat' dir='ltr'><strong>homines</strong></span> <span class='ocrx_word' id='word_1_258' title='bbox 1394 4471 1517 4567; x_wconf 89' lang='lat' dir='ltr'><strong>magni</strong></span> <span class='ocrx_word' id='word_1_259' title='bbox 1541 4472 1601 4545; x_wconf 89' lang='lat' dir='ltr'><strong>in-</strong></span> 
     </span>
     <span class='ocr_line' id='line_1_31' title="bbox 431 4590 1601 4688; baseline 0.001 -22"><span class='ocrx_word' id='word_1_260' title='bbox 431 4592 539 4688; x_wconf 86' lang='lat' dir='ltr'><strong>genii,</strong></span> <span class='ocrx_word' id='word_1_261' title='bbox 565 4597 602 4666; x_wconf 90' lang='lat' dir='ltr'><strong>et</strong></span> <span class='ocrx_word' id='word_1_262' title='bbox 627 4590 814 4687; x_wconf 89' lang='lat' dir='ltr'><strong>ingenium</strong></span> <span class='ocrx_word' id='word_1_263' title='bbox 841 4591 1008 4686; x_wconf 88' lang='lat' dir='ltr'><strong>provenit</strong></span> <span class='ocrx_word' id='word_1_264' title='bbox 1033 4612 1057 4666; x_wconf 87' lang='lat' dir='ltr'><strong>a</strong></span> <span class='ocrx_word' id='word_1_265' title='bbox 1088 4591 1281 4684; x_wconf 85' lang='lat' dir='ltr'><strong>caliditate,</strong></span> <span class='ocrx_word' id='word_1_266' title='bbox 1309 4591 1406 4666; x_wconf 91' lang='lat' dir='ltr'><strong>unde</strong></span> <span class='ocrx_word' id='word_1_267' title='bbox 1433 4590 1601 4667; x_wconf 87' lang='lat' dir='ltr'><strong>homines</strong></span> 
     </span>
     <span class='ocr_line' id='line_1_32' title="bbox 432 4710 1602 4808; baseline -0.002 -20"><span class='ocrx_word' id='word_1_268' title='bbox 432 4712 537 4788; x_wconf 83' lang='lat' dir='ltr'><strong>calidi</strong></span> <span class='ocrx_word' id='word_1_269' title='bbox 562 4717 647 4785; x_wconf 91' lang='lat' dir='ltr'><strong>sunt</strong></span> <span class='ocrx_word' id='word_1_270' title='bbox 672 4711 790 4806; x_wconf 87' lang='lat' dir='ltr'><strong>magis</strong></span> <span class='ocrx_word' id='word_1_271' title='bbox 814 4711 1008 4808; x_wconf 82' lang='lat' dir='ltr'><strong>ingeniosi3</strong></span> <span class='ocrx_word' id='word_1_272' title='bbox 1034 4710 1153 4807; x_wconf 89' lang='lat' dir='ltr'><strong>irigidi</strong></span> <span class='ocrx_word' id='word_1_273' title='bbox 1184 4731 1274 4786; x_wconf 87' lang='lat' dir='ltr'><strong>vero</strong></span> <span class='ocrx_word' id='word_1_274' title='bbox 1308 4712 1426 4807; x_wconf 87' lang='lat' dir='ltr'><strong>magis</strong></span> <span class='ocrx_word' id='word_1_275' title='bbox 1460 4730 1602 4786; x_wconf 91' lang='lat' dir='ltr'><strong>memo-</strong></span> 
     </span>
     <span class='ocr_line' id='line_1_33' title="bbox 435 4820 1603 4926; baseline 0.001 -20"><span class='ocrx_word' id='word_1_276' title='bbox 435 4833 530 4907; x_wconf 91' lang='lat' dir='ltr'><strong>riosi.</strong></span> <span class='ocrx_word' id='word_1_277' title='bbox 564 4831 682 4925; x_wconf 77' lang='lat' dir='ltr'><strong>Aliqui</strong></span> <span class='ocrx_word' id='word_1_278' title='bbox 717 4837 842 4906; x_wconf 88' lang='lat' dir='ltr'><strong>tamen</strong></span> <span class='ocrx_word' id='word_1_279' title='bbox 857 4820 894 4924; x_wconf 45' lang='grc' dir='ltr'><strong>(ὗ)</strong></span> <span class='ocrx_word' id='word_1_280' title='bbox 928 4833 1063 4906; x_wconf 81' lang='lat' dir='ltr'><strong>liabent</strong></span> <span class='ocrx_word' id='word_1_281' title='bbox 1095 4838 1298 4925; x_wconf 88' lang='lat' dir='ltr'><strong>utrumque</strong></span> <span class='ocrx_word' id='word_1_282' title='bbox 1330 4833 1482 4926; x_wconf 89' lang='lat' dir='ltr'><strong>bonum,</strong></span> <span class='ocrx_word' id='word_1_283' title='bbox 1509 4831 1603 4907; x_wconf 89' lang='lat' dir='ltr'><strong>sicut</strong></span> 
     </span>
    </p>
   </div>
   <div class='ocr_carea' id='block_1_4' title="bbox 497 5015 1368 5158">
    <p class='ocr_par' dir='ltr' id='par_1_4' title="bbox 497 5015 1368 5158">
     <span class='ocr_line' id='line_1_34' title="bbox 497 5015 1368 5080; baseline -0.013 -3"><span class='ocrx_word' id='word_1_284' title='bbox 497 5015 525 5080; x_wconf 86' lang='lat' dir='ltr'><strong>t¹l</strong></span> <span class='ocrx_word' id='word_1_285' title='bbox 541 5015 567 5066; x_wconf 80' lang='lat' dir='ltr'><strong>S·</strong></span> <span class='ocrx_word' id='word_1_286' title='bbox 583 5017 690 5079; x_wconf 74' lang='lat' dir='ltr'><strong>accepu.</strong></span> <span class='ocrx_word' id='word_1_287' title='bbox 1057 5017 1084 5078; x_wconf 64' lang='grc' dir='ltr'><strong>(η</strong></span> <span class='ocrx_word' id='word_1_288' title='bbox 1102 5019 1155 5076; x_wconf 80' lang='lat' dir='ltr'><strong>irs,</strong></span> <span class='ocrx_word' id='word_1_289' title='bbox 1172 5021 1199 5067; x_wconf 76' lang='lat' dir='ltr'><strong>or</strong></span> <span class='ocrx_word' id='word_1_290' title='bbox 1214 5017 1368 5068; x_wconf 67' lang='lat' dir='ltr'><strong>maurum.</strong></span> 
     </span>
     <span class='ocr_line' id='line_1_35' title="bbox 498 5095 1240 5158; baseline -0.003 -11"><span class='ocrx_word' id='word_1_291' title='bbox 498 5095 524 5158; x_wconf 78' lang='lat'><strong>(⁸)</strong></span> <span class='ocrx_word' id='word_1_292' title='bbox 541 5096 567 5147; x_wconf 88' lang='lat' dir='ltr'><strong>S.</strong></span> <span class='ocrx_word' id='word_1_293' title='bbox 583 5097 773 5148; x_wconf 79' lang='lat' dir='ltr'><strong>circumvoluti.</strong></span> <span class='ocrx_word' id='word_1_294' title='bbox 1057 5095 1084 5156; x_wconf 63' lang='grc' dir='ltr'><strong>ι’)</strong></span> <span class='ocrx_word' id='word_1_295' title='bbox 1100 5095 1126 5146; x_wconf 87' lang='lat' dir='ltr'><strong>S.</strong></span> <span class='ocrx_word' id='word_1_296' title='bbox 1143 5099 1240 5146; x_wconf 82' lang='lat' dir='ltr'><strong>autern.</strong></span> 
     </span>
    </p>
   </div>
   <div class='ocr_carea' id='block_1_5' title="bbox 0 0 2331 6836">
    <p class='ocr_par' dir='ltr' id='par_1_5' title="bbox 0 0 2331 6836">
     <span class='ocr_line' id='line_1_36' title="bbox 0 0 2331 6836; baseline 0 0"><span class='ocrx_word' id='word_1_297' title='bbox 0 0 2331 6836; x_wconf 95' lang='lat' dir='ltr'><strong> </strong></span> 
     </span>
    </p>
   </div>
  </div>
 </body>
</html>
