4566 6844
683 989 823 1048 caurus
846 985 1063 1046 rntoasruus
1086 987 1281 1045 sncuuous.
1495 976 1568 1046 roa

400 1140 475 1218 rire
500 1141 626 1229 oculos
651 1138 794 1236 mentis,
820 1146 945 1214 mmeu
969 1137 1042 1216 nito
1066 1137 1284 1234 iuglaciatur
1310 1143 1348 1211 et
1373 1134 1568 1212 induratur

398 1280 465 1336 oor
478 1253 528 1354 (⁴),
557 1258 653 1335 siout
681 1251 849 1335 videmus
881 1257 1066 1333 interdum
1100 1257 1265 1332 homiues
1298 1257 1567 1333 crudelissimos

244 1468 250 1480 ⁸
397 1380 544 1476 plorare
575 1379 733 1454 molliter
757 1369 805 1454 ad
837 1377 988 1453 modum
1020 1376 1281 1470 meretriculam
1313 1381 1436 1450 lamen
1468 1377 1565 1451 Nero

397 1499 670 1576 crudelissimus
695 1519 769 1573 nou
794 1488 922 1574 alludit
947 1498 1149 1594 lacrymam
1177 1497 1254 1570 visa
1286 1502 1405 1572 matre
1436 1495 1566 1591 Agrip-

396 1618 481 1717 pina
505 1625 665 1714 mortua,
682 1618 746 1713 qui
771 1623 897 1714 postea
920 1616 1041 1713 gladio
1058 1635 1098 1691 se
1115 1615 1303 1691 interfecit.
1322 1615 1367 1689 lit
1383 1614 1566 1711 specificat

396 1745 506 1814 autor
531 1737 695 1813 strictam
719 1733 944 1812 clausionem
964 1735 1158 1810 oculorum
1184 1755 1250 1831 per
1276 1755 1389 1808 uuam
1416 1753 1565 1828 compa·

398 1859 577 1934 rationem
603 1852 710 1932 valde
733 1857 885 1950 claram,
910 1853 1052 1930 dicens:
1078 1875 1253 1948 spronpa,
1270 1854 1391 1951 lignea
1413 1855 1471 1930 vel
1491 1856 1566 1930 ler-

397 1999 475 2074 rea,
500 1982 574 2053 mai
596 1999 669 2052 non
692 1981 785 2052 mua
804 1981 905 2069 lepno
920 1968 1113 2070 mesore,
1136 1975 1230 2049 siout
1253 1977 1340 2072 gelu
1365 1976 1509 2054 strinxit
1529 1982 1567 2050 et

397 2097 529 2173 clausit
552 2097 743 2194 palpebras
767 2093 962 2169 oculorum
988 2091 1139 2188 inistis,
1165 2099 1202 2168 et
1231 2091 1404 2169 contiuuo
1433 2095 1566 2169 clausis

396 2217 512 2292 oculis
537 2216 667 2291 redivit
691 2215 832 2310 primus
857 2212 962 2287 iuror
986 2213 1024 2285 iu
1055 2231 1136 2306 eos;
1172 2212 1270 2286 uude
1295 2212 1402 2288 dicit:
1428 2217 1510 2286 ond
1522 2217 1566 2305 ei,

397 2337 499 2432 idest,
526 2355 643 2430 quare
673 2333 739 2429 ipsi
768 2332 843 2407 duo
868 2348 1026 2407 torroro
1048 2333 1200 2423 meusne
1226 2333 1263 2405 in
1291 2353 1331 2407 se
1346 2323 1383 2425 (¹)
1409 2334 1565 2408 invicem

395 2458 657 2553 percusserunt
680 2473 767 2528 oum
794 2449 974 2527 frontibus
998 2452 1214 2548 impetuose,
1238 2474 1333 2525 conte
1357 2455 1418 2526 dni
1442 2455 1563 2526 terem

395 2575 441 2648 Et
464 2574 522 2649 hic
547 2577 634 2648 uota
659 2570 758 2666 quod
782 2578 892 2646 autor
916 2571 1025 2668 digne
1050 2577 1240 2667 eomparat
1255 2572 1342 2646 istos
1361 2573 1481 2667 hircis,
1500 2573 1565 2666 qui

396 2685 612 2768 naturaliter
631 2689 741 2765 invidi
766 2709 807 2766 so
830 2691 1013 2786 impetunt
1028 2691 1236 2767 bestialiter.
1255 2693 1448 2780 Quomodo
1464 2692 1562 2767 euim

395 2813 452 2890 isti
468 2812 544 2889 duo
559 2803 727 2908 germani
744 2817 895 2906 possunt
911 2800 982 2885 dioi'
999 2811 1207 2906 rationales,
1227 2812 1289 2906 qui
1311 2819 1386 2886 tam
1405 2812 1514 2906 impie
1526 2803 1563 2903 (³)

395 2951 436 3007 se
461 2930 658 3006 crudeliter
683 2929 829 3024 feriunt,
854 2935 898 3002 ut
921 2929 986 3004 soli
1006 2919 1165 3004 habeant
1181 2951 1299 3025 pauca
1318 2931 1454 3006 sterilia
1473 2949 1563 3004 saxa

396 3071 481 3147 quae
505 3050 615 3124 simul
639 3047 881 3144 possidebant,
902 3056 944 3122 ut
968 3049 1088 3122 statim
1107 3048 1266 3144 dicetur3
1288 3056 1325 3124 et
1344 3050 1444 3124 dicit:
1467 3055 1565 3121 tanta

395 3173 455 3244 ira
479 3173 504 3244 li
527 3172 635 3260 mure,
663 3187 747 3264 quae
771 3167 826 3242 ira
852 3175 939 3242 nata
964 3173 1019 3242 est
1043 3187 1090 3244 ex
1116 3167 1312 3265 eupiditate
1342 3168 1563 3244 dominandi.

397 3288 498 3363 Unde
527 3293 624 3380 uota,
654 3287 782 3380 lector,
816 3286 916 3380 quod
948 3292 1057 3362 autor
1091 3287 1222 3362 merito
1251 3287 1454 3362 detestatur
1486 3286 1567 3360 illos

396 3408 488 3481 duos
513 3404 645 3480 iratres
659 3393 697 3497 (⁴)
723 3404 911 3499 thebanos,
928 3404 975 3480 de
1001 3405 1135 3499 quihus
1153 3405 1296 3481 dicetur
1313 3407 1349 3480 iu
1371 3405 1444 3502 line
1463 3407 1566 3480 istius

394 3524 553 3620 capituli,
587 3523 651 3618 qui
687 3541 728 3599 se
761 3523 918 3599 invitem
951 3523 1215 3603 iuterfecerunt
1249 3546 1316 3621 pro
1346 3546 1508 3621 paupere
1528 3517 1565 3616 (⁵)

396 3663 511 3742 reguo
548 3641 770 3738 Thebarum,
804 3643 952 3720 diceus:
985 3663 1055 3737 quo
1093 3647 1227 3718 tenditis
1265 3648 1374 3718 uos?
1411 3648 1465 3719 At
1502 3648 1568 3718 mt-

393 3769 488 3838 serr'!
515 3764 559 3836 Et
590 3765 761 3839 Lucanus
792 3765 956 3839 similiter
994 3764 1108 3838 iratus
1146 3772 1275 3840 contra
1305 3765 1443 3859 primos
1476 3785 1567 3840 cou-

395 3883 531 3957 ditores
558 3882 670 3976 urbis,
696 3882 801 3956 dicit:
828 3886 1005 3974 Emptum
1029 3885 1189 3956 dominos
1217 3887 1387 3956 commisit
1413 3888 1564 3975 mptum,

395 4008 432 4076 et
464 4001 647 4076 exclamat
659 3990 722 4092 (⁸):
753 4004 899 4075 onere
923 4004 1114 4074 coneordes
1142 4005 1250 4074 nimia
1280 4006 1438 4095 oupriiine
1461 4006 1566 4077 cert!

394 4125 533 4215 quanto
553 4117 689 4215 justius
713 4125 823 4194 autor
847 4118 998 4194 damnat
1021 4119 1108 4194 istos
1139 4118 1232 4194 duos
1263 4121 1395 4196 iratres
1420 4122 1483 4218 qui
1508 4123 1565 4197 iu-

393 4247 517 4316 terso
540 4244 779 4315 certaverunt
807 4238 854 4315 do
883 4257 1046 4336 paupere
1071 4245 1179 4314 saxol
1206 4241 1251 4315 lit
1279 4241 1331 4316 sio
1356 4247 1441 4317 uota
1472 4263 1566 4338 quo-

394 4359 506 4434 modo
536 4357 595 4434 isti
625 4357 701 4434 duo
732 4359 865 4436 iratres
896 4359 1109 4456 interrogati
1147 4361 1210 4454 qui
1242 4368 1374 4457 essent,
1398 4363 1568 4438 osteude-

395 4479 467 4557 rint
481 4467 517 4572 (⁷)
551 4499 617 4575 per
649 4478 797 4554 aridem
826 4479 973 4576 siguum
1010 4479 1197 4574 quomodo
1228 4467 1363 4556 luerint
1379 4473 1414 4576 (⁶)
1449 4503 1566 4557 unum

454 4712 482 4772 (¹)
498 4713 529 4763 E„
545 4726 639 4765 eorum
654 4728 709 4765 eor.
834 4713 861 4778 ι’)
880 4719 934 4775 tlt,
950 4715 977 4765 iu
993 4726 1021 4766 re
1037 4717 1105 4779 ipsos
1121 4723 1312 4780 percurrerunt.

454 4785 481 4848 ι’)
496 4787 527 4837 B.
543 4789 620 4852 impie
636 4795 663 4842 at
678 4791 819 4843 crudeliter
834 4804 862 4842 re
877 4791 984 4842 larium.

455 4861 483 4922 (¹)
500 4865 554 4924 lit,
570 4864 676 4928 fratrem
693 4880 752 4918 uam
763 4867 859 4918 Statius
874 4867 959 4930 primo
971 4867 1077 4917 maioris
1086 4867 1250 4932 indignanter
1260 4870 1387 4921 meismet
1398 4872 1563 4922 coutnduos

392 4937 486 4989 fratrer
501 4939 672 4992 thumnen-
681 4942 712 4992 Ε.
721 4943 824 5006 tratres,
835 4944 894 5007 qula
911 4943 947 4992 sie
962 4941 1058 4993 Statius
1073 4944 1215 4995 detestatur
1232 4945 1293 4994 istor
1309 4946 1374 4996 duos
1390 4945 1485 4996 fratrer
1500 4948 1562 4998 the-

393 5012 473 5064 banos
487 5013 520 5064 do
535 5014 635 5079 quitur
834 5017 862 5079 (¹)
877 5017 903 5070 S.
919 5017 1030 5069 modion.
1160 5019 1187 5080 (⁸)
1203 5019 1233 5070 E.
1250 5021 1386 5080 exclamat,
1403 5021 1498 5072 diosna.

456 5088 482 5150 (Ἴ
498 5089 529 5140 li.
545 5101 561 5140 e
578 5093 632 5151 tlt,
648 5092 824 5144 ostenderunt.
1160 5093 1186 5155 (¹)
1204 5098 1249 5146 llo
1265 5107 1280 5144 e
1297 5095 1328 5145 lt.
1345 5095 1461 5146 luerunt.
