<?xml version="1.0" encoding="UTF-8"?>
<!DOCTYPE html PUBLIC "-//W3C//DTD XHTML 1.0 Transitional//EN"
    "http://www.w3.org/TR/xhtml1/DTD/xhtml1-transitional.dtd">
<html xmlns="http://www.w3.org/1999/xhtml" xml:lang="en" lang="en">
 <head>
  <title>
</title>
<meta http-equiv="Content-Type" content="text/html;charset=utf-8" />
  <meta name='ocr-system' content='tesseract 3.04.00' />
  <meta name='ocr-capabilities' content='ocr_page ocr_carea ocr_par ocr_line ocrx_word'/>
</head>
<body>
  <div class='ocr_page' id='page_1' title='image "./comentumsuperda01benvgoog_0188.png"; bbox 0 0 4534 6842; ppageno 0'>
   <div class='ocr_carea' id='block_1_1' title="bbox 750 960 1596 1035">
    <p class='ocr_par' dir='ltr' id='par_1_1' title="bbox 750 960 1596 1035">
     <span class='ocr_line' id='line_1_1' title="bbox 750 960 1596 1035; baseline -0.004 -2"><span class='ocrx_word' id='word_1_1' title='bbox 750 978 888 1035; x_wconf 70' lang='lat' dir='ltr'>cunnus</span> <span class='ocrx_word' id='word_1_2' title='bbox 912 979 1103 1034; x_wconf 83' lang='lat' dir='ltr'>uonsrnus</span> <span class='ocrx_word' id='word_1_3' title='bbox 1127 977 1288 1033; x_wconf 80' lang='lat' dir='ltr'>ruamus.</span> <span class='ocrx_word' id='word_1_4' title='bbox 1527 960 1596 1031; x_wconf 73' lang='lat'>179</span> 
     </span>
    </p>
   </div>
   <div class='ocr_carea' id='block_1_2' title="bbox 427 1119 1618 4806">
    <p class='ocr_par' dir='ltr' id='par_1_2' title="bbox 427 1119 1618 4806">
     <span class='ocr_line' id='line_1_2' title="bbox 432 1119 1618 1230; baseline -0.005 -31"><span class='ocrx_word' id='word_1_5' title='bbox 432 1130 521 1199; x_wconf 90' lang='lat' dir='ltr'>tere.</span> <span class='ocrx_word' id='word_1_6' title='bbox 547 1124 639 1199; x_wconf 86' lang='lat' dir='ltr'><strong>Dicit</strong></span> <span class='ocrx_word' id='word_1_7' title='bbox 670 1143 760 1222; x_wconf 80' lang='lat' dir='ltr'>orgo</span> <span class='ocrx_word' id='word_1_8' title='bbox 792 1125 905 1200; x_wconf 87' lang='lat' dir='ltr'>irater</span> <span class='ocrx_word' id='word_1_9' title='bbox 930 1125 1123 1200; x_wconf 86' lang='lat' dir='ltr'>Catelanus</span> <span class='ocrx_word' id='word_1_10' title='bbox 1149 1122 1270 1196; x_wconf 89' lang='lat' dir='ltr'>Danti:</span> <span class='ocrx_word' id='word_1_11' title='bbox 1297 1121 1370 1195; x_wconf 90' lang='lat' dir='ltr'>Nos</span> <span class='ocrx_word' id='word_1_12' title='bbox 1398 1120 1473 1194; x_wconf 96' lang='lat' dir='ltr'>duo</span> <span class='ocrx_word' id='word_1_13' title='bbox 1505 1119 1618 1230; x_wconf 65' lang='lat' dir='ltr'>dico„</span> 
     </span>
     <span class='ocr_line' id='line_1_3' title="bbox 428 1231 1601 1340; baseline -0.004 -24"><span class='ocrx_word' id='word_1_14' title='bbox 428 1247 537 1336; x_wconf 79' lang='lat' dir='ltr'>presi,</span> <span class='ocrx_word' id='word_1_15' title='bbox 563 1243 666 1337; x_wconf 88' lang='lat' dir='ltr'>idest,</span> <span class='ocrx_word' id='word_1_16' title='bbox 690 1243 795 1318; x_wconf 89' lang='lat' dir='ltr'>electi</span> <span class='ocrx_word' id='word_1_17' title='bbox 820 1251 858 1318; x_wconf 90' lang='lat' dir='ltr'>et</span> <span class='ocrx_word' id='word_1_18' title='bbox 881 1243 1032 1340; x_wconf 89' lang='lat' dir='ltr'>accepti,</span> <span class='ocrx_word' id='word_1_19' title='bbox 1057 1245 1210 1332; x_wconf 72' lang='lat' dir='ltr'>iaderae,</span> <span class='ocrx_word' id='word_1_20' title='bbox 1235 1239 1282 1314; x_wconf 86' lang='lat' dir='ltr'>ad</span> <span class='ocrx_word' id='word_1_21' title='bbox 1295 1231 1333 1333; x_wconf 76' lang='lat'>(¹)</span> <span class='ocrx_word' id='word_1_22' title='bbox 1365 1258 1483 1313; x_wconf 89' lang='lat' dir='ltr'>unum</span> <span class='ocrx_word' id='word_1_23' title='bbox 1517 1238 1601 1313; x_wconf 89' lang='lat' dir='ltr'>olli-</span> 
     </span>
     <span class='ocr_line' id='line_1_4' title="bbox 430 1348 1598 1457; baseline -0.004 -21"><span class='ocrx_word' id='word_1_24' title='bbox 430 1361 543 1457; x_wconf 91' lang='lat' dir='ltr'>cinm,</span> <span class='ocrx_word' id='word_1_25' title='bbox 568 1363 615 1437; x_wconf 94' lang='lat' dir='ltr'>ad</span> <span class='ocrx_word' id='word_1_26' title='bbox 641 1383 759 1437; x_wconf 92' lang='lat' dir='ltr'>unum</span> <span class='ocrx_word' id='word_1_27' title='bbox 785 1361 908 1457; x_wconf 88' lang='lat' dir='ltr'>linem,</span> <span class='ocrx_word' id='word_1_28' title='bbox 928 1365 977 1436; x_wconf 88' lang='lat' dir='ltr'>do</span> <span class='ocrx_word' id='word_1_29' title='bbox 994 1369 1053 1436; x_wconf 73' lang='lat' dir='ltr'>tto</span> <span class='ocrx_word' id='word_1_30' title='bbox 1070 1369 1180 1452; x_wconf 81' lang='lat' dir='ltr'>terro,</span> <span class='ocrx_word' id='word_1_31' title='bbox 1198 1359 1333 1434; x_wconf 90' lang='lat' dir='ltr'>scilicet</span> <span class='ocrx_word' id='word_1_32' title='bbox 1349 1357 1533 1433; x_wconf 83' lang='lat' dir='ltr'>Florentia</span> <span class='ocrx_word' id='word_1_33' title='bbox 1547 1348 1598 1451; x_wconf 79' lang='lat'>(¹),</span> 
     </span>
     <span class='ocr_line' id='line_1_5' title="bbox 427 1479 1602 1576; baseline -0.004 -20"><span class='ocrx_word' id='word_1_34' title='bbox 427 1502 496 1574; x_wconf 77' lang='lat' dir='ltr'>per</span> <span class='ocrx_word' id='word_1_35' title='bbox 525 1503 718 1556; x_wconf 79' lang='lat' dir='ltr'>corucrvur</span> <span class='ocrx_word' id='word_1_36' title='bbox 747 1504 813 1556; x_wconf 80' lang='lat' dir='ltr'>suo</span> <span class='ocrx_word' id='word_1_37' title='bbox 840 1503 943 1575; x_wconf 81' lang='lat' dir='ltr'>poce,</span> <span class='ocrx_word' id='word_1_38' title='bbox 968 1501 1053 1576; x_wconf 89' lang='lat' dir='ltr'>quae</span> <span class='ocrx_word' id='word_1_39' title='bbox 1077 1489 1158 1556; x_wconf 89' lang='lat' dir='ltr'>erat</span> <span class='ocrx_word' id='word_1_40' title='bbox 1184 1486 1271 1555; x_wconf 90' lang='lat' dir='ltr'>tunc</span> <span class='ocrx_word' id='word_1_41' title='bbox 1303 1480 1340 1554; x_wconf 92' lang='lat' dir='ltr'>in</span> <span class='ocrx_word' id='word_1_42' title='bbox 1374 1479 1539 1574; x_wconf 92' lang='lat' dir='ltr'>periculo</span> <span class='ocrx_word' id='word_1_43' title='bbox 1564 1483 1602 1552; x_wconf 90' lang='lat' dir='ltr'>et</span> 
     </span>
     <span class='ocr_line' id='line_1_6' title="bbox 433 1598 1603 1695; baseline -0.002 -23"><span class='ocrx_word' id='word_1_44' title='bbox 433 1600 702 1695; x_wconf 79' lang='lat' dir='ltr'>periclitatione.</span> <span class='ocrx_word' id='word_1_45' title='bbox 728 1601 772 1675; x_wconf 85' lang='lat' dir='ltr'>Et</span> <span class='ocrx_word' id='word_1_46' title='bbox 796 1619 883 1676; x_wconf 87' lang='lat' dir='ltr'>ecce</span> <span class='ocrx_word' id='word_1_47' title='bbox 907 1601 1093 1695; x_wconf 86' lang='lat' dir='ltr'>quomodo</span> <span class='ocrx_word' id='word_1_48' title='bbox 1115 1602 1266 1675; x_wconf 90' lang='lat' dir='ltr'>inerunt</span> <span class='ocrx_word' id='word_1_49' title='bbox 1289 1599 1409 1674; x_wconf 77' lang='lat' dir='ltr'>vocati</span> <span class='ocrx_word' id='word_1_50' title='bbox 1428 1619 1451 1673; x_wconf 94' lang='lat' dir='ltr'>a</span> <span class='ocrx_word' id='word_1_51' title='bbox 1468 1598 1603 1672; x_wconf 92' lang='lat' dir='ltr'>lloren-</span> 
     </span>
     <span class='ocr_line' id='line_1_7' title="bbox 433 1719 1603 1816; baseline -0.002 -23"><span class='ocrx_word' id='word_1_52' title='bbox 433 1721 528 1816; x_wconf 82' lang='lat' dir='ltr'>linis,</span> <span class='ocrx_word' id='word_1_53' title='bbox 553 1741 649 1794; x_wconf 80' lang='lat' dir='ltr'>conte</span> <span class='ocrx_word' id='word_1_54' title='bbox 671 1725 765 1796; x_wconf 76' lang='lat' dir='ltr'>scole</span> <span class='ocrx_word' id='word_1_55' title='bbox 789 1741 883 1794; x_wconf 81' lang='lat' dir='ltr'>esser</span> <span class='ocrx_word' id='word_1_56' title='bbox 908 1725 990 1794; x_wconf 86' lang='lat' dir='ltr'>totto</span> <span class='ocrx_word' id='word_1_57' title='bbox 1015 1741 1063 1795; x_wconf 86' lang='lat' dir='ltr'>un</span> <span class='ocrx_word' id='word_1_58' title='bbox 1091 1739 1174 1794; x_wconf 79' lang='lat' dir='ltr'>com</span> <span class='ocrx_word' id='word_1_59' title='bbox 1200 1723 1350 1811; x_wconf 77' lang='lat' dir='ltr'>sotnpo,</span> <span class='ocrx_word' id='word_1_60' title='bbox 1375 1719 1477 1812; x_wconf 89' lang='lat' dir='ltr'>idest,</span> <span class='ocrx_word' id='word_1_61' title='bbox 1504 1719 1603 1793; x_wconf 89' lang='lat' dir='ltr'>solus</span> 
     </span>
     <span class='ocr_line' id='line_1_8' title="bbox 435 1837 1602 1936; baseline -0.005 -20"><span class='ocrx_word' id='word_1_62' title='bbox 435 1842 540 1936; x_wconf 81' lang='lat' dir='ltr'>quasi</span> <span class='ocrx_word' id='word_1_63' title='bbox 569 1841 683 1917; x_wconf 88' lang='lat' dir='ltr'>dicat:</span> <span class='ocrx_word' id='word_1_64' title='bbox 714 1842 808 1918; x_wconf 89' lang='lat' dir='ltr'>sicut</span> <span class='ocrx_word' id='word_1_65' title='bbox 841 1843 933 1916; x_wconf 91' lang='lat' dir='ltr'>solet</span> <span class='ocrx_word' id='word_1_66' title='bbox 966 1842 1090 1916; x_wconf 89' lang='lat' dir='ltr'>vocari</span> <span class='ocrx_word' id='word_1_67' title='bbox 1115 1841 1338 1916; x_wconf 79' lang='lat' dir='ltr'>Florentiam</span> <span class='ocrx_word' id='word_1_68' title='bbox 1371 1859 1469 1912; x_wconf 92' lang='lat' dir='ltr'>unus</span> <span class='ocrx_word' id='word_1_69' title='bbox 1502 1837 1602 1912; x_wconf 90' lang='lat' dir='ltr'>solus</span> 
     </span>
     <span class='ocr_line' id='line_1_9' title="bbox 435 1949 1600 2056; baseline -0.005 -20"><span class='ocrx_word' id='word_1_70' title='bbox 435 1963 607 2056; x_wconf 79' lang='lat' dir='ltr'><strong>Potestas,</strong></span> <span class='ocrx_word' id='word_1_71' title='bbox 633 1981 731 2036; x_wconf 93' lang='lat' dir='ltr'>nunc</span> <span class='ocrx_word' id='word_1_72' title='bbox 756 1963 907 2036; x_wconf 92' lang='lat' dir='ltr'>inerunt</span> <span class='ocrx_word' id='word_1_73' title='bbox 935 1961 1054 2036; x_wconf 88' lang='lat' dir='ltr'>vocati</span> <span class='ocrx_word' id='word_1_74' title='bbox 1080 1960 1154 2035; x_wconf 92' lang='lat' dir='ltr'>duo</span> <span class='ocrx_word' id='word_1_75' title='bbox 1190 1960 1238 2035; x_wconf 93' lang='lat' dir='ltr'>ad</span> <span class='ocrx_word' id='word_1_76' title='bbox 1266 1960 1433 2056; x_wconf 83' lang='lat' dir='ltr'>regimen</span> <span class='ocrx_word' id='word_1_77' title='bbox 1446 1949 1483 2051; x_wconf 64' lang='grc' dir='ltr'>(θ)</span> <span class='ocrx_word' id='word_1_78' title='bbox 1510 1956 1600 2031; x_wconf 89' lang='lat' dir='ltr'>civi-</span> 
     </span>
     <span class='ocr_line' id='line_1_10' title="bbox 436 2077 1603 2176; baseline -0.004 -21"><span class='ocrx_word' id='word_1_79' title='bbox 436 2082 528 2155; x_wconf 87' lang='lat' dir='ltr'>tatis.</span> <span class='ocrx_word' id='word_1_80' title='bbox 552 2082 597 2154; x_wconf 84' lang='lat' dir='ltr'>Et</span> <span class='ocrx_word' id='word_1_81' title='bbox 621 2101 696 2156; x_wconf 93' lang='lat' dir='ltr'>non</span> <span class='ocrx_word' id='word_1_82' title='bbox 719 2101 892 2176; x_wconf 81' lang='lat' dir='ltr'>exponas,</span> <span class='ocrx_word' id='word_1_83' title='bbox 917 2083 1066 2172; x_wconf 76' lang='lat' dir='ltr'>mtnpo,</span> <span class='ocrx_word' id='word_1_84' title='bbox 1092 2081 1183 2156; x_wconf 87' lang='lat' dir='ltr'>idest</span> <span class='ocrx_word' id='word_1_85' title='bbox 1208 2081 1401 2173; x_wconf 86' lang='lat' dir='ltr'>solitarius,</span> <span class='ocrx_word' id='word_1_86' title='bbox 1427 2079 1521 2152; x_wconf 89' lang='lat' dir='ltr'>sicut</span> <span class='ocrx_word' id='word_1_87' title='bbox 1536 2077 1603 2151; x_wconf 93' lang='lat' dir='ltr'>ali-</span> 
     </span>
     <span class='ocr_line' id='line_1_11' title="bbox 435 2189 1600 2295; baseline -0.001 -22"><span class='ocrx_word' id='word_1_88' title='bbox 435 2202 497 2294; x_wconf 90' lang='lat' dir='ltr'>qui</span> <span class='ocrx_word' id='word_1_89' title='bbox 511 2189 548 2292; x_wconf 70' lang='lat'>(⁸)</span> <span class='ocrx_word' id='word_1_90' title='bbox 575 2206 774 2294; x_wconf 83' lang='lat' dir='ltr'>exponunt,</span> <span class='ocrx_word' id='word_1_91' title='bbox 791 2201 963 2294; x_wconf 91' lang='lat' dir='ltr'>dicentes,</span> <span class='ocrx_word' id='word_1_92' title='bbox 984 2199 1082 2294; x_wconf 90' lang='lat' dir='ltr'>quod</span> <span class='ocrx_word' id='word_1_93' title='bbox 1100 2201 1296 2295; x_wconf 89' lang='lat' dir='ltr'>aliquando</span> <span class='ocrx_word' id='word_1_94' title='bbox 1314 2201 1406 2274; x_wconf 90' lang='lat' dir='ltr'>solet</span> <span class='ocrx_word' id='word_1_95' title='bbox 1422 2197 1600 2292; x_wconf 85' lang='lat' dir='ltr'>accidere,</span> 
     </span>
     <span class='ocr_line' id='line_1_12' title="bbox 434 2317 1604 2413; baseline -0.003 -19"><span class='ocrx_word' id='word_1_96' title='bbox 434 2321 534 2413; x_wconf 80' lang='lat' dir='ltr'>quod</span> <span class='ocrx_word' id='word_1_97' title='bbox 558 2321 670 2394; x_wconf 92' lang='lat' dir='ltr'>homo</span> <span class='ocrx_word' id='word_1_98' title='bbox 701 2320 884 2394; x_wconf 89' lang='lat' dir='ltr'>solitarius</span> <span class='ocrx_word' id='word_1_99' title='bbox 916 2320 1139 2395; x_wconf 76' lang='lat' dir='ltr'>abstrahitur</span> <span class='ocrx_word' id='word_1_100' title='bbox 1168 2342 1192 2395; x_wconf 93' lang='lat' dir='ltr'>a</span> <span class='ocrx_word' id='word_1_101' title='bbox 1225 2320 1417 2394; x_wconf 84' lang='lat' dir='ltr'>solitudine</span> <span class='ocrx_word' id='word_1_102' title='bbox 1450 2323 1487 2393; x_wconf 91' lang='lat' dir='ltr'>ct</span> <span class='ocrx_word' id='word_1_103' title='bbox 1518 2317 1604 2392; x_wconf 87' lang='lat' dir='ltr'>reli·</span> 
     </span>
     <span class='ocr_line' id='line_1_13' title="bbox 435 2431 1604 2536; baseline 0 -25"><span class='ocrx_word' id='word_1_104' title='bbox 435 2438 545 2534; x_wconf 80' lang='lat' dir='ltr'>gione</span> <span class='ocrx_word' id='word_1_105' title='bbox 569 2438 617 2513; x_wconf 91' lang='lat' dir='ltr'>ad</span> <span class='ocrx_word' id='word_1_106' title='bbox 643 2438 820 2514; x_wconf 86' lang='lat' dir='ltr'>sedandas</span> <span class='ocrx_word' id='word_1_107' title='bbox 844 2439 1051 2533; x_wconf 85' lang='lat' dir='ltr'>discordias,</span> <span class='ocrx_word' id='word_1_108' title='bbox 1071 2440 1129 2514; x_wconf 87' lang='lat' dir='ltr'>vel</span> <span class='ocrx_word' id='word_1_109' title='bbox 1147 2439 1325 2536; x_wconf 82' lang='lat' dir='ltr'>gerendas</span> <span class='ocrx_word' id='word_1_110' title='bbox 1338 2431 1376 2530; x_wconf 78' lang='lat'>(⁵)</span> <span class='ocrx_word' id='word_1_111' title='bbox 1397 2437 1604 2534; x_wconf 84' lang='lat' dir='ltr'>dignitates,</span> 
     </span>
     <span class='ocr_line' id='line_1_14' title="bbox 434 2555 1605 2654; baseline 0 -24"><span class='ocrx_word' id='word_1_112' title='bbox 434 2555 528 2632; x_wconf 90' lang='lat' dir='ltr'>sicut</span> <span class='ocrx_word' id='word_1_113' title='bbox 551 2557 691 2632; x_wconf 91' lang='lat' dir='ltr'>dictum</span> <span class='ocrx_word' id='word_1_114' title='bbox 716 2567 772 2634; x_wconf 91' lang='lat' dir='ltr'>est</span> <span class='ocrx_word' id='word_1_115' title='bbox 796 2579 907 2654; x_wconf 90' lang='lat' dir='ltr'>supra</span> <span class='ocrx_word' id='word_1_116' title='bbox 937 2559 983 2634; x_wconf 92' lang='lat' dir='ltr'>de</span> <span class='ocrx_word' id='word_1_117' title='bbox 1009 2559 1203 2634; x_wconf 86' lang='lat' dir='ltr'>Coelestino</span> <span class='ocrx_word' id='word_1_118' title='bbox 1232 2557 1391 2653; x_wconf 91' lang='lat' dir='ltr'>capitulo</span> <span class='ocrx_word' id='word_1_119' title='bbox 1415 2557 1516 2652; x_wconf 83' lang='lat' dir='ltr'>lllll3</span> <span class='ocrx_word' id='word_1_120' title='bbox 1542 2555 1605 2631; x_wconf 89' lang='lat' dir='ltr'>sed</span> 
     </span>
     <span class='ocr_line' id='line_1_15' title="bbox 438 2675 1605 2773; baseline 0.003 -25"><span class='ocrx_word' id='word_1_121' title='bbox 438 2675 490 2749; x_wconf 90' lang='lat' dir='ltr'>sic</span> <span class='ocrx_word' id='word_1_122' title='bbox 513 2675 674 2752; x_wconf 87' lang='lat' dir='ltr'>dicentes</span> <span class='ocrx_word' id='word_1_123' title='bbox 697 2677 867 2773; x_wconf 81' lang='lat' dir='ltr'>ignorant</span> <span class='ocrx_word' id='word_1_124' title='bbox 890 2677 1079 2752; x_wconf 89' lang='lat' dir='ltr'>historiam</span> <span class='ocrx_word' id='word_1_125' title='bbox 1114 2679 1207 2753; x_wconf 86' lang='lat' dir='ltr'>iacti.</span> <span class='ocrx_word' id='word_1_126' title='bbox 1240 2677 1343 2752; x_wconf 88' lang='lat' dir='ltr'>Unde</span> <span class='ocrx_word' id='word_1_127' title='bbox 1375 2683 1472 2772; x_wconf 71' lang='lat' dir='ltr'>nom,</span> <span class='ocrx_word' id='word_1_128' title='bbox 1506 2675 1605 2771; x_wconf 90' lang='lat' dir='ltr'>qnod</span> 
     </span>
     <span class='ocr_line' id='line_1_16' title="bbox 438 2796 1604 2895; baseline 0 -25"><span class='ocrx_word' id='word_1_129' title='bbox 438 2797 533 2871; x_wconf 92' lang='lat' dir='ltr'>inter</span> <span class='ocrx_word' id='word_1_130' title='bbox 557 2796 629 2871; x_wconf 91' lang='lat' dir='ltr'>alia</span> <span class='ocrx_word' id='word_1_131' title='bbox 652 2804 834 2892; x_wconf 81' lang='lat' dir='ltr'>praecepta</span> <span class='ocrx_word' id='word_1_132' title='bbox 860 2799 999 2895; x_wconf 80' lang='lat' dir='ltr'>regulae</span> <span class='ocrx_word' id='word_1_133' title='bbox 1024 2799 1178 2873; x_wconf 84' lang='lat' dir='ltr'>istomm</span> <span class='ocrx_word' id='word_1_134' title='bbox 1212 2799 1367 2873; x_wconf 79' lang='lat' dir='ltr'>fratrum</span> <span class='ocrx_word' id='word_1_135' title='bbox 1393 2804 1448 2872; x_wconf 88' lang='lat' dir='ltr'>est</span> <span class='ocrx_word' id='word_1_136' title='bbox 1473 2817 1604 2890; x_wconf 91' lang='lat' dir='ltr'>unum,</span> 
     </span>
     <span class='ocr_line' id='line_1_17' title="bbox 438 2914 1605 3013; baseline 0 -24"><span class='ocrx_word' id='word_1_137' title='bbox 438 2915 573 2990; x_wconf 89' lang='lat' dir='ltr'>scilicet</span> <span class='ocrx_word' id='word_1_138' title='bbox 598 2914 696 3009; x_wconf 82' lang='lat' dir='ltr'>quod</span> <span class='ocrx_word' id='word_1_139' title='bbox 722 2936 795 2991; x_wconf 94' lang='lat' dir='ltr'>non</span> <span class='ocrx_word' id='word_1_140' title='bbox 819 2923 1008 2992; x_wconf 87' lang='lat' dir='ltr'>assumant</span> <span class='ocrx_word' id='word_1_141' title='bbox 1023 2918 1166 3013; x_wconf 88' lang='lat' dir='ltr'>publica</span> <span class='ocrx_word' id='word_1_142' title='bbox 1187 2918 1318 3012; x_wconf 90' lang='lat' dir='ltr'>ollicia,</span> <span class='ocrx_word' id='word_1_143' title='bbox 1336 2916 1403 2990; x_wconf 89' lang='lat' dir='ltr'>nisi</span> <span class='ocrx_word' id='word_1_144' title='bbox 1423 2937 1491 3012; x_wconf 91' lang='lat' dir='ltr'>pro</span> <span class='ocrx_word' id='word_1_145' title='bbox 1507 2916 1605 2990; x_wconf 88' lang='lat' dir='ltr'>bono</span> 
     </span>
     <span class='ocr_line' id='line_1_18' title="bbox 436 3033 1604 3133; baseline 0.004 -26"><span class='ocrx_word' id='word_1_146' title='bbox 436 3033 545 3128; x_wconf 90' lang='lat' dir='ltr'>pacis,</span> <span class='ocrx_word' id='word_1_147' title='bbox 572 3034 666 3111; x_wconf 88' lang='lat' dir='ltr'>sicut</span> <span class='ocrx_word' id='word_1_148' title='bbox 689 3035 767 3130; x_wconf 87' lang='lat' dir='ltr'>lric;</span> <span class='ocrx_word' id='word_1_149' title='bbox 793 3042 831 3110; x_wconf 91' lang='lat' dir='ltr'>et</span> <span class='ocrx_word' id='word_1_150' title='bbox 856 3037 954 3131; x_wconf 87' lang='lat' dir='ltr'>quod</span> <span class='ocrx_word' id='word_1_151' title='bbox 979 3058 1053 3112; x_wconf 92' lang='lat' dir='ltr'>non</span> <span class='ocrx_word' id='word_1_152' title='bbox 1078 3038 1196 3112; x_wconf 87' lang='lat' dir='ltr'>lerant</span> <span class='ocrx_word' id='word_1_153' title='bbox 1219 3057 1336 3132; x_wconf 89' lang='lat' dir='ltr'>arma,</span> <span class='ocrx_word' id='word_1_154' title='bbox 1362 3037 1430 3111; x_wconf 89' lang='lat' dir='ltr'>nisi</span> <span class='ocrx_word' id='word_1_155' title='bbox 1455 3058 1522 3133; x_wconf 92' lang='lat' dir='ltr'>pro</span> <span class='ocrx_word' id='word_1_156' title='bbox 1538 3036 1604 3112; x_wconf 88' lang='lat' dir='ltr'>de-</span> 
     </span>
     <span class='ocr_line' id='line_1_19' title="bbox 436 3153 1606 3232; baseline 0.003 -7"><span class='ocrx_word' id='word_1_157' title='bbox 436 3153 600 3229; x_wconf 81' lang='lat' dir='ltr'>tonsione</span> <span class='ocrx_word' id='word_1_158' title='bbox 624 3153 706 3229; x_wconf 91' lang='lat' dir='ltr'>lidei</span> <span class='ocrx_word' id='word_1_159' title='bbox 722 3155 909 3229; x_wconf 73' lang='lat' dir='ltr'>catholicae</span> <span class='ocrx_word' id='word_1_160' title='bbox 926 3161 963 3230; x_wconf 91' lang='lat' dir='ltr'>et</span> <span class='ocrx_word' id='word_1_161' title='bbox 983 3157 1234 3231; x_wconf 77' lang='lat' dir='ltr'>ecclesiastice</span> <span class='ocrx_word' id='word_1_162' title='bbox 1252 3156 1437 3231; x_wconf 87' lang='lat' dir='ltr'>libertatis.</span> <span class='ocrx_word' id='word_1_163' title='bbox 1455 3156 1500 3232; x_wconf 88' lang='lat' dir='ltr'>Et</span> <span class='ocrx_word' id='word_1_164' title='bbox 1517 3155 1606 3229; x_wconf 89' lang='lat' dir='ltr'>sub—</span> 
     </span>
     <span class='ocr_line' id='line_1_20' title="bbox 436 3266 1605 3372; baseline 0.002 -26"><span class='ocrx_word' id='word_1_165' title='bbox 436 3271 489 3349; x_wconf 91' lang='lat' dir='ltr'>dit</span> <span class='ocrx_word' id='word_1_166' title='bbox 512 3272 698 3366; x_wconf 89' lang='lat' dir='ltr'>quomodo</span> <span class='ocrx_word' id='word_1_167' title='bbox 724 3274 888 3349; x_wconf 88' lang='lat' dir='ltr'>lecerunt</span> <span class='ocrx_word' id='word_1_168' title='bbox 904 3275 1142 3372; x_wconf 91' lang='lat' dir='ltr'>contrarium,</span> <span class='ocrx_word' id='word_1_169' title='bbox 1159 3266 1305 3352; x_wconf 87' lang='lat' dir='ltr'>dicens:</span> <span class='ocrx_word' id='word_1_170' title='bbox 1327 3281 1360 3348; x_wconf 84' lang='grc' dir='ltr'><strong><em>Ε</em></strong></span> <span class='ocrx_word' id='word_1_171' title='bbox 1371 3281 1505 3370; x_wconf 80' lang='lat' dir='ltr'>summo</span> <span class='ocrx_word' id='word_1_172' title='bbox 1530 3277 1605 3366; x_wconf 82' lang='lat' dir='ltr'>toli,</span> 
     </span>
     <span class='ocr_line' id='line_1_21' title="bbox 437 3391 1615 3513; baseline 0.003 -47"><span class='ocrx_word' id='word_1_173' title='bbox 437 3391 539 3487; x_wconf 82' lang='lat' dir='ltr'>idest,</span> <span class='ocrx_word' id='word_1_174' title='bbox 554 3395 644 3469; x_wconf 83' lang='lat' dir='ltr'>tales</span> <span class='ocrx_word' id='word_1_175' title='bbox 655 3401 931 3470; x_wconf 85' lang='lat' dir='ltr'>conservatores</span> <span class='ocrx_word' id='word_1_176' title='bbox 948 3395 1056 3491; x_wconf 91' lang='lat' dir='ltr'>pacis,</span> <span class='ocrx_word' id='word_1_177' title='bbox 1077 3400 1129 3470; x_wconf 82' lang='lat' dir='ltr'>cl&#39;</span> <span class='ocrx_word' id='word_1_178' title='bbox 1141 3417 1255 3470; x_wconf 78' lang='lat' dir='ltr'>nacor</span> <span class='ocrx_word' id='word_1_179' title='bbox 1270 3400 1299 3470; x_wconf 70' lang='lat' dir='ltr'>d</span> <span class='ocrx_word' id='word_1_180' title='bbox 1312 3417 1448 3490; x_wconf 83' lang='lat' dir='ltr'>appare</span> <span class='ocrx_word' id='word_1_181' title='bbox 1463 3399 1615 3513; x_wconf 63' lang='lat' dir='ltr'>imorum</span> 
     </span>
     <span class='ocr_line' id='line_1_22' title="bbox 436 3513 1606 3612; baseline 0.003 -26"><span class='ocrx_word' id='word_1_182' title='bbox 436 3513 501 3586; x_wconf 90' lang='lat' dir='ltr'>dol</span> <span class='ocrx_word' id='word_1_183' title='bbox 526 3517 720 3605; x_wconf 81' lang='lat' dir='ltr'>Gordiopo.</span> <span class='ocrx_word' id='word_1_184' title='bbox 746 3514 857 3602; x_wconf 83' lang='lat' dir='ltr'>Quasi</span> <span class='ocrx_word' id='word_1_185' title='bbox 881 3514 1000 3591; x_wconf 88' lang='lat' dir='ltr'>dicat:</span> <span class='ocrx_word' id='word_1_186' title='bbox 1025 3516 1147 3591; x_wconf 90' lang='lat' dir='ltr'>adhuc</span> <span class='ocrx_word' id='word_1_187' title='bbox 1169 3521 1346 3612; x_wconf 86' lang='lat' dir='ltr'>apparent</span> <span class='ocrx_word' id='word_1_188' title='bbox 1373 3515 1524 3612; x_wconf 82' lang='lat' dir='ltr'>vestigia</span> <span class='ocrx_word' id='word_1_189' title='bbox 1541 3535 1606 3590; x_wconf 88' lang='lat' dir='ltr'>ve-</span> 
     </span>
     <span class='ocr_line' id='line_1_23' title="bbox 437 3633 1607 3728; baseline -0.001 -20"><span class='ocrx_word' id='word_1_190' title='bbox 437 3639 561 3708; x_wconf 84' lang='lat' dir='ltr'>terum</span> <span class='ocrx_word' id='word_1_191' title='bbox 580 3633 774 3708; x_wconf 90' lang='lat' dir='ltr'>ruinarum</span> <span class='ocrx_word' id='word_1_192' title='bbox 787 3634 991 3728; x_wconf 71' lang='lat' dir='ltr'>Florentiae,</span> <span class='ocrx_word' id='word_1_193' title='bbox 1006 3655 1168 3728; x_wconf 85' lang='lat' dir='ltr'>quarum</span> <span class='ocrx_word' id='word_1_194' title='bbox 1187 3635 1324 3709; x_wconf 91' lang='lat' dir='ltr'>luimus</span> <span class='ocrx_word' id='word_1_195' title='bbox 1339 3641 1499 3710; x_wconf 86' lang='lat' dir='ltr'>autores.</span> <span class='ocrx_word' id='word_1_196' title='bbox 1514 3633 1607 3709; x_wconf 88' lang='lat' dir='ltr'>Gar-</span> 
     </span>
     <span class='ocr_line' id='line_1_24' title="bbox 437 3751 1608 3849; baseline 0.002 -25"><span class='ocrx_word' id='word_1_197' title='bbox 437 3751 569 3848; x_wconf 82' lang='lat' dir='ltr'>dingus</span> <span class='ocrx_word' id='word_1_198' title='bbox 594 3753 691 3826; x_wconf 90' lang='lat' dir='ltr'>enim</span> <span class='ocrx_word' id='word_1_199' title='bbox 719 3759 800 3827; x_wconf 92' lang='lat' dir='ltr'>erat</span> <span class='ocrx_word' id='word_1_200' title='bbox 825 3772 870 3827; x_wconf 90' lang='lat' dir='ltr'>eo</span> <span class='ocrx_word' id='word_1_201' title='bbox 898 3759 1065 3848; x_wconf 91' lang='lat' dir='ltr'>tempore</span> <span class='ocrx_word' id='word_1_202' title='bbox 1090 3774 1165 3828; x_wconf 92' lang='lat' dir='ltr'>una</span> <span class='ocrx_word' id='word_1_203' title='bbox 1181 3761 1358 3849; x_wconf 82' lang='lat' dir='ltr'>contrata,</span> <span class='ocrx_word' id='word_1_204' title='bbox 1375 3755 1439 3829; x_wconf 91' lang='lat' dir='ltr'>ubi</span> <span class='ocrx_word' id='word_1_205' title='bbox 1456 3754 1608 3829; x_wconf 88' lang='lat' dir='ltr'>inerunt</span> 
     </span>
     <span class='ocr_line' id='line_1_25' title="bbox 437 3869 1608 3967; baseline 0.002 -23"><span class='ocrx_word' id='word_1_206' title='bbox 437 3870 571 3944; x_wconf 87' lang='lat' dir='ltr'>domus</span> <span class='ocrx_word' id='word_1_207' title='bbox 593 3869 828 3965; x_wconf 86' lang='lat' dir='ltr'>Ubertorum,</span> <span class='ocrx_word' id='word_1_208' title='bbox 855 3891 940 3965; x_wconf 80' lang='lat' dir='ltr'>que</span> <span class='ocrx_word' id='word_1_209' title='bbox 965 3872 1210 3967; x_wconf 89' lang='lat' dir='ltr'>principaliter</span> <span class='ocrx_word' id='word_1_210' title='bbox 1235 3874 1386 3950; x_wconf 88' lang='lat' dir='ltr'>luerunt</span> <span class='ocrx_word' id='word_1_211' title='bbox 1409 3873 1608 3948; x_wconf 81' lang='lat' dir='ltr'>destructae</span> 
     </span>
     <span class='ocr_line' id='line_1_26' title="bbox 438 3989 1606 4088; baseline 0 -22"><span class='ocrx_word' id='word_1_212' title='bbox 438 4009 460 4066; x_wconf 88' lang='lat' dir='ltr'>a</span> <span class='ocrx_word' id='word_1_213' title='bbox 486 3989 741 4085; x_wconf 79' lang='lat' dir='ltr'>fundamentis,</span> <span class='ocrx_word' id='word_1_214' title='bbox 763 3992 870 4086; x_wconf 82' lang='lat' dir='ltr'>juxta</span> <span class='ocrx_word' id='word_1_215' title='bbox 896 3997 1063 4065; x_wconf 90' lang='lat' dir='ltr'>sanctum</span> <span class='ocrx_word' id='word_1_216' title='bbox 1081 3992 1232 4066; x_wconf 85' lang='lat' dir='ltr'>Petrum</span> <span class='ocrx_word' id='word_1_217' title='bbox 1259 3991 1485 4086; x_wconf 84' lang='lat' dir='ltr'>Scaradium,</span> <span class='ocrx_word' id='word_1_218' title='bbox 1498 3993 1606 4088; x_wconf 82' lang='lat' dir='ltr'>juxta</span> 
     </span>
     <span class='ocr_line' id='line_1_27' title="bbox 439 4109 1606 4206; baseline 0.002 -22"><span class='ocrx_word' id='word_1_219' title='bbox 439 4109 613 4204; x_wconf 87' lang='lat' dir='ltr'>palatium</span> <span class='ocrx_word' id='word_1_220' title='bbox 631 4111 809 4206; x_wconf 87' lang='lat' dir='ltr'>priorum,</span> <span class='ocrx_word' id='word_1_221' title='bbox 831 4111 893 4184; x_wconf 95' lang='lat' dir='ltr'>ubi</span> <span class='ocrx_word' id='word_1_222' title='bbox 918 4117 1015 4184; x_wconf 91' lang='lat' dir='ltr'>stant</span> <span class='ocrx_word' id='word_1_223' title='bbox 1031 4110 1138 4186; x_wconf 89' lang='lat' dir='ltr'>hodie</span> <span class='ocrx_word' id='word_1_224' title='bbox 1155 4111 1295 4186; x_wconf 76' lang='lat' dir='ltr'>leones</span> <span class='ocrx_word' id='word_1_225' title='bbox 1314 4111 1516 4186; x_wconf 71' lang='lat' dir='ltr'>Florentiae.</span> <span class='ocrx_word' id='word_1_226' title='bbox 1535 4111 1606 4186; x_wconf 87' lang='lat' dir='ltr'>Sed</span> 
     </span>
     <span class='ocr_line' id='line_1_28' title="bbox 437 4223 1607 4329; baseline 0.001 -25"><span class='ocrx_word' id='word_1_227' title='bbox 437 4229 484 4305; x_wconf 92' lang='lat' dir='ltr'>de</span> <span class='ocrx_word' id='word_1_228' title='bbox 507 4229 608 4304; x_wconf 91' lang='lat' dir='ltr'>omni</span> <span class='ocrx_word' id='word_1_229' title='bbox 634 4249 675 4305; x_wconf 88' lang='lat' dir='ltr'>re</span> <span class='ocrx_word' id='word_1_230' title='bbox 700 4231 772 4308; x_wconf 90' lang='lat' dir='ltr'>cito</span> <span class='ocrx_word' id='word_1_231' title='bbox 797 4238 853 4306; x_wconf 83' lang='lat' dir='ltr'>est</span> <span class='ocrx_word' id='word_1_232' title='bbox 885 4229 1052 4306; x_wconf 87' lang='lat' dir='ltr'>vindicta.</span> <span class='ocrx_word' id='word_1_233' title='bbox 1085 4231 1177 4304; x_wconf 90' lang='lat' dir='ltr'>Nam</span> <span class='ocrx_word' id='word_1_234' title='bbox 1212 4231 1439 4328; x_wconf 81' lang='lat' dir='ltr'>Lodoringus</span> <span class='ocrx_word' id='word_1_235' title='bbox 1452 4223 1488 4324; x_wconf 81' lang='lat'>(⁰)</span> <span class='ocrx_word' id='word_1_236' title='bbox 1525 4233 1607 4329; x_wconf 79' lang='lat' dir='ltr'>glri-</span> 
     </span>
     <span class='ocr_line' id='line_1_29' title="bbox 438 4339 1605 4448; baseline 0.003 -24"><span class='ocrx_word' id='word_1_237' title='bbox 438 4349 606 4444; x_wconf 85' lang='lat' dir='ltr'>bollinus,</span> <span class='ocrx_word' id='word_1_238' title='bbox 631 4351 695 4444; x_wconf 87' lang='lat' dir='ltr'>qui</span> <span class='ocrx_word' id='word_1_239' title='bbox 720 4351 841 4426; x_wconf 89' lang='lat' dir='ltr'>luerat</span> <span class='ocrx_word' id='word_1_240' title='bbox 864 4369 988 4444; x_wconf 84' lang='lat' dir='ltr'>causa,</span> <span class='ocrx_word' id='word_1_241' title='bbox 1015 4349 1112 4444; x_wconf 90' lang='lat' dir='ltr'>quod</span> <span class='ocrx_word' id='word_1_242' title='bbox 1131 4349 1270 4425; x_wconf 86' lang='lat' dir='ltr'>nobiles</span> <span class='ocrx_word' id='word_1_243' title='bbox 1285 4339 1321 4443; x_wconf 81' lang='lat'>(⁷)</span> <span class='ocrx_word' id='word_1_244' title='bbox 1350 4351 1534 4448; x_wconf 81' lang='lat' dir='ltr'>ghibellini</span> <span class='ocrx_word' id='word_1_245' title='bbox 1559 4351 1605 4427; x_wconf 83' lang='lat' dir='ltr'>de</span> 
     </span>
     <span class='ocr_line' id='line_1_30' title="bbox 440 4468 1607 4566; baseline 0.004 -24"><span class='ocrx_word' id='word_1_246' title='bbox 440 4468 622 4544; x_wconf 86' lang='lat' dir='ltr'>Florentia</span> <span class='ocrx_word' id='word_1_247' title='bbox 639 4471 921 4566; x_wconf 82' lang='lat' dir='ltr'>expellerentur,</span> <span class='ocrx_word' id='word_1_248' title='bbox 947 4475 985 4544; x_wconf 93' lang='lat' dir='ltr'>et</span> <span class='ocrx_word' id='word_1_249' title='bbox 1009 4469 1106 4564; x_wconf 89' lang='lat' dir='ltr'>qnod</span> <span class='ocrx_word' id='word_1_250' title='bbox 1129 4490 1261 4545; x_wconf 89' lang='lat' dir='ltr'>eorum</span> <span class='ocrx_word' id='word_1_251' title='bbox 1283 4471 1415 4566; x_wconf 91' lang='lat' dir='ltr'>palatia</span> <span class='ocrx_word' id='word_1_252' title='bbox 1441 4471 1607 4548; x_wconf 82' lang='lat' dir='ltr'>destrue-</span> 
     </span>
     <span class='ocr_line' id='line_1_31' title="bbox 439 4589 1608 4686; baseline 0.003 -22"><span class='ocrx_word' id='word_1_253' title='bbox 439 4597 581 4684; x_wconf 85' lang='lat' dir='ltr'>rentur,</span> <span class='ocrx_word' id='word_1_254' title='bbox 605 4596 731 4686; x_wconf 86' lang='lat' dir='ltr'>postea</span> <span class='ocrx_word' id='word_1_255' title='bbox 756 4591 824 4664; x_wconf 85' lang='lat' dir='ltr'>luit</span> <span class='ocrx_word' id='word_1_256' title='bbox 848 4589 1022 4685; x_wconf 79' lang='lat' dir='ltr'>expulsus</span> <span class='ocrx_word' id='word_1_257' title='bbox 1047 4590 1094 4666; x_wconf 83' lang='lat' dir='ltr'>dc</span> <span class='ocrx_word' id='word_1_258' title='bbox 1118 4591 1281 4666; x_wconf 89' lang='lat' dir='ltr'>Bononia</span> <span class='ocrx_word' id='word_1_259' title='bbox 1305 4612 1392 4667; x_wconf 92' lang='lat' dir='ltr'>cum</span> <span class='ocrx_word' id='word_1_260' title='bbox 1418 4592 1493 4666; x_wconf 91' lang='lat' dir='ltr'>suis</span> <span class='ocrx_word' id='word_1_261' title='bbox 1518 4612 1608 4668; x_wconf 91' lang='lat' dir='ltr'>con·</span> 
     </span>
     <span class='ocr_line' id='line_1_32' title="bbox 442 4707 1606 4806; baseline 0.003 -23"><span class='ocrx_word' id='word_1_262' title='bbox 442 4707 600 4784; x_wconf 76' lang='lat' dir='ltr'>mnibus</span> <span class='ocrx_word' id='word_1_263' title='bbox 628 4715 667 4783; x_wconf 89' lang='lat' dir='ltr'>et</span> <span class='ocrx_word' id='word_1_264' title='bbox 694 4709 773 4784; x_wconf 91' lang='lat' dir='ltr'>aliis</span> <span class='ocrx_word' id='word_1_265' title='bbox 798 4709 978 4784; x_wconf 86' lang='lat' dir='ltr'>nobilibus</span> <span class='ocrx_word' id='word_1_266' title='bbox 1003 4709 1216 4806; x_wconf 79' lang='lat' dir='ltr'>ghibellinis,</span> <span class='ocrx_word' id='word_1_267' title='bbox 1250 4717 1287 4786; x_wconf 89' lang='lat' dir='ltr'>et</span> <span class='ocrx_word' id='word_1_268' title='bbox 1317 4710 1450 4806; x_wconf 87' lang='lat' dir='ltr'>palatia</span> <span class='ocrx_word' id='word_1_269' title='bbox 1474 4731 1606 4786; x_wconf 89' lang='lat' dir='ltr'>eornm</span> 
     </span>
    </p>
   </div>
   <div class='ocr_carea' id='block_1_3' title="bbox 501 4923 1607 5068">
    <p class='ocr_par' dir='ltr' id='par_1_3' title="bbox 501 4923 1607 5068">
     <span class='ocr_line' id='line_1_33' title="bbox 501 4923 1607 4990; baseline -0.006 -6"><span class='ocrx_word' id='word_1_270' title='bbox 501 4924 528 4984; x_wconf 81' lang='lat'>(¹)</span> <span class='ocrx_word' id='word_1_271' title='bbox 543 4923 570 4976; x_wconf 80' lang='lat' dir='ltr'>S·</span> <span class='ocrx_word' id='word_1_272' title='bbox 586 4925 661 4988; x_wconf 76' lang='lat' dir='ltr'>ideal,</span> <span class='ocrx_word' id='word_1_273' title='bbox 676 4927 710 4977; x_wconf 70' lang='lat' dir='ltr'>ul</span> <span class='ocrx_word' id='word_1_274' title='bbox 724 4939 816 4978; x_wconf 77' lang='lat' dir='ltr'>num</span> <span class='ocrx_word' id='word_1_275' title='bbox 870 4923 899 4988; x_wconf 61' lang='grc' dir='ltr'>(Ἴ</span> <span class='ocrx_word' id='word_1_276' title='bbox 915 4925 945 4976; x_wconf 65' lang='lat' dir='ltr'>R.</span> <span class='ocrx_word' id='word_1_277' title='bbox 961 4925 1096 4976; x_wconf 76' lang='lat' dir='ltr'>Floreatta</span> <span class='ocrx_word' id='word_1_278' title='bbox 1111 4929 1156 4976; x_wconf 82' lang='lat' dir='ltr'>tua</span> <span class='ocrx_word' id='word_1_279' title='bbox 1172 4925 1262 4989; x_wconf 69' lang='lat' dir='ltr'>patria</span> <span class='ocrx_word' id='word_1_280' title='bbox 1276 4939 1331 4990; x_wconf 78' lang='lat' dir='ltr'>por.</span> <span class='ocrx_word' id='word_1_281' title='bbox 1393 4924 1463 4988; x_wconf 65' lang='grc' dir='ltr'>(ηε.</span> <span class='ocrx_word' id='word_1_282' title='bbox 1479 4925 1607 4990; x_wconf 61' lang='lat' dir='ltr'>meulent</span> 
     </span>
     <span class='ocr_line' id='line_1_34' title="bbox 503 4999 1473 5068; baseline 0.003 -18"><span class='ocrx_word' id='word_1_283' title='bbox 503 4999 530 5060; x_wconf 60' lang='lat' dir='ltr'>li)</span> <span class='ocrx_word' id='word_1_284' title='bbox 546 5000 572 5052; x_wconf 85' lang='lat' dir='ltr'>S.</span> <span class='ocrx_word' id='word_1_285' title='bbox 589 5003 640 5054; x_wconf 75' lang='lat' dir='ltr'>elil.</span> <span class='ocrx_word' id='word_1_286' title='bbox 871 5003 899 5066; x_wconf 82' lang='lat'>(⁸)</span> <span class='ocrx_word' id='word_1_287' title='bbox 914 5002 941 5053; x_wconf 84' lang='lat' dir='ltr'>S.</span> <span class='ocrx_word' id='word_1_288' title='bbox 957 5006 984 5053; x_wconf 87' lang='lat' dir='ltr'>ot</span> <span class='ocrx_word' id='word_1_289' title='bbox 1000 5003 1213 5068; x_wconf 71' lang='lat' dir='ltr'>regendae-E.</span> <span class='ocrx_word' id='word_1_290' title='bbox 1229 5003 1271 5055; x_wconf 86' lang='lat' dir='ltr'>rel</span> <span class='ocrx_word' id='word_1_291' title='bbox 1286 5002 1473 5068; x_wconf 65' lang='lat' dir='ltr'>gummula.</span> 
     </span>
    </p>
   </div>
   <div class='ocr_carea' id='block_1_4' title="bbox 504 5074 1404 5146">
    <p class='ocr_par' dir='ltr' id='par_1_4' title="bbox 504 5074 1404 5146">
     <span class='ocr_line' id='line_1_35' title="bbox 504 5074 1404 5146; baseline -0.009 -8"><span class='ocrx_word' id='word_1_292' title='bbox 504 5074 884 5146; x_wconf 64' lang='lat' dir='ltr'>tlttttnnrnouarneuc</span> <span class='ocrx_word' id='word_1_293' title='bbox 1086 5077 1404 5146; x_wconf 55' lang='lat' dir='ltr'>menube-upon.</span> 
     </span>
    </p>
   </div>
   <div class='ocr_carea' id='block_1_5' title="bbox 0 0 2281 6836">
    <p class='ocr_par' dir='ltr' id='par_1_5' title="bbox 0 0 2281 6836">
     <span class='ocr_line' id='line_1_36' title="bbox 0 0 2281 6836; baseline 0 0"><span class='ocrx_word' id='word_1_294' title='bbox 0 0 2281 6836; x_wconf 95' lang='lat' dir='ltr'> </span> 
     </span>
    </p>
   </div>
  </div>
 </body>
</html>
