4526 6836
718 957 764 1023 78
1106 967 1311 1024 commit
1335 969 1485 1024 tumul

718 1131 870 1188 causmn
899 1110 1052 1186 faciendi
1084 1110 1307 1208 singularem
1339 1109 1619 1206 descriptionem
1648 1108 1774 1204 patrio
1804 1109 1887 1214 Vir·

718 1231 804 1327 gilii,
822 1238 902 1306 tum
927 1231 1014 1325 quia
1034 1230 1122 1324 dux,
1138 1228 1308 1306 dominus
1333 1236 1371 1305 et
1395 1227 1569 1326 magister
1586 1249 1677 1306 suus
1696 1233 1789 1322 erat,
1806 1234 1886 1304 tum

721 1351 808 1446 quia
832 1349 1003 1446 llirgihus
1028 1341 1159 1442 lacit(¹)
1185 1349 1292 1424 istam
1317 1336 1594 1443 descriptionem
1620 1347 1747 1443 patriae
1772 1367 1860 1422 sue

793 1473 928 1544 Porcio.
955 1472 1026 1544 lsta
1050 1476 1104 1544 est
1130 1470 1238 1546 tertia
1264 1489 1348 1564 pars
1376 1468 1569 1566 generalis,
1595 1467 1632 1544 in
1662 1488 1736 1562 qua
1767 1467 1886 1564 Virgi-

719 1592 791 1666 lius
822 1592 905 1666 sarit
937 1590 1212 1687 digremionem,
1242 1609 1309 1683 per
1341 1609 1454 1682 quam
1487 1588 1571 1664 lacit
1607 1588 1886 1683 descriptionem

718 1712 873 1788 civitatis
896 1713 1065 1784 Mantua.
1086 1711 1129 1784 lit
1153 1709 1276 1804 incipit
1303 1709 1485 1784 modicum
1513 1729 1538 1784 a
1562 1709 1682 1806 longe,
1699 1716 1737 1784 et
1761 1715 1887 1784 narrat

719 1831 818 1926 quod
842 1832 910 1906 ista
934 1829 996 1905 diu
1021 1829 1191 1906 discurrit
1216 1850 1282 1925 per
1307 1831 1487 1904 muudum
1516 1834 1600 1923 post
1628 1835 1787 1904 mortem
1820 1851 1886 1924 pa-

719 1951 784 2026 tris
804 1951 987 2044 Thiresiae,
1004 1949 1148 2024 civitate
1169 1949 1378 2024 Thebarum
1396 1948 1555 2024 deducta
1573 1947 1610 2022 in
1627 1948 1883 2043 captivitatem.

717 2071 770 2145 hd
795 2069 893 2164 quod
915 2075 971 2144 est
986 2069 1148 2143 breviter
1165 2067 1353 2144 sciendum
1371 2067 1482 2162 qnod,
1499 2067 1595 2142 sicut
1610 2067 1735 2142 scribit
1748 2059 1785 2160 (²)
1803 2068 1885 2143 Sta·

717 2191 789 2264 tius
813 2189 877 2262 llll
902 2195 940 2263 et
964 2188 1092 2262 ultimo
1110 2187 1322 2281 Thebaidos,
1341 2186 1442 2262 finito
1459 2187 1555 2262 bello
1572 2187 1884 2282 damnabiliapud

716 2309 868 2402 Thebas,
882 2309 1053 2384 omnibus
1069 2315 1209 2403 septem
1227 2306 1376 2402 regibus
1393 2307 1581 2382 infeliciter
1598 2305 1755 2382 mortuis
1772 2306 1808 2380 in
1824 2307 1885 2382 illo

717 2429 814 2504 bello
851 2435 986 2524 praeter
999 2417 1036 2520 (³)
1073 2428 1193 2501 solum
1234 2446 1360 2522 regem
1398 2426 1607 2518 Adrastum,
1633 2425 1778 2500 duobus
1813 2426 1887 2502 lra-

717 2548 834 2622 trihus
858 2548 1020 2622 Ethiocle
1044 2553 1083 2621 et
1105 2546 1265 2622 Polinicu
1283 2545 1391 2620 dmul
1407 2533 1445 2637 (ἢ
1463 2543 1661 2620 crudeliter
1679 2543 1887 2638 interiectis,

718 2667 866 2760 quidam
884 2665 1043 2741 crudelis
1063 2672 1240 2762 tyrannus
1265 2665 1445 2740 thebanus
1464 2664 1613 2740 nomine
1633 2665 1752 2740 Creon
1777 2685 1887 2742 occu-

718 2787 816 2881 pauit
840 2785 1042 2860 dominium
1069 2783 1291 2878 Thebarum,
1309 2785 1373 2878 qui
1390 2784 1486 2859 inter
1504 2783 1575 2858 alia
1600 2784 1762 2860 crudelia
1781 2805 1886 2862 man-

715 2905 814 2981 dauit
839 2911 883 2979 ut
903 2924 1058 2998 corpora
1083 2909 1360 2999 peremptorum
1376 2895 1412 2995 (⁵)
1438 2904 1475 2978 in
1500 2904 1631 2999 proelio
1665 2925 1737 2979 uun
1763 2905 1886 2980 trade·

715 3015 845 3100 rentur
861 3025 1069 3119 sepulture.
1084 3023 1136 3096 Ex
1155 3035 1231 3117 quo
1248 3044 1345 3097 uxor
1360 3023 1529 3118 Capanei,
1545 3023 1655 3119 Tydei
1671 3030 1708 3098 et
1723 3024 1881 3100 aliorum

713 3145 865 3237 ducum,
886 3143 1097 3217 stimulante
1118 3162 1249 3217 amore
1265 3142 1431 3216 virorum
1454 3154 1701 3236 mortuorum,
1716 3163 1882 3218 accesse-

715 3271 802 3337 runt
819 3263 977 3337 llthenas
1002 3260 1048 3336 ad
1066 3261 1335 3355 implorandum
1358 3261 1538 3336 auxilinm
1556 3261 1672 3338 incliti
1690 3263 1829 3356 Thesei,
1847 3271 1883 3340 et

711 3381 943 3476 reperierunt
968 3380 1067 3474 quod
1084 3381 1161 3475 ipse
1185 3386 1273 3454 tunc
1289 3381 1558 3456 'revertebatur
1580 3401 1667 3456 cum
1694 3382 1878 3476 triumpho

712 3501 899 3577 avictoria
913 3501 1153 3594 Amazonum,
1166 3499 1305 3576 ducens
1317 3519 1445 3576 secum
1458 3501 1686 3597 llippolytem
1702 3503 1880 3598 reginam,

654 3688 660 3696 ,
712 3640 825 3715 quam
842 3621 1027 3696 devicerat
1034 3610 1073 3712 (⁶)
1091 3626 1129 3695 et
1144 3627 1393 3714 assumpserat
1409 3621 1447 3694 in
1464 3640 1594 3695 uxore.
1612 3622 1774 3698 Theseus
1791 3643 1881 3719 ergo

711 3747 834 3815 motus
862 3740 1032 3834 precibus
1065 3738 1263 3814 mulierum
1295 3739 1395 3814 venit
1429 3760 1514 3814 cum
1549 3760 1684 3837 magno
1715 3743 1880 3840 exercitu

710 3881 821 3954 supra
847 3859 999 3952 Thebas,
1028 3865 1158 3934 contra
1190 3878 1303 3952 quem
1336 3858 1518 3952 impotens
1548 3859 1730 3954 superbus
1762 3862 1881 3936 Creon

709 3979 831 4053 exivit.
858 3979 1018 4054 Theseus
1042 3983 1168 4053 autem
1195 3978 1252 4052 leo
1267 3969 1306 4069 (⁷)
1331 3978 1589 4073 magnanimus
1606 3979 1732 4053 nolens
1748 3969 1784 4070 (⁸)
1813 3999 1881 4054 en-

709 4099 871 4194 pendere
898 4097 991 4172 iram
1024 4117 1132 4172 snam
1166 4097 1204 4172 in
1236 4097 1398 4193 plebeios
1427 4098 1655 4174 discurrebat
1687 4119 1753 4194 per
1782 4100 1879 4176 acies

708 4240 879 4315 quaerens
914 4219 1033 4293 solnm
1071 4203 1280 4292 Creontem.
1321 4217 1441 4292 Creon
1475 4223 1601 4293 nutem
1639 4219 1799 4294 tuuosns
1841 4225 1878 4292 et

706 4341 828 4416 audax
868 4346 987 4414 morte
1023 4336 1227 4431 propinqua
1261 4335 1424 4412 mamare
1470 4337 1580 4432 coepit
1616 4345 1744 4414 contra
1783 4337 1876 4412 The·

706 4481 832 4536 setrrm
864 4479 938 4532 non
963 4457 1078 4530 hahes
1108 4475 1207 4530 nunc
1240 4475 1319 4530 rem
1351 4477 1437 4532 cum
1473 4457 1613 4553 puellis,
1640 4477 1713 4534 non
1746 4455 1875 4534 credas

709 4621 814 4634 W

767 4690 796 4752 t¹>
812 4689 843 4741 B.
860 4689 932 4742 lecit.
1499 4691 1525 4752 (Ἴ
1543 4695 1597 4752 111,
1613 4690 1744 4742 describit.

769 4767 795 4829 (⁸)
812 4767 842 4817 li.
859 4773 954 4832 praeter
971 4779 1067 4830 regem.
1079 4791 1105 4802 -
1117 4769 1171 4824 111,
1188 4769 1284 4828 praeter
1300 4765 1385 4817 solum
1401 4780 1489 4818 senem
1507 4767 1657 4818 Adrastum.

767 4843 794 4904 (ἢ
811 4847 864 4903 lto,
882 4841 1000 4893 similiter
1015 4840 1166 4892 interiectis.
1499 4842 1527 4906 (¹)
1543 4843 1568 4894 S.
1585 4844 1812 4905 interemptorum.

768 4921 795 4982 (⁸)
810 4920 843 4972 lt.
858 4919 996 4978 desimam,
1011 4922 1037 4970 et
1057 4919 1086 4970 tn
1108 4929 1218 4970 uxorem
1244 4921 1331 4981 pom
1351 4925 1534 4984 assumpserat.
1554 4920 1671 4972 Tm
1692 4931 1756 4982 ergo
1782 4919 1876 4982 pleuto

707 5002 793 5048 motus
808 5003 834 5048 et
851 4997 979 5061 precibus.

769 5075 795 5138 Γ)
813 5079 859 5126 tto
875 5089 890 5126 e
906 5074 938 5125 ll.
953 5078 984 5124 ut
997 5073 1048 5124 leo.
1443 5105 1445 5110 ·
1500 5073 1527 5137 (⁸)
1542 5073 1569 5126 S.
1584 5072 1683 5126 rolens·
