4550 6844
723 958 795 1026 476
1121 971 1324 1026 comarum
1347 971 1498 1026 lNFllliNl
1631 989 1636 1001 ·

722 1112 812 1186 divit
836 1113 882 1188 ad
907 1113 1162 1209 Asdrubalem,
1187 1115 1386 1190 etiterum
1412 1122 1684 1192 concurrerunt
1716 1137 1803 1192 cum
1834 1140 1898 1194 ro-

723 1231 852 1306 manis.
878 1233 918 1306 lu
944 1253 989 1307 eo
1013 1233 1143 1328 proelio
1168 1234 1286 1330 Scipio
1310 1234 1380 1308 tuit
1403 1235 1531 1309 victor.
1559 1235 1707 1332 Syphax
1736 1257 1804 1313 rex
1835 1259 1899 1314 re-

721 1351 816 1447 fugit
849 1351 886 1425 in
917 1371 1029 1426 suum
1060 1372 1218 1450 regnum
1252 1353 1445 1448 Numidiae,
1474 1374 1588 1448 quem
1623 1355 1827 1432 Massinissa
1860 1365 1898 1432 et

722 1470 856 1544 Laelius
871 1469 918 1545 de
934 1471 1106 1546 mandato
1124 1471 1300 1568 Scipionis
1315 1473 1498 1567 persecuti
1515 1473 1668 1549 luerunt
1684 1467 1720 1566 (¹)
1739 1495 1807 1570 per
1826 1475 1897 1550 iter

723 1590 932 1685 quindecim
957 1590 1114 1666 dierum.
1141 1592 1285 1667 interea
1309 1591 1428 1688 Scipio
1454 1594 1588 1668 multas
1617 1595 1896 1670 terrasPoeno-

725 1731 808 1785 rum
835 1710 968 1806 partim
992 1709 1041 1803 ri,
1063 1710 1197 1805 partim
1214 1711 1348 1786 timore
1364 1712 1471 1808 cepit,
1488 1720 1526 1788 et
1542 1712 1643 1788 venit
1666 1734 1754 1789 cum
1779 1713 1895 1811 legio-

724 1830 831 1904 nibus
851 1849 966 1925 prope
982 1829 1238 1926 Carthaginem
1252 1851 1320 1925 per
1332 1831 1539 1925 quindecim
1558 1832 1726 1908 miliaria.
1748 1833 1895 1930 Syphax

725 1957 848 2026 motus
885 1949 1056 2046 lacrymis
1088 1949 1323 2045 sophonishe
1361 1952 1488 2026 uxoris
1527 1973 1616 2046 sue,
1651 1960 1689 2028 et
1725 1954 1897 2049 precibus

723 2069 934 2144 Asdrubalis
964 2061 1209 2164 reparabat(¹)
1244 2070 1394 2145 bellum.
1426 2071 1472 2145 Et
1506 2071 1669 2147 breviter
1698 2073 1896 2148 commisso
2044 2115 2056 2136 ·

723 2189 855 2286 proelio
878 2209 966 2264 cum
991 2187 1193 2264 Massinissa
1217 2196 1255 2264 et
1279 2189 1401 2283 Laelio,
1421 2189 1549 2264 ridens
1565 2191 1716 2266 undem
1734 2211 1822 2267 suos
1838 2192 1897 2266 iu·

723 2330 814 2406 gere
823 2300 860 2402 (³)
873 2308 1080 2404 opponebat
1095 2327 1136 2382 se
1152 2307 1293 2382 fortiter
1309 2308 1494 2402 hostibus3
1508 2309 1572 2384 sed
1585 2310 1779 2384 vulnerato
1795 2329 1895 2404 equo

724 2429 862 2523 cecidb,
880 2435 917 2504 et
934 2436 1063 2524 captus
1079 2428 1212 2503 ductus
1233 2427 1301 2504 iuit
1319 2428 1367 2503 ad
1389 2428 1554 2502 Laelium.
1573 2430 1676 2526 Rege
1694 2437 1801 2524 capto
1821 2449 1895 2504 cas-

723 2551 788 2624 des
812 2549 880 2622 luit
904 2548 1046 2623 brevis:
1072 2547 1237 2642 quinque
1261 2547 1375 2622 millia
1400 2547 1561 2623 bostium
1581 2549 1701 2625 occisa
1716 2539 1767 2644 (⁸),
1788 2551 1894 2625 multi

724 2669 899 2766 fugeruut
923 2667 1065 2742 Cithara
1081 2657 1117 2758 (⁸)
1153 2667 1349 2760 civitatem,
1367 2687 1452 2762 quae
1469 2675 1549 2742 erat
1565 2677 1677 2764 caput
1701 2670 1807 2766 regni
1824 2690 1895 2744 nu·

724 2787 856 2862 midici.
883 2788 984 2861 Tunc
1009 2785 1211 2860 Massinissa
1235 2785 1352 2860 iactus
1376 2786 1576 2861 animosior
1595 2807 1664 2883 pro
1682 2807 1772 2884 rege
1788 2795 1895 2885 rapto

723 2917 762 2985 et
786 2928 903 3005 regno
927 2913 1158 3002 recuperato,
1178 2905 1386 3001 impetravit
1409 2928 1433 2980 a
1457 2907 1567 2981 Laelio
1594 2913 1636 2980 ut
1659 2915 1782 3003 posset
1807 2927 1894 2982 cum

723 3029 889 3123 equitatu
921 3033 958 3102 et
989 3045 1079 3122 rege
1109 3025 1255 3120 captivo
1285 3044 1515 3120 precurrere
1544 3025 1712 3100 celeriter
1745 3025 1794 3100 ad
1827 3046 1896 3100 ur-

724 3149 809 3224 bem
842 3147 995 3222 Citbam.
1025 3145 1107 3234 Quo
1137 3143 1246 3239 iacto,
1271 3144 1375 3219 Citba
1400 3143 1533 3219 tradita
1565 3142 1633 3217 luit
1662 3143 1730 3218 sibi
1759 3143 1895 3240 apertis

725 3267 838 3365 portis
862 3288 887 3341 a
910 3265 1068 3358 civibus3
1085 3263 1287 3339 Massinissa
1313 3263 1448 3338 relictis
1464 3263 1675 3338 custodibus
1700 3263 1746 3339 ad
1771 3269 1895 3358 portas

724 3392 966 3485 properanter
990 3383 1158 3480 pervenit
1171 3374 1209 3474 (⁶)
1227 3383 1274 3458 ad
1295 3383 1447 3479 regiam,
1473 3383 1535 3456 cui
1551 3383 1589 3456 in
1605 3382 1730 3458 limine
1754 3381 1896 3478 Sopho-

724 3506 828 3600 ubba
853 3503 1014 3578 occurrit
1037 3522 1148 3576 orans
1168 3501 1334 3576 debiliter
1359 3507 1397 3576 et
1421 3500 1630 3595 suppliciter
1655 3509 1698 3575 ut
1722 3500 1896 3576 liberaret

723 3646 809 3700 eam
833 3643 856 3698 a
881 3621 1051 3696 manibus
1076 3639 1330 3712 romanorum,
1353 3625 1392 3693 et
1416 3619 1463 3694 de
1488 3639 1533 3694 ea
1558 3618 1696 3694 laceret
1721 3621 1894 3714 quicquid

723 3744 884 3839 placeret
898 3731 936 3832 (⁷)
961 3739 1039 3835 sibi,
1057 3738 1150 3814 sicut
1168 3738 1216 3812 de
1241 3736 1394 3832 captiva.
1414 3737 1502 3811 Erat
1521 3743 1648 3812 autem
1670 3738 1895 3834 Sophonisba

723 3861 902 3958 sanguine
927 3861 1040 3954 clara,
1062 3864 1170 3934 aetate
1194 3857 1341 3950 florens,
1366 3856 1487 3930 iorma
1506 3857 1670 3951 corporis
1695 3858 1894 3954 excellens3

723 3982 805 4058 ideo
821 4001 895 4056 non
912 3986 1056 4054 tautum
1070 3968 1108 4071 (⁸)
1126 3997 1255 4074 preces
1280 3982 1479 4052 moverunt
1500 3977 1754 4072 Massinissam‚
1775 3999 1895 4073 quau·

724 4114 804 4181 tum
830 4101 939 4176 acies
963 4099 1053 4175 aius.
1086 4097 1289 4174 Massinissa
1322 4102 1449 4171 autem
1481 4095 1614 4170 ardens
1648 4096 1735 4170 vitio
1767 4097 1894 4191 aetatis,

723 4220 851 4316 paulae
879 4226 917 4294 et
948 4225 1104 4312 nature,
1135 4221 1293 4313 urgente
1323 4234 1464 4308 amore,
1489 4213 1588 4288 dedit
1612 4215 1679 4288 sibi
1709 4214 1831 4310 iidem,
1857 4223 1895 4291 et

723 4339 855 4416 eodem
879 4338 939 4414 die
962 4343 1161 4432 antequam
1186 4334 1328 4410 reniret
1346 4333 1464 4428 Scipio
1485 4334 1544 4408 vel
1564 4333 1706 4428 Laelius,
1725 4335 1788 4429 qui
1808 4354 1895 4429 pro·

723 4449 944 4555 pinquiord')
972 4463 1063 4550 erat,
1081 4453 1312 4551 desponsavit
1337 4472 1433 4546 eam,
1453 4451 1601 4528 vivente
1617 4453 1699 4528 viro
1716 4453 1893 4548 Syphace,

786 4685 814 4748 (¹)
830 4685 862 4736 E.
878 4690 939 4736 sunt
954 4697 1002 4748 per
1017 4687 1074 4738 lter.
1168 4686 1196 4749 (¹)
1212 4686 1239 4736 S.
1255 4686 1392 4749 repararit.
1501 4683 1529 4747 (⁸)
1545 4685 1571 4736 S.
1588 4683 1722 4748 aufugere.

785 4761 812 4822 (¹)
827 4759 854 4811 S.
870 4761 955 4812 ooolsa
970 4768 1039 4814 sunt.
1165 4762 1194 4825 (⁸)
1210 4761 1240 4812 E
1255 4761 1362 4813 Cirtam.
1499 4761 1527 4824 (⁸)
1543 4762 1569 4812 S.
1584 4762 1654 4813 venit
1669 4760 1702 4810 ad
1717 4760 1825 4824 mptum.

785 4835 813 4898 (¹)
830 4839 885 4897 tto,
901 4842 1042 4902 appeteret.

785 4911 812 4974 θ)
827 4913 858 4965 R
875 4919 976 4966 nutum
996 4915 1116 4980 precibus
1136 4917 1281 4970 Massinissa
1302 4919 1388 4966 motus
1408 4919 1456 4976 ast.
1472 4920 1600 4980 quantum
1620 4914 1687 4968 isole
1702 4914 1781 4966 illius.
1798 4911 1892 4966 Mud—

720 4988 790 5040 nlm
805 4995 902 5042 uuum.

785 5067 814 5128 t')
829 5067 861 5119 B·
877 5069 922 5134 qul
938 5071 1075 5136 propinqui
1091 5077 1174 5123 oront.
