4606 6840
749 947 889 1002 caurus
914 947 1102 1002 mensurus
1128 945 1303 1012 ouranos.
1532 933 1603 1001 eut

437 1109 573 1185 magna
598 1089 701 1184 eopia
721 1097 945 1186 serpentum,
967 1091 1053 1186 quia
1071 1097 1124 1166 est
1141 1087 1409 1184 ardentissima,
1427 1087 1508 1164 ideo
1525 1109 1604 1163 ser-

435 1215 573 1304 pentes,
601 1209 664 1306 qui
689 1229 757 1304 pro
783 1231 916 1308 magna
941 1218 1046 1308 parte
1071 1219 1158 1285 sunt
1182 1216 1325 1285 naturae
1354 1207 1603 1306 frigidissimae,

435 1329 591 1405 libenter
617 1336 810 1404 morantur
826 1323 861 1422 (¹)
889 1329 948 1425 ibi,
975 1331 1143 1426 quamvis
1175 1331 1287 1407 etiam
1320 1332 1437 1406 multa
1462 1349 1603 1404 uenena

435 1449 505 1524 sint
529 1449 768 1545 calidissima3
793 1456 831 1526 et
855 1451 975 1526 addit:
1011 1449 1056 1526 ud
1086 1473 1153 1525 ooo
1177 1443 1230 1525 oid
1260 1453 1310 1524 ob’
1323 1447 1360 1526 de
1383 1453 1422 1524 di
1445 1469 1555 1543 sopra
1580 1451 1606 1522 ’l

434 1591 516 1644 mor
539 1581 652 1645 rosso.
680 1569 734 1645 dd
758 1571 857 1667 quod
883 1579 969 1648 nota
989 1573 1088 1667 quod
1105 1594 1210 1648 mare
1227 1575 1387 1648 rubeum
1411 1570 1463 1645 sic
1488 1569 1603 1645 deno-

346 1777 351 1786 ,
435 1691 597 1767 minatur
623 1713 697 1766 non
721 1711 769 1767 ex
795 1702 928 1769 natura
954 1693 1022 1787 sui,
1048 1691 1111 1768 sed
1137 1714 1183 1770 ex
1210 1700 1342 1768 natura
1367 1709 1491 1768 arenae
1512 1709 1601 1783 suae,

435 1831 519 1909 quae
545 1812 661 1888 rubea
686 1820 762 1907 est;
788 1813 941 1889 undosi
966 1814 1119 1909 accipias
1143 1813 1190 1890 de
1214 1835 1312 1911 aqua
1344 1813 1447 1889 istius
1477 1811 1601 1906 maris,

431 1932 482 2008 ita
507 1943 562 2010 ast
586 1931 708 2007 viridis
733 1933 827 2010 sicut
852 1954 949 2027 aqua
975 1935 1133 2010 aliorum
1161 1935 1334 2030 marium,
1359 1941 1397 2010 et
1425 1939 1480 2010 est
1505 1953 1602 2007 unus

431 2053 532 2128 sinus
558 2053 682 2152 magni
709 2054 821 2130 maris
846 2055 991 2149 Oceani,
1018 2056 1081 2149 qui
1114 2062 1169 2130 est
1194 2055 1330 2130 divisus
1355 2054 1391 2128 in
1416 2054 1491 2129 duo
1516 2053 1603 2130 bra-

431 2175 523 2270 chia,
549 2175 684 2252 seilicet
708 2175 892 2272 persicum
924 2185 962 2253 et
992 2175 1202 2270 arabicum3
1232 2176 1331 2251 unde
1363 2179 1529 2251 aromata
1562 2180 1599 2249 et

431 2295 670 2372 mercimonia
695 2295 856 2389 orientis,
883 2295 977 2370 sicut
1000 2296 1103 2391 piper
1133 2304 1171 2371 et
1199 2295 1270 2371 alia
1295 2294 1488 2390 odorifera,
1515 2312 1599 2389 quae

430 2415 590 2512 plurima
610 2422 813 2490 naseuntur
837 2415 874 2490 in
899 2415 1045 2510 Arabia,
1062 2415 1279 2492 deteruntur
1296 2436 1362 2511 per
1379 2414 1475 2490 istud
1493 2433 1599 2489 mare

432 2535 592 2610 rubeum
617 2535 654 2608 in
681 2541 849 2610 nostrum
868 2556 972 2611 mare
989 2535 1311 2612 mediterraneum.
1330 2538 1370 2610 ln
1387 2534 1600 2632 regionibus

433 2675 524 2751 ergo
540 2655 787 2750 orientalibus,
802 2676 884 2751 quae
902 2662 988 2730 sunt
1007 2677 1120 2752 supra
1136 2676 1241 2731 mare
1262 2655 1433 2750 rubeum,
1447 2662 1502 2730 est
1520 2675 1600 2728 ma-

432 2797 505 2872 gna
529 2775 752 2851 abundantia
777 2783 988 2872 serpentum
1014 2777 1283 2875 incognitorum
1303 2775 1513 2873 regionibus
1531 2795 1598 2849 no-

431 2897 525 2991 stris,
551 2904 588 2972 et
611 2896 795 2992 praecipue
820 2898 856 2971 in
882 2897 992 2992 ludia,
1018 2898 1111 2974 sicut
1142 2899 1305 2973 scribunt
1334 2918 1462 2974 omnes
1491 2905 1598 2972 auto-

431 3037 507 3111 res3
533 3023 571 3092 et
594 3017 665 3092 boe
688 3017 789 3093 dico:
814 3039 864 3110 se,
890 3017 992 3113 idest,
1009 3019 1040 3094 si
1057 3018 1133 3113 ipsa
1150 3038 1262 3093 arena
1279 3019 1412 3116 Lybiae,
1424 3019 1596 3112 produce,

428 3136 496 3211 ista
520 3157 659 3233 genera
683 3144 909 3233 serpentum,
935 3138 1081 3234 scilicet,
1106 3141 1261 3230 chelidri,
1277 3139 1393 3230 Jooult
1421 3160 1440 3211 e
1462 3140 1597 3231 pitoree

428 3277 447 3329 e
471 3260 587 3330 ceneri
610 3277 676 3330 ooo
700 3259 906 3350 oofidbeao,
926 3264 963 3333 et
988 3258 1058 3332 alia
1085 3257 1212 3352 multa,
1230 3256 1427 3353 dequibus
1450 3257 1594 3332 dicetur

427 3375 464 3448 in
489 3376 558 3450 isto
583 3377 740 3472 capitulo
766 3385 804 3454 et
828 3377 1005 3472 sequenti.
1027 3377 1080 3452 Ad
1098 3378 1372 3475 intelligentiam
1393 3397 1482 3474 ergo
1507 3374 1596 3452 istu-

427 3516 512 3570 rum
538 3504 751 3594 serpentum
778 3505 833 3573 est
858 3499 916 3573 bio
933 3499 1029 3574 bene
1045 3497 1364 3593 considerandum,
1383 3495 1481 3594 quod
1507 3498 1595 3574 cbe-

426 3615 541 3691 lidrus
557 3623 613 3692 est
629 3637 789 3714 serpens,
804 3639 916 3713 quem
930 3619 1056 3695 dicunt
1068 3639 1148 3696 esse
1161 3623 1238 3694 tam
1254 3619 1466 3713 aquaticum
1481 3639 1594 3712 quam

426 3749 682 3834 campestrem,
695 3749 733 3816 et
750 3739 833 3814 inde
849 3741 1093 3836 compositum
1110 3746 1165 3816 est
1182 3759 1334 3834 nomen,
1348 3739 1478 3814 obelon
1495 3738 1592 3814 enim

426 3877 558 3954 graece,
583 3857 694 3934 latine
719 3865 830 3955 terra,
849 3866 885 3935 et
911 3860 991 3936 idor
1006 3851 1042 3952 (²)
1070 3882 1178 3954 aqua.
1206 3861 1267 3934 Est
1291 3865 1417 3935 autem
1443 3879 1593 3954 serpens

426 3977 532 4052 ouius
556 3978 706 4055 dorsum
732 3979 888 4076 lumans,
915 3988 1053 4056 terram
1086 3980 1231 4055 fumare
1260 3980 1355 4074 lacit,
1382 4000 1448 4074 per
1479 3999 1592 4076 quam

379 4179 382 4186 ,
426 4099 564 4194 transit,
582 4107 730 4196 propter
751 4101 926 4176 virtutem
944 4099 1087 4194 veneni,
1108 4100 1186 4174 sive
1203 4099 1327 4174 lumus
1344 4105 1451 4174 exeat
1469 4117 1514 4174 er
1534 4119 1591 4192 eo,

337 4293 345 4308 ,
424 4219 501 4296 sive
526 4241 572 4296 ex
598 4228 697 4298 terra
724 4243 837 4318 quam
862 4221 1008 4296 iumare
1033 4220 1140 4314 laeit3
1161 4220 1220 4295 bic
1244 4239 1394 4314 serpens
1418 4239 1486 4316 pro
1511 4239 1592 4293 ma·

422 4363 496 4438 gna
520 4350 626 4437 parte
651 4343 707 4418 sui
732 4341 1093 4436 ambulatdirectus,
1111 4339 1198 4435 quia
1223 4339 1252 4414 si
1278 4360 1318 4415 se
1337 4339 1495 4414 multum
1513 4345 1592 4414 tor-

421 4464 509 4538 serit
534 4463 623 4539 dum
649 4465 777 4560 currit,
802 4463 926 4538 statim
951 4469 1086 4559 crepat.
1107 4461 1267 4556 loculus,
1286 4467 1328 4534 ut
1350 4459 1435 4535 dicit
1455 4459 1591 4534 Plinius

422 4582 460 4656 in
484 4583 641 4659 naturali
658 4583 818 4678 historia,
837 4589 892 4658 est
908 4602 1058 4677 serpens
1074 4583 1195 4656 alatus
1211 4577 1444 4676 ejaculando
1460 4578 1591 4674 dictus,

423 4702 486 4797 qui
500 4693 537 4796 (³)
564 4703 602 4778 in
625 4704 819 4779 arboribus
840 4703 956 4778 latens
976 4701 1088 4779 inlioit
1108 4701 1262 4797 fruetus,
1279 4707 1316 4776 et
1336 4699 1400 4795 qui
1420 4699 1592 4775 comede-

484 4918 512 4981 Γ]
527 4917 558 4969 R
574 4923 711 4970 morantur
726 4919 820 4972 ibidem
836 4921 864 4972 ln
879 4919 975 4984 calore,
991 4919 1116 4986 quamvls

484 4991 512 5056 Γ)
528 4995 559 5044 ll.
575 4995 633 5046 ldor
648 5007 722 5061 aqua,
739 5009 785 5047 ren
800 4997 889 5061 ydror.
905 4997 960 5048 Est.

484 5069 583 5134 i'lllt,
600 5074 659 5138 qula
675 5073 811 5126 mborim
826 5073 916 5125 luten.
