4606 6840
733 901 805 972 226
1128 915 1330 972 commorunt
1354 917 1503 970 rursum

732 1059 875 1134 videtur
900 1060 1004 1134 litera
1031 1060 1139 1154 clara,
1169 1061 1264 1136 unde
1288 1060 1438 1136 dicitzt'l
1460 1063 1578 1152 lodro,
1600 1059 1737 1138 scilicet
1757 1061 1900 1136 Vannes

733 1179 866 1253 lucius
890 1178 936 1254 de
961 1179 1124 1273 Pistorio,
1152 1172 1233 1253 olzd
1258 1183 1289 1253 lc
1315 1183 1424 1272 maai,
1441 1181 1576 1256 scilicet
1597 1190 1724 1256 contra
1750 1179 1900 1273 omium,

731 1321 797 1373 con
822 1299 987 1373 ombeduc
1011 1304 1043 1373 le
1062 1303 1161 1392 ficte,
1187 1307 1224 1376 et
1240 1300 1332 1377 iacie
1348 1301 1494 1396 furiata,
1516 1301 1614 1376 irose
1629 1293 1678 1394 (¹),
1699 1301 1900 1391 amanam

731 1422 804 1493 tolli
828 1422 908 1510 Dio,
933 1421 984 1491 clt’
997 1440 1023 1491 o
1048 1426 1078 1492 te
1102 1422 1133 1493 le
1156 1423 1327 1514 spuadro,
1348 1421 1452 1516 quasi
1469 1421 1583 1496 dicat:
1602 1421 1695 1498 lacio
1715 1420 1790 1512 tibi,
1809 1419 1900 1496 etin

731 1538 942 1632 despectum
968 1547 1087 1615 tuum.
1113 1538 1184 1614 Sed
1218 1561 1335 1633 quare
1363 1547 1474 1615 autor
1504 1540 1606 1638 lingit
1637 1539 1746 1613 istum
1777 1539 1897 1613 turem

732 1660 858 1734 iecisse
883 1659 992 1733 talem
1017 1666 1141 1734 actum
1168 1665 1343 1755 turpem?
1368 1661 1476 1736 Certe
1502 1669 1543 1734 ut
1573 1661 1703 1734 molius
1733 1659 1900 1734 ostendat

732 1786 903 1855 naturam
928 1779 1029 1856 istius
1054 1780 1210 1854 hominis
1234 1780 1400 1856 diabolici
1430 1773 1555 1875 (μήθ),
1584 1780 1681 1856 ultra
1706 1781 1777 1856 hoc
1801 1778 1901 1873 quod

729 1898 850 1974 luerat
875 1898 1054 1974 violentus
1079 1901 1173 1974 latro
1198 1905 1235 1976 et
1264 1900 1519 1978 fraudulentus
1552 1901 1623 1995 sur,
1656 1908 1738 1976 erat
1769 1919 1900 1994 super-

730 2017 912 2113 bissimus,
936 2018 1245 2114 iracundissimus,
1271 2020 1517 2115 blasphemus,
1543 2027 1580 2096 et
1609 2041 1701 2094 suus
1728 2039 1808 2094 mos
1832 2038 1900 2094 an-

730 2139 892 2233 tiquatos
907 2129 944 2230 (³)
969 2146 1061 2232 erat,
1086 2138 1186 2233 quod
1211 2140 1332 2216 statim
1359 2161 1445 2214 curn
1471 2147 1551 2215 erat
1581 2140 1696 2214 iratus
1720 2158 1901 2232 quacum·

730 2278 804 2352 que
827 2257 875 2332 de
899 2278 1011 2332 causa
1036 2259 1300 2352 prorumpebat
1333 2259 1370 2332 in
1403 2259 1666 2354 blasphemiam
1699 2258 1774 2350 Dei,
1806 2256 1901 2332 sicut

729 2377 842 2472 aliqui
878 2377 1059 2453 maledicti
1092 2398 1238 2473 semper
1274 2379 1412 2455 iaciunt
1446 2380 1535 2454 nihil
1565 2381 1684 2454 Deum
1720 2379 1899 2454 timentes.

729 2500 806 2573 lloc
830 2506 956 2574 autem
982 2497 1066 2572 iecit
1091 2506 1128 2574 et
1152 2498 1264 2572 dixit:
1291 2503 1330 2572 ol
1349 2502 1420 2592 fiae
1444 2502 1488 2574 de
1503 2503 1535 2572 le
1550 2521 1611 2574 sue
1622 2503 1764 2592 parole,
1781 2519 1828 2574 er
1845 2499 1901 2572 ira

731 2625 917 2714 concepta,
943 2617 1029 2713 qula
1053 2624 1163 2692 autor
1176 2607 1213 2710 (⁴)
1239 2617 1429 2694 detexerat
1449 2619 1590 2694 lurtum
1613 2641 1737 2714 suum,
1754 2619 1801 2692 de
1825 2638 1901 2711 quo
1925 2697 1932 2710 ,

731 2744 873 2814 arserat
898 2738 1134 2832 verecundia,
1159 2738 1241 2820 ideo
1266 2746 1456 2814 exarserat
1481 2740 1518 2813 in
1550 2740 1655 2814 iram.
1687 2741 1732 2812 Et
1756 2745 1902 2813 ostensa

732 2859 972 2935 obstinatione
996 2859 1170 2954 protervi,
1194 2859 1350 2934 ostendit
1369 2861 1507 2955 justam
1525 2861 1702 2936 ultionem
1724 2879 1808 2952 quae
1829 2865 1903 2932 sta-

732 2979 797 3053 tim
821 2985 947 3054 secuta
973 2985 1039 3073 est,
1064 2998 1149 3073 qum
1174 3000 1320 3054 summe
1344 2980 1480 3074 placuit
1509 2980 1587 3054 sibi.
1616 2980 1718 3054 Unde
1731 2975 1845 3052 dicit:
1873 2981 1903 3050 le

730 3103 826 3192 setpl
849 3103 897 3173 ml
918 3104 981 3194 sur
1005 3102 1149 3191 ammte,
1177 3120 1261 3194 quae
1287 3100 1503 3175 naturaliter
1535 3106 1621 3174 sunt
1652 3098 1808 3173 inimicae
1837 3098 1904 3171 ho-

732 3219 832 3313 mini,
858 3221 907 3293 do
931 3222 1006 3294 tadi
1029 3222 1066 3296 tn
1091 3239 1174 3312 pau,
1201 3220 1288 3313 quia
1312 3221 1360 3294 ab
1385 3221 1446 3294 illa
1473 3222 1564 3294 hora
1589 3219 1626 3292 in
1651 3225 1760 3294 antea
1779 3216 1902 3292 amavi

732 3360 806 3416 eas.
834 3339 905 3413 Per
930 3340 1000 3414 hoc
1024 3332 1181 3432 autord)
1209 3341 1270 3414 dat
1295 3340 1458 3436 intelligi,
1477 3340 1577 3434 quod
1602 3339 1658 3413 vir
1683 3339 1825 3433 sapiens
1850 3337 1905 3410 in-

733 3459 877 3534 terdum
893 3459 994 3553 juste
1019 3465 1056 3532 et
1080 3459 1158 3534 sine
1182 3460 1464 3555 reprehensione
1481 3462 1626 3534 laetatur
1646 3470 1684 3536 et
1702 3458 1906 3532 delectatur

732 3578 880 3674 quando
909 3578 1007 3653 videt
1037 3569 1223 3653 hominem
1253 3579 1440 3654 crudelem
1468 3586 1658 3673 tamquam
1684 3584 1904 3674 serpentem,

732 3706 771 3775 et
811 3698 1026 3773 naturaliter
1067 3698 1256 3772 inimicum
1299 3699 1455 3773 hominis
1496 3700 1746 3776 destruentem
1789 3697 1904 3772 alium

733 3817 990 3914 pravissimum
1005 3807 1041 3910 (⁶)
1069 3824 1107 3892 et
1131 3818 1343 3913 pessimum,
1369 3819 1464 3893 sicut
1489 3839 1586 3914 saepe
1608 3817 1795 3916 contingit,
1817 3815 1904 3909 quia

619 3941 633 3966 ⁴
732 3940 802 4014 hoc
827 3938 922 4014 cedit
935 3927 972 4029 (⁷)
999 3939 1046 4013 ad
1071 3946 1251 4014 terrorem
1270 3941 1454 4013 malorum
1473 3946 1511 4014 et
1527 3939 1817 4015 exhortationem
1837 3937 1905 4011 bo-

733 4078 887 4152 norum;
914 4057 995 4134 ideo
1021 4059 1057 4132 in
1083 4060 1152 4134 boc
1177 4058 1291 4156 diligit
1323 4080 1422 4154 eum,
1449 4080 1561 4154 quem
1591 4060 1692 4155 prius
1723 4059 1806 4133 odio
1838 4059 1905 4133 ha·

733 4179 880 4254 buerat:
906 4185 944 4254 et
969 4199 1056 4254 ecce
1073 4201 1237 4273 causam,
1254 4201 1372 4272 quare
1397 4187 1523 4276 postea
1549 4188 1736 4276 serpentes
1752 4181 1903 4255 luerunt

731 4298 799 4373 sibi
815 4299 955 4394 amicae,
971 4302 1088 4392 percl'
1099 4321 1171 4374 uam
1193 4303 1244 4391 pli
1258 4302 1414 4374 s’avooe
1428 4304 1547 4374 alloro
1567 4304 1606 4373 ol
1621 4303 1723 4391 collo,
1741 4308 1778 4376 et
1794 4301 1904 4374 strin-

734 4418 786 4492 xit
810 4424 847 4492 et
871 4418 1052 4493 obstruxit
1077 4418 1176 4494 riam
1202 4419 1300 4493 vocis
1314 4408 1351 4510 (⁸)
1377 4439 1425 4493 ue
1452 4426 1574 4515 posset
1604 4421 1759 4496 ulterius
1784 4420 1904 4516 loqui3

732 4537 814 4612 ideo
838 4537 947 4610 dicit:
973 4558 1069 4610 come
1093 4541 1244 4610 dicasse:
1269 4541 1292 4611 i'
1305 4559 1375 4610 nou
1395 4542 1449 4611 oo'
1462 4542 1522 4612 clm
1533 4535 1596 4632 pitl
1613 4543 1721 4632 dete,
1739 4541 1825 4634 quia
1846 4540 1903 4614 ni-

793 4716 820 4776 (¹)
837 4713 867 4764 ll.
881 4713 980 4778 jocoso.
1396 4716 1425 4778 (¹)
1442 4722 1496 4780 llo,
1513 4719 1573 4782 quia
1589 4719 1659 4770 ultra
1676 4719 1734 4770 hoo

795 4789 821 4852 (⁸)
838 4791 868 4842 lt
885 4792 1085 4855 mttqutsstmus
1398 4796 1426 4857 (⁸)
1442 4795 1473 4846 li.
1489 4796 1592 4846 auctori
1607 4797 1707 4848 dixerat
1723 4795 1834 4848 lunum.

793 4866 822 5006 g}
837 4867 868 4995 ξ.
884 4871 978 4996 ευῑἮῑ
988 4874 1065 4921 autor
1081 4871 1124 4922 dat
1140 4869 1261 4934 intelllgi.
1398 4870 1425 4934 (⁸)
1441 4871 1472 4922 Ε.
1490 4871 1676 4936 pravissimum,
1693 4871 1768 4923 deut.

861 4980 868 4995 .
885 4957 940 4995 coar
979 4982 986 4997 .

795 5020 822 5083 (“)
838 5021 863 5072 S.
880 5025 992 5086 gutturis
1007 5025 1077 5076 rocla
1092 5037 1125 5076 na
1141 5024 1315 5090 parret-B.
1330 5025 1399 5076 vlam
1415 5025 1485 5078 rools
1500 5037 1554 5076 sno
1568 5029 1666 5075 utnon
1682 5028 1776 5086 posset.
