4534 6842
695 941 764 1008 150
1089 949 1294 1005 conantum
1319 947 1470 1003 trimatu

692 1097 777 1192 ruit,
803 1098 851 1172 ita
878 1096 977 1191 quud
1003 1115 1075 1170 non
1100 1093 1217 1192 potuit
1240 1093 1320 1169 lieri
1346 1091 1504 1167 vindicta
1528 1092 1576 1167 de
1600 1111 1658 1188 eo,
1684 1093 1760 1168 imo
1785 1093 1862 1190 ipse

692 1217 775 1292 lecit
800 1215 994 1292 vindictam
1020 1215 1067 1290 de
1091 1215 1191 1290 omni
1216 1213 1385 1291 distracio
1411 1213 1506 1288 lacto
1535 1212 1601 1287 sihi
1626 1214 1675 1288 ab
1708 1213 1795 1310 istis,
1821 1222 1863 1289 ut

691 1336 882 1430 videbis3e
906 1340 994 1430 quei,
1012 1335 1147 1412 scilicet
1171 1334 1368 1429 Aliclrinus,
1385 1326 1514 1408 dmzzd
1529 1335 1558 1406 it
1575 1341 1666 1427 petto
1690 1355 1772 1408 suso
1798 1356 1862 1408 oo-

691 1459 810 1550 lando,
837 1475 884 1530 ne
916 1462 1084 1551 tangeret
1109 1456 1237 1550 picem.
1253 1493 1302 1510 —
1320 1459 1401 1527 Non
1433 1455 1631 1526 altimenti.
1658 1453 1722 1529 Hic
1751 1462 1861 1531 autor

691 1575 861 1650 describit
887 1576 1114 1666 ¹mersionem
1149 1574 1323 1669 Ciampoli
1359 1580 1396 1649 et
1428 1573 1676 1648 reversionem
1710 1575 1860 1650 tlichini

691 1718 757 1792 per
782 1716 896 1770 unam
922 1695 1247 1791 comparationem,
1266 1703 1303 1772 et
1323 1693 1409 1769 dicit
1433 1693 1595 1769 breviter
1619 1694 1718 1786 quod
1740 1694 1862 1769 Ciam-

691 1818 797 1913 pulus
831 1815 880 1890 ita
912 1835 952 1890 se
981 1815 1109 1890 mersit
1140 1814 1176 1888 in
1202 1815 1319 1910 picem
1332 1807 1368 1906 (¹)
1396 1819 1433 1888 et
1462 1813 1578 1890 evasit
1602 1813 1649 1888 ab
1675 1815 1861 1911 unguibus

691 1935 842 2012 Alichini
864 1936 993 2011 inleste
1009 1935 1261 2032 persequentis
1282 1954 1382 2029 eum,
1402 1933 1496 2010 sicut
1512 1933 1709 2028 aliquando
1725 1925 1861 2027 anas(²)

692 2077 733 2132 se
758 2055 892 2152 mergit
916 2055 953 2129 in
977 2075 1114 2149 aquam
1140 2062 1177 2129 et
1201 2053 1323 2130 evadit
1341 2053 1389 2128 ab
1414 2053 1601 2150 unguibus
1627 2055 1775 2130 falconis
1793 2057 1862 2130 lao-

691 2177 818 2251 stiliter
843 2175 1045 2251 invadentis
1070 2195 1165 2251 earn.
1193 2175 1284 2250 ¹lticit
1309 2194 1418 2271 ergo:
1445 2176 1596 2248 tantun
1620 2178 1781 2268 suuoffu
1800 2172 1860 2266 piri

690 2299 728 2370 di
743 2297 848 2385 douo,
865 2294 968 2388 idest,
987 2295 1120 2391 mergit
1133 2285 1169 2386 (³)
1196 2315 1237 2368 se
1262 2294 1394 2388 subito,
1415 2297 1558 2386 mondo
1574 2297 1600 2368 'l
1612 2297 1732 2388 [alcon
1755 2297 1861 2387 s'up-

687 2436 827 2508 pressa,
853 2414 988 2489 scilicet
1017 2414 1095 2510 sibi,
1122 2421 1155 2488 et
1183 2417 1228 2505 ei,
1253 2413 1388 2489 scilicet
1419 2413 1524 2508 lalcc,
1548 2417 1688 2488 ritorna
1712 2435 1753 2486 su
1777 2435 1861 2486 cru-

690 2539 794 2627 ciato,
812 2534 913 2629 idest,
932 2535 1048 2609 iratus
1066 2534 1152 2630 quia
1179 2533 1299 2609 amisit
1318 2533 1529 2630 praedam,c
1552 2541 1657 2630 rouo,
1675 2535 1760 2630 quia
1778 2535 1860 2609 lati-

689 2661 798 2752 gatus
815 2655 901 2729 nilril
918 2655 1080 2750 proiecit,
1097 2675 1171 2728 non
1186 2657 1386 2746 emicunt,
1400 2675 1513 2749 quam
1532 2675 1631 2730 nunc
1650 2655 1859 2750 Ciampolus

690 2795 731 2849 se
755 2773 883 2850 mersit
895 2760 932 2866 (⁸)
960 2779 996 2848 et
1021 2773 1205 2848 Alichinus
1240 2775 1378 2848 redivit
1406 2775 1449 2848 lit
1474 2776 1532 2849 hic
1566 2781 1653 2851 nota
1678 2781 1857 2871 quantum

690 2895 755 2970 ista
774 2893 1000 2989 comparatio
1015 2893 1062 2968 sit
1078 2894 1299 2970 conveniens
1323 2895 1517 2991 proposito.
1540 2895 1647 2970 Falco
1664 2895 1760 2972 enim
1781 2897 1860 2971 avis

690 3016 816 3092 volans
836 3017 920 3109 alte,
939 3035 1051 3110 rapax
1078 3015 1184 3090 valde
1208 3014 1304 3091 bene
1329 3015 1464 3112 figurat
1489 3015 1693 3090 nitelinam
1719 3017 1857 3090 alatum

689 3145 728 3213 et
761 3142 969 3232 unguntum
988 3127 1051 3230 (⁵);
1088 3154 1177 3210 anas
1210 3155 1301 3211 vero
1333 3136 1428 3212 bene
1461 3135 1598 3232 figurat
1630 3136 1858 3231 Ciampolum

690 3264 727 3332 et
743 3275 894 3331 omnem
911 3253 1153 3349 necatorium,
1171 3254 1256 3348 quia
1283 3275 1373 3330 anas
1390 3262 1446 3330 est
1470 3257 1608 3330 animal
1632 3256 1860 3352 aquaticum,

689 3377 863 3472 palustre,
877 3384 1004 3469 aptum
1022 3373 1069 3450 ad
1086 3375 1300 3470 natandum,
1314 3375 1401 3469 quia
1415 3375 1525 3452 habet
1545 3376 1654 3472 pedes
1672 3377 1861 3452 membra-

690 3498 801 3591 nales,
833 3495 928 3569 sicut
957 3494 1024 3568 iste
1057 3500 1159 3569 natat
1189 3495 1225 3568 in
1256 3502 1385 3592 stagno
1419 3498 1505 3591 ist03
1531 3517 1620 3571 anas
1645 3505 1700 3574 est
1723 3495 1858 3572 animal

689 3617 850 3714 gurdam
877 3621 914 3690 et
938 3613 1109 3690 aviditate
1133 3613 1203 3688 cibi
1229 3614 1340 3688 intrat
1372 3615 1463 3690 retia
1485 3622 1527 3691 et
1552 3616 1782 3710 illaqueatur,
1809 3615 1857 3690 ita

689 3734 894 3810 baratarius
911 3741 966 3808 est
990 3732 1144 3828 cupidus
1168 3740 1206 3808 et
1231 3733 1402 3809 aviditate
1427 3735 1519 3809 lucri
1545 3735 1655 3810 intrat
1681 3735 1798 3830 picem
1821 3741 1859 3810 et

688 3855 903 3948 inviscatur3
923 3874 1012 3929 anas
1028 3875 1114 3928 cum
1142 3860 1262 3928 rostro
1288 3873 1356 3927 suo
1382 3854 1516 3928 seratili
1534 3844 1570 3946 (ὅ)
1590 3855 1705 3950 carpit
1724 3855 1857 3929 herbas

689 3983 727 4052 et
751 3995 898 4050 vermes
922 3981 959 4050 et
988 3975 1178 4071 pisciculos
1207 3975 1360 4050 latentes
1384 3973 1421 4048 in
1445 3975 1569 4049 herbis
1603 3973 1672 4049 sub
1697 3995 1795 4068 aqua
1821 3975 1857 4049 in

688 4097 810 4172 cibum
837 4116 968 4190 suurn,
994 4095 1045 4171 ita
1069 4094 1284 4170 baratarius
1299 4135 1348 4150 -
1363 4099 1470 4168 irato.
1489 4095 1554 4168 llic
1571 4103 1683 4172 'autor
1702 4094 1858 4170 ostendit

689 4216 875 4310 quomodo
904 4215 997 4290 alius
1029 4216 1174 4290 demon
1205 4221 1350 4309 sumpta
1385 4214 1575 4290 occasione
1612 4235 1659 4290 ex
1688 4215 1860 4290 evasione

689 4337 864 4431 Ciampoli
887 4335 1034 4412 devenit
1058 4336 1103 4409 ad
1130 4336 1247 4408 rixam
1275 4356 1361 4409 cum
1387 4335 1562 4431 praedicto
1578 4336 1751 4410 llichino.
1770 4336 1863 4412 Dicit

689 4476 803 4552 crgo:
833 4455 1043 4528 Calcudn'nu
1066 4459 1160 4528 iruto
1185 4458 1228 4530 dc
1253 4459 1290 4529 la
1314 4457 1424 4550 buffo,
1444 4456 1580 4532 scilicet
1596 4456 1683 4552 quia
1710 4458 1770 4532 ille
1796 4458 1863 4532 ba·

690 4575 847 4650 ratarius
861 4563 898 4664 (⁷)
916 4573 965 4650 ita
982 4575 1167 4649 deluserat
1191 4594 1279 4649 eum
1307 4583 1345 4651 et
1363 4577 1465 4671 alios,
1484 4583 1522 4651 et
1546 4582 1671 4652 tamen
1694 4575 1860 4674 gaudeus

689 4697 809 4790 ipsum
827 4694 985 4770 evasisse
1004 4713 1027 4768 a
1045 4695 1214 4769 manibus
1238 4693 1389 4770 llichini
1409 4695 1604 4772 declinavit
1627 4717 1668 4772 se
1683 4696 1856 4772 deorsum

752 4911 778 4968 i')
795 4909 825 4960 B.
841 4909 868 4960 ln
884 4910 948 4972 pice.
1019 4909 1046 4972 (¹)
1064 4913 1117 4972 tlt,
1134 4915 1233 4962 aum.
1327 4911 1354 4974 (¹)
1370 4911 1400 4962 E.
1417 4912 1556 4977 immergit

752 4985 778 5046 (⁸)
794 4985 821 5035 S.
836 4985 1052 5046 emerit-tlt,
1069 4985 1203 5037 immersit.
1328 4987 1355 5049 (¹)
1371 4988 1402 5038 E.
1420 4991 1562 5052 ungulatum
1580 4988 1661 5039 valde.
1680 4987 1837 5039 Anniano.

750 5063 778 5128 (⁸)
795 5066 848 5122 ¹¹⁸2
865 5061 990 5112 Wlffli-
1329 5064 1356 5126 Γ)
1374 5069 1428 5127 lta,
1445 5065 1589 5117 mutarim
1602 5065 1742 5118 demum
