4606 6840
670 944 740 1011 286
1066 957 1270 1014 oonnnrrnn
1293 961 1447 1014 rnrnnnr

668 1106 723 1174 est
746 1099 989 1195 dulcissimus,
1014 1097 1060 1176 nd
1082 1107 1119 1176 lo
1141 1095 1234 1195 nlla
1259 1106 1317 1178 del
1339 1105 1474 1178 oeccltio
1491 1105 1620 1196 padre,
1641 1101 1706 1196 qui
1728 1121 1839 1176 roca-

667 1227 726 1294 tus
751 1229 807 1296 est
830 1223 992 1318 Laertes,
1017 1220 1063 1298 ne*
1077 1227 1102 1298 'l
1124 1224 1235 1298 dodilo
1260 1245 1396 1314 amore,
1414 1224 1506 1299 idest
1531 1242 1639 1298 amor
1664 1224 1839 1298 honestus

667 1341 878 1438 coniugalis,
904 1346 939 1416 lo
964 1346 1049 1434 qool
1071 1345 1184 1417 dooeo
1205 1349 1269 1438 sor
1294 1347 1374 1418 lieto
1404 1347 1585 1437 Penelope,
1613 1343 1700 1437 quia
1725 1342 1839 1417 debe·

668 1464 753 1536 bam
770 1455 806 1554 (¹)
834 1463 970 1538 reverti
994 1464 1041 1538 ad
1066 1484 1163 1559 eam,
1189 1465 1276 1559 quia
1310 1464 1376 1538 luit
1412 1464 1645 1559 pulcerrima,
1681 1464 1839 1558 pudicis-

668 1582 760 1656 sima
786 1574 873 1674 et(²)
900 1583 973 1658 mei
997 1585 1258 1678 amantissima,
1281 1584 1376 1659 sicut
1400 1584 1523 1658 scribit
1541 1585 1736 1677 Homerus,
1755 1583 1839 1656 Vir-

666 1702 774 1798 gilius
807 1704 993 1799 etmulti,
1026 1705 1195 1799 quamvis
1225 1705 1335 1780 suerit
1350 1695 1388 1798 (³)
1423 1705 1582 1778 multum
1619 1705 1839 1781 infestatae

668 1822 792 1896 multis
816 1831 852 1897 et
878 1825 1020 1919 magnis
1045 1825 1188 1920 procis3
1215 1825 1338 1900 omnia
1365 1825 1445 1919 ista,
1470 1847 1542 1898 non
1573 1829 1691 1900 oincer
1713 1833 1838 1918 potero

668 1947 792 2018 deotro
817 1966 842 2017 o
867 1966 920 2018 noe
945 1948 967 2018 l
980 1948 1126 2038 ardore,
1143 1945 1247 2041 idest,
1267 1946 1456 2022 ardentem
1484 1945 1685 2042 appetitum
1712 1945 1837 2038 animi,

668 2068 766 2139 cl'io
791 2067 866 2140 eddi
889 2087 913 2138 a
937 2069 1092 2140 dioenlre
1116 2074 1251 2160 espen>
1276 2070 1334 2141 dol
1356 2069 1499 2158 mondo,
1521 2067 1704 2142 utstatim
1730 2066 1838 2160 dicet,

668 2209 687 2260 e
711 2190 844 2262 donor·
861 2191 1016 2262 omnnio
1040 2190 1098 2261 dol
1112 2191 1245 2278 valore,
1264 2187 1367 2282 idest,
1393 2187 1566 2262 vitiorum
1593 2194 1630 2262 et
1656 2188 1837 2262 virtutum

668 2307 870 2382 hominum.
889 2309 933 2381 Et
949 2308 1007 2382 hic
1021 2315 1107 2382 nola
1121 2308 1220 2401 quod
1236 2310 1370 2404 Ulyxes
1384 2309 1462 2382 vult
1474 2307 1596 2383 dicere
1611 2327 1685 2381 uno
1703 2307 1837 2382 verbo:

668 2429 719 2504 sui
746 2437 820 2504 lam
846 2429 908 2504 alti
934 2430 1063 2523 cordis,
1091 2429 1189 2524 quod
1223 2430 1291 2504 vici
1324 2429 1447 2504 omnia
1460 2417 1499 2521 (⁴)
1525 2429 1585 2503 illn
1610 2449 1695 2522 quae
1721 2429 1838 2502 solent

668 2550 816 2625 vincere
841 2561 878 2626 et
904 2550 1063 2625 retinere
1087 2549 1186 2623 domi
1212 2549 1411 2624 hominem.
1430 2548 1473 2622 nt
1499 2549 1611 2622 sumit
1635 2567 1836 2644 argumen-

668 2677 748 2744 tum
773 2671 820 2744 ab
844 2675 953 2744 relate
977 2669 1015 2742 in
1039 2675 1144 2764 patre
1168 2675 1206 2744 et
1231 2669 1316 2762 filio,
1334 2676 1370 2744 et
1387 2691 1410 2742 e
1426 2689 1518 2744 sexu
1536 2669 1574 2742 in
1595 2688 1728 2760 uxore3
1750 2687 1835 2742 nam

670 2798 773 2885 peter
798 2796 877 2865 erat
902 2810 1015 2865 senex
1045 2797 1081 2864 et
1111 2789 1206 2863 iilius
1236 2809 1342 2885 puer,
1368 2797 1406 2864 et
1440 2809 1536 2864 uxor
1570 2788 1731 2880 immina,
1756 2786 1838 2861 ideo

669 2930 742 2983 non
759 2915 865 2984 erant
881 2915 1045 3005 potentes
1069 2910 1116 2984 ad
1141 2909 1363 2984 obviandum
1382 2909 1587 2984 volentibus
1605 2908 1741 2982 inferre
1758 2906 1839 2980 vio-

668 3030 828 3106 lentiam.
855 3032 899 3104 Et
924 3030 1042 3125 primo
1071 3030 1188 3125 tetigit
1219 3051 1388 3104 amorem
1420 3028 1565 3104 filialem
1598 3025 1835 3101 fortissimum

670 3151 848 3245 omnium,
869 3150 955 3244 quia
981 3171 1046 3246 per
1073 3149 1188 3224 lilium
1207 3152 1318 3226 homo
1334 3155 1575 3224 conservatur
1596 3147 1632 3221 in
1657 3165 1756 3237 esse;
1778 3164 1837 3218 se·

667 3273 800 3366 cundo,
824 3292 992 3347 amorem
1017 3279 1225 3367 paternum,
1252 3271 1339 3366 quia
1363 3292 1387 3346 a
1411 3277 1516 3366 patre
1533 3271 1644 3344 homo
1662 3267 1788 3361 recipit
1798 3259 1836 3358 (⁵)

667 3413 770 3486 esse;
797 3393 915 3486 tertio,
940 3413 1109 3468 amorem
1136 3393 1310 3467 uxorium
1326 3383 1378 3486 (⁶),
1409 3392 1496 3485 quia
1529 3411 1625 3464 uror
1656 3397 1711 3464 est
1740 3388 1839 3464 socia

666 3512 713 3586 ad
749 3511 1026 3608 generationem
1065 3513 1225 3586 filiorum
1264 3519 1301 3586 et
1338 3512 1383 3586 ad
1421 3512 1693 3588 comitationem
1733 3511 1836 3584 labo-

667 3652 763 3704 rum.
790 3633 834 3704 Et
858 3630 943 3704 dicit
958 3621 1020 3723 (⁷):
1048 3632 1118 3705 hoo
1151 3631 1231 3704 dioo
1263 3631 1342 3725 luit,
1368 3633 1510 3722 quondo
1543 3633 1591 3703 mi
1621 3633 1767 3722 diporli’
1788 3632 1838 3702 do

671 3755 778 3824 Circe.
797 3751 851 3825 nd
868 3751 977 3825 huius
991 3741 1029 3843 (⁸)
1047 3751 1161 3826 literae
1179 3751 1453 3848 intelligentiam
1471 3750 1581 3826 debes
1598 3751 1705 3844 scire,
1726 3750 1836 3844 quod,

667 3870 760 3946 sicut
781 3871 904 3946 scribit
923 3873 1105 3948 Homerus
1124 3872 1160 3946 in
1177 3871 1337 3968 Odyssea
1357 3871 1517 3945 multum
1535 3870 1678 3965 diffuse,
1704 3872 1837 3966 Ulyres

666 3993 903 4090 peregrinans
927 4013 993 4088 per
1022 3993 1200 4067 mundum
1227 3991 1394 4087 pervenit
1410 3991 1447 4065 in
1467 3991 1607 4066 ltaliam
1632 3991 1680 4066 ad
1706 4013 1838 4086 quam-

667 4113 751 4187 dam
778 4113 947 4207 insulam,
964 4113 1002 4187 in
1022 4119 1193 4207 quaerat
1211 4111 1451 4186 famosissime
1468 4118 1506 4186 et
1522 4111 1782 4186 formosissima
1798 4103 1835 4204 (⁹)

670 4255 777 4330 maga
801 4234 1031 4328 incantatrix,
1049 4255 1133 4328 quae
1158 4235 1234 4308 suis
1260 4232 1442 4309 veneficiis
1468 4240 1505 4308 et
1531 4233 1668 4327 poculis
1694 4233 1836 4329 magice

667 4355 950 4431 transformabat
964 4355 1128 4430 homines
1145 4355 1182 4428 in
1194 4354 1337 4429 diversa
1355 4359 1519 4428 monstra
1532 4354 1724 4447 laerarum3
1738 4354 1837 4428 unde

667 4484 705 4550 et
721 4477 807 4551 socii
827 4477 947 4572 Ulyxis
965 4475 1229 4571 praevenientes
1245 4474 1437 4549 dominum
1454 4496 1564 4548 sunm
1583 4474 1734 4548 luerunt
1750 4494 1836 4547 mn-

728 4707 758 4772 (')
771 4709 801 4758 E.
818 4709 935 4760 debebn.
1404 4709 1430 4770 (’)
1447 4711 1477 4760 E.
1493 4716 1519 4761 cl
1537 4717 1619 4760 mater
1636 4710 1819 4760 amentissima.

728 4787 755 4848 (¹)
772 4785 802 4836 Ε.
819 4785 899 4836 literil
914 4785 1031 4837 ininsula
1048 4801 1062 4837 a
1079 4787 1168 4837 mullis
1183 4791 1210 4838 et
1227 4801 1241 4837 a
1257 4787 1366 4850 magnis.
1403 4785 1428 4846 (·)
1446 4785 1479 4836 Ε.
1495 4785 1582 4836 omnia
1598 4787 1646 4835 isla
1662 4785 1722 4836 vilia
1738 4800 1804 4850 qnae.

728 4864 755 4924 ‹¹›
771 4862 796 4912 S·
814 4863 921 4926 recepit.
1402 4864 1429 4924 (“)
1447 4867 1501 4924 tro,
1518 4863 1720 4914 uxorum-E.
1737 4864 1833 4914 uxorin.

729 4939 756 5077 q}
772 4939 803 5065 ξ.
820 4939 945 5067 {Jlslcitr
963 4941 1005 4993 hie
1023 4941 1160 4994 Diomedes
1176 4939 1310 4993 lule-s,
1328 4941 1361 4992 Et
1378 4941 1452 4992 dicit:
1469 4943 1520 4994 hoc
1535 4942 1605 5005 qnod
1621 4942 1679 4992 dico
1696 4939 1752 4992 luit.

729 5023 757 5156 ξ’)
772 5093 803 5142 R
820 5092 1007 5147 formosissima
1022 5097 1184 5158 incantatrix,
1200 5110 1258 5162 qun
1274 5096 1328 5148 mis
1344 5097 1473 5149 veneficiis
1489 5103 1515 5148 et
1532 5096 1632 5160 poculis
1646 5095 1760 5160 magiclo.
