4534 6842
679 937 748 1004 17⁰
1069 945 1273 1002 mnnnnurr
1298 945 1447 1000 lbrsslttll

675 1099 753 1166 stes.
778 1091 864 1166 ldeo
894 1090 1084 1186 proprium
1114 1090 1300 1183 epitheton
1335 1088 1608 1186 hypocritarum
1638 1089 1842 1168 astrosus

676 1212 747 1288 Sed
775 1211 860 1288 licet
890 1210 986 1286 irent
1018 1209 1128 1284 simul
1160 1230 1246 1286 curn
1284 1208 1480 1307 hypocritis
1514 1227 1586 1282 non
1616 1214 1739 1286 tamen
1766 1211 1845 1307 pari

676 1353 783 1426 passu
798 1324 848 1424 (¹).
881 1329 983 1405 Unde
1011 1329 1167 1405 ostendit
1197 1329 1404 1405 tarditatem
1434 1348 1578 1424 eornm,
1608 1328 1750 1406 dicens:
1784 1351 1846 1406 ata

675 1455 795 1545 quello·
820 1457 919 1542 qma
949 1457 1073 1524 staneu
1105 1444 1432 1542 mauspleus
1461 1471 1528 1543 per
1561 1453 1596 1524 10
1626 1470 1724 1543 peso,
1757 1452 1845 1545 quia

675 1592 788 1668 cappa
812 1577 893 1646 erat
917 1571 1040 1666 gravis
1065 1577 1103 1646 et
1127 1570 1248 1666 longa,
1266 1570 1317 1646 ita
1334 1569 1434 1664 qnod
1453 1590 1527 1644 non
1543 1575 1713 1664 poterant
1728 1571 1844 1666 ipsam

675 1691 890 1787 succingere
914 1697 952 1766 et
975 1689 1149 1786 crispare,
1174 1692 1234 1763 cha
1262 1691 1324 1764 noi
1351 1710 1497 1762 eranam
1521 1693 1616 1781 amvi,
1640 1694 1679 1765 dl
1702 1712 1846 1784 conpa-

673 1813 759 1904 ym'n
790 1811 841 1884 ad
868 1812 952 1901 ophi
976 1829 1097 1884 ntover
1126 1813 1277 1883 darton.
1309 1809 1362 1884 llli
1391 1810 1491 1884 ibant
1522 1810 1571 1884 ita
1603 1811 1721 1905 plane,
1745 1813 1844 1906 qnod

673 1936 872 2024 antequam
904 1929 1071 2006 iecissent
1107 1950 1222 2004 unum
1252 1950 1412 2025 passum,
1437 1930 1571 2006 Dantes
1602 1937 1640 2004 et
1673 1932 1844 2028 Virgilius

675 2051 836 2126 fecerant
861 2057 1020 2146 septem3
1045 2050 1094 2126 ita
1120 2050 1218 2143 quod
1242 2050 1289 2125 ad
1314 2069 1463 2126 omnem
1494 2051 1734 2126 mutationem
1761 2073 1844 2148 pas-

674 2193 737 2246 sus
756 2170 988 2247 inveniebant
1012 2189 1146 2244 novam
1172 2171 1394 2244 societatem.

746 2293 925 2365 Pcrch’th.
952 2290 1022 2364 lsta
1048 2295 1105 2364 est
1129 2289 1235 2364 tertia
1261 2309 1346 2383 pars
1370 2290 1562 2386 generalis,
1581 2290 1618 2364 in
1640 2313 1714 2385 qua
1728 2299 1841 2368 antor

673 2411 843 2488 describit
869 2410 964 2484 duos
995 2429 1147 2504 magnos
1179 2409 1385 2504 hypocritas
1415 2409 1621 2486 modernos.
1646 2413 1692 2486 Et
1721 2413 1842 2507 primo

676 2531 764 2626 petit
787 2552 809 2604 a
836 2528 983 2625 Virgilio
1008 2547 1114 2623 posse
1139 2527 1264 2603 videre
1288 2528 1449 2622 aliquem
1476 2529 1700 2624 singularem
1721 2539 1759 2608 et
1775 2554 1844 2610 nc-

677 2657 756 2724 tum
782 2648 1022 2744 hypocritam,
1046 2647 1192 2722 dicens:
1217 2651 1333 2740 percit
1347 2651 1382 2722 to
1410 2653 1450 2722 nt
1476 2651 1568 2722 duco
1596 2652 1687 2724 mro:
1718 2655 1845 2748 supple

675 2768 796 2866 petivi,
811 2769 935 2862 sn'cbe
959 2775 993 2841 tu
1019 2770 1110 2840 troci
1126 2770 1242 2860 menn,
1262 2770 1312 2840 ch'
1325 2771 1364 2842 ot
1386 2787 1488 2842 nome
1512 2789 1534 2841 o
1558 2772 1598 2843 nt
1617 2773 1705 2862 fatto
1729 2775 1761 2844 si
1784 2793 1844 2846 co-

674 2909 793 2984 nosoa,
811 2888 913 2982 idest,
929 2888 1089 2982 aliquem
1107 2888 1290 2962 famosum
1308 2889 1535 2983 hypocritam
1552 2889 1616 2982 qui
1632 2889 1759 2964 lecerit
1774 2892 1843 2966 ali-

675 3009 761 3103 quid
786 3007 925 3105 grande
950 3008 1089 3083 lacinns
1114 3009 1184 3082 sub
1210 3007 1382 3083 mantello
1408 3007 1618 3102 hypocrisis,
1635 3030 1654 3080 e
1674 3012 1767 3082 movi
1788 3013 1840 3101 qt·

674 3131 770 3204 occisi
793 3131 934 3202 intorno
956 3121 988 3201 si
1011 3131 1193 3218 audendo,
1221 3127 1324 3221 qnasi
1350 3127 1467 3202 dicat:
1487 3147 1560 3202 non
1577 3134 1632 3202 est
1649 3149 1741 3224 opus
1760 3149 1842 3205 ma·

675 3270 748 3344 gno
773 3248 948 3324 scrutinio
973 3248 1020 3323 ad
1045 3246 1339 3344 cognoscendum
1360 3246 1519 3340 aliquem
1542 3246 1636 3322 inter
1661 3253 1714 3323 tot
1738 3249 1842 3323 habi·

678 3377 738 3444 tus
763 3368 1032 3464 religiosorum,
1057 3373 1093 3441 et
1117 3373 1234 3444 sectas
1265 3367 1419 3460 multas,
1448 3365 1530 3441 ideo
1559 3367 1709 3442 faciliter
1740 3375 1844 3463 potes

591 3533 593 3543 ι
676 3506 899 3584 cognoscere
929 3493 967 3562 et
996 3505 1190 3562 secernere
1220 3485 1380 3580 aliquem
1405 3484 1628 3561 ambulando
1656 3487 1842 3582 continuo,

678 3607 764 3701 quia
790 3607 944 3680 materia
969 3612 1024 3682 est
1049 3606 1135 3680 satis
1159 3615 1327 3700 prompta
1347 3611 1386 3680 et
1409 3611 1506 3680 nota.
1537 3607 1581 3680 lit
1612 3605 1714 3703 fingit
1744 3609 1842 3701 quod

678 3733 877 3820 antequam
899 3725 1069 3822 Virgilius
1095 3724 1330 3820 responderet
1355 3745 1452 3799 unns
1475 3725 1606 3800 obtulit
1630 3745 1670 3802 sc
1694 3735 1842 3822 sponte,

677 3847 776 3923 unde
799 3845 906 3921 dicit:
925 3855 957 3920 et
980 3867 1028 3920 un
1053 3848 1220 3918 ch'intese
1235 3849 1417 3937 luparolo
1435 3853 1544 3936 hsce,
1561 3847 1631 3921 hoc
1646 3846 1728 3922 ideo
1745 3847 1842 3940 dicit,

676 3968 763 4064 quia
787 3969 933 4062 loquela
959 3973 1061 4042 tusca
1086 3966 1181 4040 inter
1205 3965 1294 4040 alias
1318 3965 1456 4040 italicas
1472 3973 1529 4042 est
1543 3958 1578 4059 (¹)
1598 3967 1759 4044 maxime
1780 3989 1843 4044 co·

674 4085 891 4185 gnoscihilis,
916 4093 953 4162 et
978 4086 1064 4180 quia
1089 4085 1156 4160 iste
1181 4091 1262 4160 erat
1286 4085 1529 4181 bononiensis,
1546 4093 1585 4161 et
1603 4085 1743 4162 vicinus
1761 4089 1843 4166 Flo-

676 4208 814 4300 rentiae,
833 4225 917 4300 qnae
934 4211 989 4280 est
1005 4205 1155 4280 confinis
1167 4205 1359 4298 Bononiae3
1373 4204 1448 4278 imo
1465 4211 1574 4279 antor
1591 4207 1723 4282 merito
1741 4207 1843 4306 lingit

676 4331 756 4423 hoc,
783 4327 870 4420 quia
896 4327 963 4400 iste
994 4325 1229 4400 commiserat
1258 4325 1296 4398 in
1328 4325 1510 4400 Florentia
1544 4333 1734 4419 peccatum
1768 4351 1843 4422 quo

676 4455 756 4524 erat
780 4447 975 4522 damnatus
1000 4443 1060 4538 ibi,
1081 4443 1163 4518 ideo
1188 4442 1339 4518 audiens
1356 4444 1510 4518 Dantem
1533 4445 1633 4540 loqui
1654 4447 1844 4526 llorentine

674 4565 805 4640 obtulit
829 4583 870 4638 se
895 4561 1016 4636 statim
1042 4562 1129 4655 sibi,
1154 4561 1235 4636 ideo
1259 4561 1367 4640 dicit:
1393 4555 1499 4654 pant
1525 4567 1563 4638 di
1585 4573 1683 4640 retro
1712 4587 1737 4639 a
1769 4573 1842 4662 not,

675 4685 761 4780 qnia
782 4685 862 4780 jam
888 4681 1048 4755 multum
1075 4681 1364 4756 transiveramns
1389 4702 1489 4777 eum,
1506 4703 1530 4756 o
1546 4688 1604 4758 voi
1619 4687 1679 4758 cte
1695 4695 1841 4780 omrem,

675 4804 867 4882 videbatur
892 4801 948 4876 isti
974 4801 1073 4895 qnod
1097 4801 1231 4878 Dentes
1257 4807 1295 4878 et
1319 4803 1490 4900 Virgilius
1518 4813 1726 4901 currerent,
1752 4808 1839 4902 quia

734 5059 763 5126 t'l
778 5059 805 5112 ⁸·
821 5074 895 5126 μω
913 5061 990 5113 nme
1008 5061 1089 5112 unte
1338 5059 1367 5126 (η
1383 5061 1414 5114 n.
1430 5067 1469 5114 en
1485 5063 1560 5116 rnre
1577 5061 1765 5128 menam
