4566 6844
740 911 810 978 552
1129 918 1333 976 connuruu
1356 917 1508 972 manum

736 1068 880 1166 cogitur
905 1067 951 1142 de
976 1064 1191 1141 necessitate
1216 1064 1342 1140 videre
1370 1063 1555 1140 diabolum
1583 1063 1619 1138 in
1646 1067 1779 1157 morte,
1806 1062 1905 1158 quod

737 1195 860 1264 tamer
885 1194 941 1264 est
966 1185 1215 1278 ridiculosum,
1236 1183 1302 1260 nisi
1328 1184 1550 1282 intelligatur
1574 1183 1747 1278 praedicto
1773 1181 1905 1277 modo,

735 1307 823 1404 quia
849 1307 984 1382 scilicet
1010 1308 1121 1380 lromo
1145 1296 1303 1398 sentit(⁴)
1331 1304 1410 1380 eius
1436 1303 1675 1380 tentationem
1697 1305 1772 1398 ·qui
1801 1303 1906 1380 adest

637 1409 641 1419 ⁸
736 1435 773 1506 et
797 1428 967 1524 proponit
984 1426 1133 1521 homini,
1151 1425 1250 1502 etad
1268 1424 1486 1500 memoriam
1505 1423 1646 1500 reducit
1665 1424 1787 1499 omnia
1807 1425 1905 1498 mala

735 1555 773 1624 et
796 1553 946 1643 peecata
965 1567 1049 1641 quae
1065 1545 1160 1640 lecit,
1181 1550 1223 1619 ut
1239 1544 1388 1620 inducat
1405 1545 1526 1640 ipsum
1544 1544 1581 1618 in
1597 1544 1902 1640 desperationem.

736 1669 909 1744 Diabolus
934 1687 1025 1764 ergo
1050 1687 1123 1742 non
1148 1672 1203 1742 est
1230 1686 1397 1762 magnus,
1416 1685 1483 1740 nec
1503 1685 1652 1760 parvus,
1679 1684 1747 1740 nec
1775 1664 1901 1760 turpis,

736 1811 804 1864 nec
829 1789 967 1884 pulcer,
990 1788 1056 1862 nisi
1077 1808 1122 1864 eo
1141 1785 1250 1861 modo
1274 1807 1350 1880 quo
1375 1785 1513 1860 dictum
1538 1791 1668 1862 est-
1681 1789 1730 1858 Lo
1746 1788 1902 1878 impera·

735 1893 813 1984 dor.
839 1908 904 1984 llic
929 1907 1099 1984 describit
1122 1907 1160 1981 in
1186 1905 1331 2002 speciali
1349 1905 1468 2000 ipsum
1486 1904 1695 1980 lucilerum
1714 1925 1737 1980 a
1759 1905 1902 2002 magni-

736 2029 860 2104 tudine
885 2036 922 2104 et
947 2027 1138 2104 mansione
1162 2025 1254 2122 eius,
1278 2024 1421 2102 dicens:
1442 2029 1476 2100 lo
1491 2027 1697 2118 imperudor
1721 2025 1778 2098 det
1801 2027 1902 2098 dolo-

733 2171 819 2224 roso
835 2170 961 2242 reguo,
977 2148 1123 2242 scilicet,
1142 2147 1283 2241 interni,
1304 2149 1342 2220 di
1357 2167 1478 2220 mezo
1493 2149 1626 2240 ilpetto
1643 2148 1738 2220 uscia
1756 2150 1841 2240 fuor
1857 2149 1901 2220 de

734 2273 772 2344 lu
794 2272 963 2363 pliacetu,
988 2268 1075 2363 quia
1101 2289 1123 2342 a
1150 2266 1270 2343 medio
1291 2286 1402 2362 supra
1428 2273 1499 2342 stat
1523 2287 1635 2361 supra
1660 2271 1851 2360 centrum3
1877 2287 1900 2340 a

735 2388 856 2465 medio
880 2388 974 2462 inira
1000 2387 1095 2462 intra
1120 2393 1313 2481 centrum3
1339 2393 1376 2462 et
1399 2386 1556 2462 ostendit
1581 2387 1798 2462 immensam
1821 2406 1901 2460 ma-

733 2509 961 2608 gnitudinem
987 2509 1067 2584 eius
1093 2528 1158 2603 per
1184 2529 1297 2583 unam
1323 2493 1466 2603 partem
1491 2508 1581 2601 eius,
1608 2514 1645 2583 et
1676 2509 1755 2585 vult
1778 2508 1901 2584 dicere

735 2628 836 2724 quod
861 2628 1011 2704 brachia
1035 2627 1192 2704 Luciferi
1218 2634 1323 2704 erant
1349 2633 1449 2702 tanto
1474 2627 1615 2704 maiora
1641 2649 1716 2702 uno
1741 2628 1900 2725 gigante,

735 2755 875 2845 quanto
900 2749 1004 2846 gigas
1028 2755 1083 2824 est
1108 2749 1226 2826 maior
1251 2749 1329 2846 ipso
1346 2750 1472 2826 Dante.
1490 2749 1583 2826 Dicit
1608 2770 1718 2846 ergo:
1738 2771 1757 2822 e
1774 2745 1836 2844 piri
1856 2753 1905 2824 mi

733 2889 911 2962 convectio
935 2891 1001 2944 con
1024 2891 1073 2944 un
1096 2873 1250 2963 mycale,
1267 2869 1370 2964 idest,
1388 2889 1458 2968 ego
1474 2871 1608 2946 Dentes
1633 2871 1697 2965 qui
1714 2891 1798 2946 sum
1815 2892 1903 2967 par·

736 3011 804 3064 vus
834 2989 952 3064 habeo
984 2989 1163 3066 maiorem
1195 2988 1486 3066 convenientiam
1522 2989 1780 3088 magnitudinis
1812 3011 1898 3066 cum

735 3129 809 3184 uno
839 3109 987 3207 gigante
1016 3109 1079 3204 qui
1112 3115 1168 3185 est
1196 3109 1393 3203 maximus,
1423 3111 1483 3182 cle
1511 3112 1526 3182 i
1555 3113 1691 3202 pigenti
1719 3131 1791 3184 uon
1819 3113 1900 3204 suu,

732 3229 834 3324 idest,
860 3229 1094 3322 conveniunt,
1119 3250 1185 3302 coo
1214 3233 1245 3303 le
1272 3249 1333 3302 rue
1357 3229 1508 3303 braccio
1535 3229 1579 3304 Et
1602 3229 1661 3304 hiu
1686 3235 1771 3304 nota
1798 3229 1897 3325 quod

731 3357 840 3425 autor
858 3349 989 3426 merito
1002 3349 1065 3424 dat
1081 3351 1189 3447 longa
1205 3349 1353 3425 brachia
1372 3349 1427 3424 isti
1446 3349 1523 3446 regi
1536 3349 1645 3445 juxta
1662 3349 1750 3425 illud
1763 3349 1896 3426 Ovidii:

732 3476 788 3543 An
820 3471 929 3544 mou
962 3471 1087 3561 longus
1119 3469 1257 3560 reptem
1290 3489 1363 3543 esse
1397 3489 1546 3562 murus;
1571 3468 1658 3564 quia
1692 3490 1758 3565 per
1791 3470 1897 3546 istam

731 3587 994 3684 longitudinem
1020 3588 1255 3664 brachiorum
1283 3588 1417 3686 figurat
1432 3580 1469 3681 (²)
1500 3590 1646 3686 longam
1679 3595 1895 3685 potestatem

734 3706 836 3782 istius
861 3706 983 3804 magni
1010 3707 1118 3804 regis,
1140 3707 1204 3802 qui
1229 3707 1338 3782 habet
1363 3708 1432 3783 suh
1450 3729 1492 3784 se
1509 3701 1693 3802 multosd)
1723 3729 1839 3808 reges,
1860 3717 1898 3784 et

734 3825 894 3902 extendit
925 3824 1072 3901 brachia
1106 3847 1174 3902 sua
1207 3826 1254 3903 ad
1287 3827 1480 3924 orientem,
1506 3828 1732 3904 occidentem
1765 3835 1802 3906 et
1832 3849 1898 3924 per

732 3952 872 4041 totum;
898 3952 936 4022 et
960 3947 1162 4022 concludit:
1189 3950 1267 4024 cedi
1291 3952 1446 4042 09le
1461 3957 1591 4042 quomo
1616 3971 1710 4024 esser
1735 3953 1797 4026 dee
1822 3956 1901 4044 prul

731 4073 829 4158 datm,
860 4067 994 4142 seilicet
1028 4068 1212 4163 reliquum
1250 4089 1395 4165 eorpus,
1427 4072 1521 4144 ct'u
1552 4064 1623 4144 rosi
1654 4075 1746 4165 sudu
1781 4080 1898 4165 purte,

732 4185 833 4279 idest,
860 4186 992 4264 talibus
1022 4188 1190 4282 brachiis,
1221 4191 1253 4262 u
1285 4193 1478 4283 consaepto,
1513 4189 1616 4286 idest,
1645 4191 1897 4270 conformetur

732 4313 769 4382 et
793 4305 1099 4401 proportionetur.
1126 4308 1171 4382 Et
1195 4307 1329 4404 arguit,
1355 4308 1454 4402 quod
1487 4329 1575 4385 vere
1603 4310 1733 4388 debeat
1746 4301 1783 4406 (⁴)
1817 4333 1898 4390 esse

730 4433 839 4503 autor
867 4427 985 4501 omnis
1014 4425 1159 4522 doloris,
1184 4427 1329 4504 dicens:
1356 4433 1441 4521 opor·
1468 4434 1564 4522 tutto,
1590 4431 1692 4527 idest,
1718 4433 1897 4529 planctus,

730 4547 794 4620 om
818 4549 881 4620 ree
899 4549 1093 4638 procem
1120 4550 1171 4621 ua
1200 4551 1249 4622 tu
1276 4551 1411 4644 suu
1438 4543 1469 4624 e
1498 4552 1599 4644 ouo,
1623 4535 1674 4643 se,
1699 4573 1766 4647 pro
1797 4553 1896 4649 qun,

729 4668 884 4739 oom'clli
907 4661 945 4740 e'e
968 4687 1037 4738 orn
1061 4667 1189 4760 oudo,
1215 4675 1352 4762 quanto
1385 4671 1483 4746 enirn
1516 4671 1583 4746 luit
1616 4673 1778 4767 pulcrior
1811 4681 1898 4750 ante
1926 4679 1930 4688 '

790 4878 818 4943 (¹)
835 4885 889 4940 lto,
905 4879 1017 4932 sentiens
1032 4883 1088 4933 slus
1104 4883 1281 4946 tentationem,
1298 4885 1343 4950 qul
1359 4885 1438 4937 adest.

790 4955 817 5016 (¹)
833 4955 863 5006 E.
880 4953 974 5022 ligarat
989 4963 1150 5021 potestatem.
1160 4985 1191 4999 -
1201 4961 1226 5012 S.
1243 4959 1337 5026 tigunt
1353 4959 1458 5026 lunum
1474 4963 1627 5027 putendum.

791 5031 817 5095 (')
833 5031 859 5084 S.
873 5032 970 5084 multus
985 5047 1091 5102 magnus
1106 5049 1188 5101 regas.
1398 5039 1425 5104 θ)
1442 5039 1472 5090 le
1488 5053 1504 5092 e
1519 5039 1545 5092 S.
1562 5039 1679 5094 tutu.
