4566 6844
718 991 858 1048 esurus
882 993 1099 1050 rmomruus
1123 995 1284 1050 nunnus.
1514 983 1581 1074 541

417 1136 561 1214 ratione
585 1138 675 1232 petit
699 1145 826 1213 utrum
853 1140 898 1214 sit
922 1148 1105 1236 mortuus,
1130 1140 1276 1218 dicens:
1307 1147 1351 1234 0,
1372 1145 1454 1217 diss‘
1467 1145 1503 1216 io
1523 1144 1584 1235 lui,

415 1278 459 1330 or
483 1260 531 1332 se'
544 1265 580 1332 to
604 1280 717 1332 anaor
740 1267 882 1334 morto?
907 1263 952 1336 Et
976 1262 1150 1336 continuo
1179 1263 1280 1358 pouit
1311 1263 1585 1358 responsionem

414 1378 582 1472 Alberici,
608 1378 752 1454 diceus:
779 1387 812 1454 et
833 1383 891 1454 etti
915 1402 939 1453 a
964 1403 1031 1472 me,
1054 1381 1200 1476 scilieet,
1218 1383 1406 1458 atheneus
1432 1403 1586 1478 respon·

413 1499 488 1574 dit:
514 1502 612 1573 ouda
635 1503 775 1573 semona
796 1508 915 1593 porto,
940 1500 1042 1596 idest,
1069 1501 1156 1576 nihil
1183 1503 1270 1597 seio,
1292 1504 1431 1578 nullam
1458 1502 1585 1600 cogni-

414 1619 551 1695 tionem
578 1619 709 1715 haheo,
728 1641 824 1694 conte
839 1623 866 1695 'l
888 1625 958 1695 mio
982 1643 1091 1714 corpo
1115 1629 1189 1696 stau
1212 1644 1254 1696 sa
1279 1626 1337 1697 nel
1359 1625 1498 1697 mondo.
1522 1623 1585 1698 Est

414 1744 541 1812 autem
558 1739 617 1814 hio
636 1739 827 1836 diligenter
844 1740 1162 1836 considerandum,
1180 1742 1279 1835 quod
1296 1749 1406 1816 autor
1423 1741 1507 1818 lacit
1524 1741 1583 1816 hic

415 1856 688 1934 subtilissimam
709 1859 916 1936 fictionem:
935 1859 1037 1957 lingit
1055 1861 1154 1936 onim
1174 1861 1272 1956 quod
1289 1861 1326 1936 iu
1343 1861 1477 1936 talibus
1496 1879 1583 1956 pro·

413 1976 592 2053 ditoribus
611 1978 741 2053 accidit
757 1998 865 2074 saepe,
885 1979 984 2074 quod
1003 1980 1126 2056 anima
1142 1975 1178 2074 (¹)
1201 1981 1296 2055 cadit
1322 1981 1359 2055 in
1385 1980 1582 2075 iniornunr,

415 2103 453 2172 et
477 2097 643 2172 diabolus
668 2099 763 2194 regit
791 2119 925 2194 corpus
954 2100 1075 2176 adhuc
1099 2101 1244 2194 vivens5
1269 2107 1307 2177 et
1336 2100 1431 2176 istud
1462 2107 1580 2176 totum

415 2223 471 2292 est
496 2238 628 2292 verum
655 2225 693 2293 et
718 2239 791 2293 non
816 2240 1015 2296 erroneum
1042 2220 1297 2317 perspicaciter
1322 2221 1487 2296 intuenti.
1511 2221 1581 2296 Per

415 2339 485 2412 hoc
509 2338 607 2412 enim
634 2337 769 2434 figurat
793 2345 913 2434 autor,
940 2340 1037 2434 quod
1069 2341 1216 2436 quando
1246 2344 1358 2418 homo
1387 2341 1582 2416 committit

415 2458 483 2533 ista
513 2465 661 2553 peecata
692 2461 880 2553 scelerata,
906 2460 1072 2535 diabolus
1103 2461 1212 2535 intrat
1236 2462 1397 2535 animam
1430 2462 1521 2556 eius,
1548 2467 1585 2536 et

416 2578 538 2652 anima
572 2578 769 2653 damnatur
798 2579 921 2654 statim
952 2580 998 2655 ad
1031 2579 1226 2675 infernum,
1252 2581 1338 2674 quia
1368 2581 1502 2656 scilicet
1526 2581 1586 2657 ille

418 2697 498 2772 talis
524 2699 561 2771 in
586 2698 717 2774 infelici
740 2701 834 2774 ¹hora
859 2704 997 2794 peccat,
1016 2700 1114 2794 quod
1134 2721 1338 2795 numquam
1364 2709 1489 2796 postea
1505 2721 1585 2796 poe·

417 2817 517 2913 nitet,
543 2809 579 2894 et
604 2819 806 2894 obstinatus
831 2826 869 2895 et
893 2820 1123 2915 impoenitens
1145 2821 1313 2896 moritur.
1332 2822 1434 2897 Unde
1452 2822 1584 2896 dicitur

417 2938 464 3014 do
488 2939 593 3034 luda,
610 2939 673 3032 qui
700 2939 865 3014 similiter
889 2940 1044 3035 prodidit
1067 2939 1112 3014 ad
1139 2960 1317 3036 mensam,
1338 2942 1436 3036 quod
1456 2942 1583 3017 diabo-

417 3059 475 3134 lus
508 3060 656 3135 intravit
690 3059 726 3133 in
759 3080 893 3155 corpus
924 3060 1047 3154 Judae3
1073 3068 1111 3136 et
1139 3061 1216 3156 ipse
1238 3062 1435 3158 desperans
1469 3062 1580 3136 dixit:

417 3180 536 3254 maius
568 3187 622 3256 est
647 3187 839 3276 peecatum
871 3201 1011 3274 meum,
1042 3201 1152 3276 quam
1180 3189 1222 3255 ut
1251 3182 1394 3258 veniam
1422 3201 1580 3258 merear.

415 3299 507 3376 Dicit
527 3321 617 3397 ergo
635 3300 748 3376 irater
761 3299 969 3375 Albericus:
991 3303 1085 3374 cotul
1104 3305 1293 3393 vantappio
1309 3305 1358 3376 ta
1374 3309 1493 3395 presta
1516 3307 1583 3376 To-

414 3421 541 3511 lomea,
567 3420 669 3514 idest,
696 3420 807 3496 talem
833 3420 1127 3515 prerogativam,
1149 3421 1178 3494 si
1203 3422 1446 3519 prerogativa
1463 3413 1582 3514 dici(²)

414 3539 534 3635 debet,
560 3540 670 3615 habel
696 3540 763 3614 ista
790 3540 891 3635 regio
917 3540 1023 3615 tertia
1048 3541 1189 3637 glaciei,
1207 3562 1320 3636 quam
1341 3549 1450 3617 autor
1478 3549 1586 3617 vocat

415 3659 677 3736 Ptholomeam.
705 3658 758 3733 Ad
783 3658 882 3752 quod
907 3665 962 3734 est
986 3659 1186 3755 sciendum,
1212 3661 1311 3755 quod
1337 3662 1431 3738 sicut
1455 3661 1584 3736 scribi·

414 3785 476 3852 tur
500 3779 593 3853 libro
617 3779 736 3874 primo
759 3779 1053 3854 Machabaeorum
1072 3802 1137 3874 per
1154 3786 1272 3854 totum
1291 3782 1338 3855 de
1355 3781 1488 3856 familia
1506 3782 1582 3858 lla·

415 3898 663 3992 chabaeorum,
681 3898 745 3992 qui
770 3898 975 3973 deruerunt
992 3898 1028 3972 iu
1046 3900 1241 3974 Israhelem
1259 3891 1294 3993 (³)
1314 3908 1394 3996 post
1415 3908 1582 3996 tempora

415 4015 610 4092 Alexandri
630 4018 781 4092 luerunt
802 4025 876 4093 tres
888 4017 1019 4092 iratres
1037 4019 1180 4115 inclytae
1198 4020 1353 4116 virtutis,
1367 4021 1502 4098 scilieet
1515 4023 1580 4097 Ju-

414 4136 478 4212 das
503 4137 743 4234 Machabaeus,
761 4139 908 4213 lunatas
933 4144 971 4214 ct
995 4137 1121 4214 Simon
1136 4129 1186 4234 (⁸),
1204 4140 1268 4235 qui
1284 4142 1490 4219 successive
1515 4144 1581 4218 ha·-

414 4257 576 4334 buerunt
600 4279 788 4334 summum
816 4258 1071 4354 sacerdotium,
1094 4266 1131 4334 et
1156 4259 1307 4335 luerunt
1329 4263 1454 4359 magni
1480 4264 1581 4358 priu-

414 4379 512 4474 cipes
545 4384 581 4454 ot
613 4379 727 4453 duces
759 4378 907 4472 Israhel,
941 4377 1073 4475 singuli
1104 4379 1344 4456 strenuissimi
1374 4381 1581 4476 bellatores,

413 4506 451 4576 et
466 4492 502 4593 (⁵)
530 4499 697 4575 lecerunt
721 4498 849 4594 proelia
875 4498 992 4573 multa
1017 4519 1085 4594 pro
1110 4501 1239 4594 patria,
1261 4523 1327 4595 pro
1339 4502 1491 4598 justitia,
1512 4525 1580 4598 pro

413 4620 581 4695 libertate
605 4624 733 4695 contra
759 4619 894 4694 multos
919 4639 1026 4716 reges
1050 4626 1087 4695 et
1112 4626 1241 4718 gentes
1267 4621 1579 4718 alienigenarum

413 4740 477 4814 sed
489 4740 629 4834 tertius,
642 4739 779 4814 scilicet
791 4738 930 4834 Simon,
943 4741 1127 4836 praecipue
1144 4741 1307 4817 dilatavit
1319 4743 1475 4838 gloriam
1488 4764 1580 4840 gen-

474 4956 502 5018 (¹)
518 4957 550 5006 R
566 4956 651 5006 mima
667 4969 761 5008 sorum
776 4957 853 5008 cadit.
1039 4954 1068 5018 Ρ)
1085 4957 1116 5008 R.
1131 4958 1182 5009 dlcl
1198 4961 1291 5021 potest,
1308 4957 1392 5008 habet.

475 5031 502 5094 (¹)
518 5032 549 5084 Β.
565 5033 591 5083 ln
608 5032 770 5084 Hierusalem
786 5037 844 5096 post
860 5031 1060 5096 temporo-S.
1076 5033 1176 5084 Israhel
1192 5039 1308 5098 temporo
1325 5033 1469 5086 Alenndri
1485 5035 1582 5101 Magni.

476 5106 504 5172 (¹)
519 5108 550 5160 13.
567 5107 671 5161 stmoon
686 5113 749 5172 (onst
764 5111 883 5173 semprol·
1038 5108 1066 5172 (¹)
1082 5109 1114 5161 B.
1129 5109 1175 5175 ‹prt
1190 5109 1317 5164 lecerunt
