4526 6836
697 897 743 964 24
1092 907 1295 964 donauwia
1320 907 1473 962 umato

692 1061 792 1146 pente
811 1057 871 1128 cie
893 1057 926 1128 ai
948 1056 1095 1146 mmo,
1112 1053 1204 1129 idest
1220 1053 1427 1150 planimode
1443 1053 1572 1149 plorat,
1589 1051 1683 1128 sicut
1700 1054 1786 1130 lacit
1801 1056 1869 1131 ali-

636 1259 639 1266 ,
694 1175 842 1271 quando
867 1173 1034 1252 infirmus
1059 1174 1228 1270 inlecto,
1255 1175 1317 1270 qui
1344 1193 1417 1249 non
1442 1179 1561 1270 potest
1585 1174 1660 1249 alte
1684 1175 1867 1272 clamare3

694 1295 744 1372 ita
769 1317 841 1372 vox
870 1296 1024 1372 istorum
1051 1316 1124 1372 non
1153 1301 1298 1391 poterat
1326 1293 1445 1370 audiri
1478 1293 1547 1368 nisi
1574 1293 1752 1390 debiliter,
1783 1295 1870 1391 quia

697 1437 770 1493 non
804 1416 962 1492 habehat
996 1415 1155 1492 liberum
1180 1416 1322 1491 exitum
1347 1435 1432 1490 cum
1464 1419 1560 1490 esset
1593 1413 1770 1490 suffocata
1800 1417 1869 1491 suh

696 1558 807 1632 aqua,
831 1539 910 1611 vult
924 1540 1020 1610 oltra
1045 1536 1175 1628 dolpiu,
1207 1535 1343 1612 scilicet
1371 1533 1532 1610 secunda
1563 1534 1741 1630 sequenti,
1767 1559 1786 1610 e
1810 1540 1870 1610 cte

693 1659 810 1752 atulfo
834 1659 891 1732 col
913 1677 1024 1749 muso,
1051 1655 1147 1732 sicut
1170 1655 1256 1732 iacit
1279 1675 1413 1751 porum
1438 1655 1476 1730 in
1501 1674 1619 1750 ooeno,
1636 1661 1675 1730 et
1695 1655 1791 1734 bene
1814 1656 1869 1732 di-

587 1845 588 1848 t
695 1777 756 1872 eit,
773 1776 861 1871 quia
881 1775 1010 1854 vitium
1027 1775 1244 1852 adulationis
1268 1781 1340 1852 stat
1371 1775 1408 1850 in
1437 1773 1551 1869 labiis,
1573 1795 1592 1847 e
1610 1778 1760 1868 picem,
1778 1776 1870 1853 idest

697 1898 871 1975 verberat
894 1904 931 1974 et
957 1897 1180 1993 petentique
1199 1899 1374 1972 medeam
1394 1917 1461 1969 eon
1485 1898 1517 1970 le
1539 1899 1667 1989 polmq
1685 1895 1772 1991 quia
1797 1897 1869 1973 sci-

696 2018 781 2094 licet
804 2040 891 2095 eum
919 2016 1088 2094 manibus
1113 2005 1294 2114 percuisis
1324 2016 1516 2112 plorabant
1531 2008 1582 2110 (¹),
1612 2017 1706 2092 sieut
1737 2025 1792 2095 est
1823 2019 1871 2094 de

698 2161 802 2216 more
826 2139 1048 2233 dolentium3
1065 2139 1130 2214 sed
1154 2139 1364 2235 palmarum
1381 2136 1569 2233 percussio
1594 2159 1668 2214 non
1693 2138 1869 2214 audieba-

697 2267 759 2336 tur
785 2260 842 2336 hie
868 2260 936 2335 nisi
960 2259 1136 2356 debiliter,
1163 2259 1257 2336 siout
1282 2279 1351 2334 nec
1374 2279 1461 2353 vox,
1485 2257 1573 2353 quia
1598 2279 1731 2336 manus
1756 2260 1869 2336 habe-

695 2381 784 2458 hant
821 2386 984 2458 onustam
1022 2379 1193 2455 stercoris
1229 2399 1342 2474 super
1375 2399 1426 2474 se,
1459 2377 1542 2454 ideo
1576 2399 1649 2454 non
1685 2379 1866 2455 iaciebant

700 2522 879 2598 magnum
905 2521 1049 2576 sonum.
1067 2501 1112 2574 Et
1127 2499 1309 2595 specificat
1322 2491 1360 2592 (¹)
1378 2498 1530 2574 modum
1548 2498 1650 2573 istius
1665 2518 1796 2595 poenae,
1813 2500 1869 2574 di-

700 2641 801 2696 cens:
827 2623 859 2694 le
881 2622 971 2713 ripe,
996 2618 1131 2695 scilieet
1156 2638 1203 2694 ex
1228 2625 1333 2714 parte
1357 2617 1531 2714 intouiori,
1545 2638 1634 2692 oon
1658 2627 1867 2712 mommo,

698 2742 790 2818 idest
821 2745 961 2832 unte,
987 2739 1206 2833 incrustata,
1231 2741 1266 2812 d'
1279 2759 1352 2814 uno
1377 2744 1487 2833 mulsa
1512 2760 1580 2832 per
1613 2743 1744 2834 tudio,
1777 2739 1868 2816 idest

699 2867 848 2958 propter
874 2861 1000 2938 ilatum
1033 2865 1070 2936 et
1101 2860 1284 2954 lentorem,
1310 2861 1348 2932 di
1376 2853 1450 2951 pid,
1475 2859 1566 2936 idest
1600 2866 1810 2936 manantem
1844 2883 1868 2936 a

699 2989 862 3060 stennone
893 2981 1066 3077 inferiori,
1091 2984 1151 3054 cle
1179 2984 1214 3056 vi
1241 2984 1447 3074 stuppeum,
1477 2980 1568 3057 idest
1600 2982 1803 3078 applicatur
1830 2989 1868 3058 et

697 3101 871 3196 adhaeret,
897 3103 957 3175 ele
977 3107 1106 3196 seneen
1128 3107 1227 3196 aulfo
1251 3121 1318 3176 ooo
1341 3104 1392 3194 pli
1416 3104 1511 3174 ocelli
1534 3123 1553 3174 e
1577 3105 1634 3176 eol
1656 3123 1758 3194 noso,
1776 3101 1867 3178 idest

697 3221 877 3298 iaciebant
901 3243 1065 3318 pugnam
1090 3228 1128 3298 et
1152 3222 1272 3296 mnam
1288 3213 1325 3314 (³)
1356 3242 1442 3296 oum
1474 3221 1568 3316 visu,
1599 3223 1686 3317 quia
1711 3223 1868 3299 horribi-

697 3341 875 3417 lissimum
901 3347 982 3416 erat
1007 3341 1143 3436 videre,
1169 3347 1207 3416 et
1230 3362 1317 3417 eum
1341 3343 1502 3437 naribus,
1523 3343 1610 3437 quia
1625 3333 1661 3436 (⁸)
1689 3344 1869 3420 molestis-

697 3461 833 3536 simum
860 3467 940 3537 erat
966 3462 1111 3538 sentire.
1137 3463 1181 3536 Et
1207 3462 1326 3537 subdit
1357 3463 1543 3557 quomodo
1573 3464 1740 3540 veneuint
1753 3456 1791 3559 (⁵)
1821 3464 1870 3540 ad

697 3580 893 3658 videndum
917 3581 1014 3677 istos,
1039 3581 1182 3658 dicens:
1209 3585 1376 3676 lofoudo
1401 3575 1439 3656 e'e
1463 3604 1564 3676 napo,
1581 3583 1669 3677 quia
1688 3583 1868 3679 profunda

697 3708 753 3778 est
771 3700 933 3778 adulatio
950 3707 987 3777 et
1004 3723 1139 3799 magna
1156 3701 1263 3778 nimis
1270 3726 1280 3796 ;
1299 3703 1362 3778 sed
1379 3703 1491 3798 aliqui
1509 3703 1659 3779 omnino
1679 3711 1766 3778 sunt
1781 3705 1870 3780 sul)-

698 3822 809 3900 mersi
834 3821 873 3896 in
897 3843 965 3918 ea3
992 3822 1104 3918 aliqui
1131 3823 1320 3917 usquead
1345 3844 1398 3919 os,
1416 3823 1528 3919 aliqui
1550 3845 1670 3920 usque
1693 3825 1740 3901 ad
1765 3826 1869 3924 *ilia‚

697 3942 810 4038 aliqui
828 3963 948 4039 usque
963 3943 1010 4020 ad
1023 3940 1043 3985 *
1057 3933 1094 4036 (⁰)
1111 3963 1245 4039 genua,
1264 3942 1377 4038 aliqui
1399 3950 1541 4018 tantum
1563 3950 1688 4022 tenent
1704 3945 1815 4042 pedes
1831 3947 1869 4022 in

698 4083 762 4158 ea3
788 4063 871 4140 ideo
894 4063 997 4142 dicit:
1022 4055 1053 4138 ai
1076 4065 1136 4137 cle
1160 4084 1232 4136 non
1256 4066 1289 4137 oi
1312 4064 1412 4138 dasle
1437 4067 1589 4140 locedio
1606 4087 1631 4138 a
1648 4069 1765 4158 vedu,
1782 4067 1870 4162 quia

698 4182 903 4263 intellectus
920 4205 993 4259 non
1010 4189 1128 4280 potest
1145 4184 1459 4280 comprehendere
1472 4185 1759 4282 magnitudinem
1775 4187 1869 4263 adu-

697 4305 851 4400 lationis,
868 4326 976 4379 senza
994 4311 1134 4378 nentur
1151 4307 1191 4378 el
1207 4306 1312 4377 domo
1333 4307 1391 4378 del
1404 4325 1505 4397 oreo,
1522 4305 1614 4382 idest
1638 4308 1683 4382 ad
1705 4307 1868 4382 medium

695 4424 826 4520 pontis,
844 4444 907 4497 ove
932 4427 966 4496 lo
990 4425 1120 4514 sooplio
1134 4418 1196 4516 pto
1212 4431 1389 4516 sovruato,
1408 4424 1500 4500 idest
1517 4425 1580 4500 uhi
1596 4446 1687 4522 pons
1704 4433 1759 4516 eet
1776 4427 1870 4502 emi·

698 4541 842 4620 nentior
867 4541 1046 4636 stultior,
1072 4541 1176 4636 quasi
1201 4541 1308 4638 dicat,
1334 4543 1401 4620 nisi
1433 4545 1648 4624 deveniatur
1673 4547 1720 4624 ad
1745 4547 1870 4624 altitu-

759 4735 787 4801 (')
804 4741 858 4799 lto,
875 4735 1001 4800 plorabat.
1011 4762 1042 4776 -
1052 4736 1082 4787 E.
1100 4736 1194 4800 plorat.

760 4815 787 4878 (¹)
803 4815 834 4866 B.
850 4813 980 4878 specificat
994 4815 1130 4866 molestam
1146 4815 1223 4866 huius
1239 4829 1329 4880 pona,
1347 4817 1400 4868 slve
1416 4819 1532 4879 modum,
1550 4819 1645 4871 mmm,

759 4890 787 4954 (⁸)
802 4889 829 4942 ⁸·
846 4889 921 4941 [ΙΨ-
1188 4889 1215 4954 (⁸)
1231 4892 1262 4943 Β·
1280 4894 1340 4958 qula
1357 4893 1388 4945 lu
1403 4899 1461 4946 arat
1475 4895 1685 4948 molestissimum
1701 4897 1806 4951 mllio.

761 4967 788 5030 (¹)
804 4965 839 5028 8.,
857 4965 888 5017 tt
904 4977 919 5016 a
937 4969 990 5027 tlt,
1007 4972 1143 5020 amnt.

761 5043 788 5106 (η
803 5044 840 5095 La
855 5041 944 5108 parole
960 5041 1001 5096 in
1017 5044 1025 5095 l
1040 5043 1090 5096 dne
1107 5047 1239 5100 moment
1255 5061 1302 5102 son
1319 5047 1431 5114 suppllte
1447 5049 1515 5116 dagli
1531 5048 1591 5103 altri
1608 5051 1674 5102 testi.
