4534 6842
716 911 785 981 138
1101 925 1303 981 commum
1327 925 1477 980 nrrnnur

711 1071 867 1161 eductu,
891 1067 1086 1163 diescebat,
1116 1067 1346 1144 dilacerabat
1376 1069 1420 1140 ct
1450 1065 1605 1162 explicat
1629 1065 1874 1143 miserabilem

711 1187 955 1264 infelicitatem
994 1188 1107 1282 istius,
1137 1187 1204 1262 nisi
1236 1188 1362 1262 luisset
1394 1186 1535 1260 subitus
1571 1206 1781 1282 succursus,
1807 1207 1874 1282 per

711 1328 825 1383 unam
843 1307 1094 1403 metaphoram
1120 1306 1398 1402 pulcerrimam3
1423 1312 1461 1380 et
1485 1305 1570 1380 dicit
1595 1306 1758 1382 breviter
1774 1305 1874 1401 quod

713 1427 942 1504 miserrimus
973 1427 1171 1502 devenerat
1198 1419 1234 1517 (¹)
1274 1426 1321 1500 ad
1357 1444 1489 1500 manus
1522 1424 1727 1500 crudelium
1759 1433 1876 1500 catla-

714 1568 809 1622 rum.
827 1549 872 1621 El
895 1547 965 1642 bic,
983 1546 1108 1641 lector,
1125 1545 1209 1620 rolo
1226 1551 1263 1620 te
1288 1544 1479 1620 advertere
1504 1551 1640 1640 quanta
1665 1553 1746 1620 arte
1766 1554 1876 1622 autor

712 1671 836 1741 noster
860 1666 988 1740 nititur
1012 1665 1199 1740 declarare
1224 1663 1330 1740 istam
1357 1663 1550 1739 materiam
1574 1665 1768 1760 occultam,
1787 1665 1874 1761 quia

711 1785 826 1880 ipsam
851 1784 954 1859 nobis
978 1783 1095 1880 aperit
1110 1805 1178 1878 per
1194 1783 1314 1858 varim
1330 1783 1468 1879 figuras
1487 1788 1525 1858 el
1541 1783 1755 1878 multiplicat
1771 1804 1875 1858 com-

710 1904 917 2000 parationes
940 1904 1115 2000 proprias.
1142 1903 1373 1998 comparavit
1402 1902 1500 1978 enim
1530 1903 1734 1977 baratarius
1762 1923 1875 1999 supra

709 2022 870 2117 canibus,
884 2023 1071 2118 delphinis
1094 2022 1191 2096 ranis
1204 2013 1259 2116 (²);
1286 2041 1384 2096 nunc
1402 2041 1491 2096 vero
1507 2021 1610 2098 cattis
1632 2031 1669 2098 et
1693 2021 1873 2116 muribus,

709 2163 793 2236 quae
818 2142 1042 2238 comparatio
1067 2161 1141 2216 non
1166 2148 1222 2217 est
1247 2140 1369 2215 minus
1389 2141 1534 2237 propria
1551 2161 1663 2235 quam
1681 2141 1872 2236 praedicloe.

709 2260 834 2337 Catius
853 2260 952 2336 enim
966 2251 1003 2352 (³)
1031 2260 1134 2354 quasi
1161 2259 1307 2355 capiens
1331 2260 1477 2354 sorices,
1498 2264 1552 2334 est
1570 2259 1736 2355 mordax,
1749 2279 1873 2336 arma-

709 2387 769 2454 tus
798 2379 968 2457 dentibus
997 2385 1034 2454 et
1067 2379 1268 2475 unguibus3
1298 2379 1406 2454 babet
1437 2379 1535 2454 enim
1565 2399 1712 2476 ungues
1744 2385 1873 2456 acutos

711 2519 804 2594 quos
828 2499 990 2586 extendit
1018 2506 1055 2574 et
1084 2499 1236 2578 retrahit
1268 2498 1315 2574 ad
1345 2497 1563 2574 radendum.
1589 2499 1668 2573 llus
1698 2518 1790 2574 vero
1818 2505 1874 2574 est

712 2619 847 2694 animal
880 2618 1105 2714 insidiosum,
1130 2619 1193 2714 qui
1218 2620 1374 2696 latemer
1398 2619 1493 2692 rodit
1516 2623 1553 2694 et
1582 2619 1686 2714 rapit,
1711 2618 1793 2694 ideo
1825 2620 1873 2695 ab

712 2737 893 2833 aliquibus
924 2743 1076 2812 vocatur
1108 2743 1236 2832 ratius,
1267 2743 1304 2812 et
1337 2738 1373 2812 in
1404 2738 1548 2814 occulto
1576 2737 1732 2831 iuratur,
1758 2743 1795 2812 et
1819 2745 1874 2814 est

713 2858 859 2933 timidus
884 2863 922 2932 et
944 2856 1069 2954 fugax,
1100 2858 1195 2933 sicul
1224 2857 1291 2933 iste
1321 2857 1537 2954 Ciampolus.
1562 2857 1617 2932 ld
1647 2860 1873 2953 propositum

712 2997 802 3075 ergo
818 2985 927 3054 autor
944 2979 1021 3052 vult
1038 2976 1161 3054 dicere
1178 2998 1252 3052 uno
1264 2977 1497 3071 rerb0,quod
1510 2977 1603 3052 sicut
1619 2984 1725 3054 callae
1741 2979 1874 3056 odiose

712 3098 874 3173 lacerant
898 3117 1044 3172 murem
1069 3096 1237 3174 dentibus
1262 3102 1299 3172 el
1324 3097 1521 3194 unguibus,
1546 3103 1583 3172 et
1607 3097 1654 3172 de
1678 3097 1755 3193 ipso
1780 3098 1875 3174 ludi-

711 3216 833 3292 brium
865 3215 1013 3310 iaciunt,
1048 3215 1096 3291 ita
1129 3215 1315 3292 daemones
1352 3216 1463 3290 istum
1497 3215 1724 3310 t'iampolnm
1757 3217 1874 3292 denti-

709 3335 780 3412 bus
793 3324 829 3430 (ἦ
856 3343 894 3410 el
919 3335 1058 3410 uncinis
1083 3334 1170 3430 suis,
1196 3340 1233 3409 et
1257 3334 1304 3410 de
1329 3334 1405 3430 ipso
1435 3333 1632 3408 ludibrium
1659 3333 1806 3430 iaciunt,
1833 3343 1875 3411 ut

709 3455 830 3534 statim
855 3455 1006 3532 dicetur.
1033 3454 1138 3528 blodo
1168 3454 1356 3529 considera
1387 3453 1677 3528 convenientiam
1708 3455 1874 3530 similitu-

709 3572 817 3648 dinis:
844 3594 928 3647 mus
953 3573 1047 3669 rapit
1071 3579 1109 3648 et
1134 3573 1276 3669 rapitur
1299 3593 1323 3646 a
1347 3579 1456 3667 catto,
1473 3579 1511 3648 et
1538 3578 1658 3650 cattus
1683 3574 1874 3649 mordetur

709 3711 859 3786 acane,
885 3693 996 3769 etita
1021 3713 1157 3788 parvus
1187 3691 1392 3767 baratarius
1416 3713 1439 3766 a
1465 3691 1596 3787 medio,
1621 3699 1659 3768 et
1682 3693 1873 3771 mediusa

711 3810 850 3886 maiori.
884 3811 969 3886 ldeo
1000 3810 1200 3907 bonejam
1233 3809 1322 3886 dixit
1352 3812 1450 3904 quod
1482 3811 1549 3887 iste
1578 3821 1796 3909 pervenerat
1826 3815 1873 3890 ad

710 3950 843 4006 manus
875 3930 1170 4005 adversariorum
1204 3949 1369 4004 suorum.
1402 3929 1456 4006 Ad
1488 3931 1630 4007 literam
1654 3953 1761 4030 ergo:
1787 3933 1874 4008 dicit

709 4057 830 4144 autor,
853 4053 880 4124 it
902 4071 1019 4141 sarco,
1044 4049 1147 4144 idest,
1165 4057 1283 4145 copus,
1304 4068 1410 4124 more
1434 4050 1636 4146 llorentlno,
1660 4073 1725 4126 ero
1750 4061 1873 4128 carulo

709 4178 768 4244 tro
792 4173 882 4244 mute
904 4177 1017 4263 nullm
1043 4169 1143 4263 idest,
1157 4169 1250 4244 inter
1275 4169 1361 4244 istos
1385 4169 1570 4246 demones
1597 4171 1771 4248 babentes
1791 4194 1873 4250 ma-

709 4289 762 4364 las
778 4289 970 4379 brancbas,
987 4289 1081 4363 sicut
1097 4287 1234 4363 dictum
1260 4295 1316 4364 est
1340 4309 1462 4384 supra,
1483 4289 1547 4364 sed
1563 4290 1638 4364 dux
1659 4312 1790 4367 eornm
1807 4292 1873 4368 de-

708 4401 930 4484 laodiceam
955 4407 1002 4480 ab
1032 4405 1123 4501 aliis,
1153 4411 1196 4480 ut
1226 4406 1330 4483 daret
1364 4408 1512 4504 Virgilio
1544 4410 1700 4506 spatium
1726 4413 1872 4508 petendi

708 4525 738 4598 si
762 4525 873 4600 vellet
894 4523 1024 4599 audire
1047 4523 1094 4600 de
1118 4524 1293 4620 pluribus.
1311 4526 1404 4601 llicit
1429 4547 1536 4624 ergo:
1563 4549 1623 4602 mo
1638 4531 1870 4606 Barbcrtccr'o

1769 4695 1870 4708 ἢ

771 4783 800 4848 (¹)
816 4789 871 4846 lle,
888 4791 1048 4850 munerat.

769 4859 798 4922 (¹)
816 4865 869 4922 lta.
886 4865 911 4912 al
928 4861 1030 4924 tribum
1045 4877 1115 4916 nunc
1131 4875 1194 4917 rere
1210 4865 1236 4915 ln
1251 4866 1385 4928 murlbmr
1401 4882 1460 4933 qua
1475 4869 1643 4934 murram.

770 4935 1038 4999 mssmlmdldtrrr
1054 4941 1125 5004 qual
1141 4940 1353 5004 mpla-llo,
1370 4943 1565 5008 animum

769 5011 797 5078 (⁸)
812 5013 844 5064 ll.
859 5013 977 5066 ᾱωῑίὴιιι
992 5017 1045 5068 suls
1060 5023 1087 5069 et
1103 5017 1238 5083 munibus,
1254 5017 1352 5072 rcfflcst
1367 5021 1475 5084 anduh,
1491 5027 1518 5075 et
1533 5023 1566 5076 da
1581 5023 1645 5088 loro.
