4606 6840
667 963 737 1030 280
1064 971 1268 1028 mersurum
1294 973 1446 1026 innunm

664 1123 763 1197 ibant
788 1121 876 1195 olim
908 1120 989 1195 irati
1014 1124 1141 1194 contra
1166 1119 1312 1193 Troiam
1338 1118 1383 1192 ad
1409 1117 1610 1193 laciendum
1637 1118 1831 1194 vindictam

663 1241 710 1316 de
734 1242 849 1317 atroci
866 1233 903 1332 (⁴)
929 1238 1060 1313 iniuria
1090 1259 1202 1332 quam
1228 1238 1338 1334 greci
1365 1244 1579 1332 receperant
1593 1229 1631 1330 (²)
1655 1257 1679 1312 a
1705 1239 1834 1314 Paride

665 1362 701 1434 in
720 1368 825 1455 raptu
844 1361 1001 1436 Helene.
1015 1363 1110 1432 -b
1128 1361 1263 1433 denno.
1278 1359 1343 1438 Hic
1355 1359 1525 1454 Virgilius
1538 1358 1698 1432 breviter
1717 1365 1836 1434 trans·

664 1481 781 1556 currit
805 1482 927 1573 aliqua
953 1479 1112 1554 facinora
1138 1499 1222 1572 quae
1248 1477 1303 1552 isti
1323 1478 1398 1552 duo
1415 1485 1731 1572 perpetraverunt,
1758 1499 1836 1554 me·

663 1601 785 1675 diante
806 1619 939 1697 magna
956 1599 1090 1674 astutia
1109 1598 1248 1694 Ulyxis3
1267 1603 1304 1672 et
1320 1597 1440 1692 primo
1460 1598 1646 1690 quomodo
1664 1599 1832 1675 insidiose

665 1721 896 1796 intraverunt
912 1719 1058 1794 Troiam
1073 1727 1240 1812 tempore
1253 1717 1367 1792 noctis
1380 1736 1464 1791 cum
1481 1717 1597 1792 laliaci
1609 1738 1717 1810 equo.
1733 1719 1835 1796 Unde

665 1841 847 1915 Homerus
861 1841 907 1913 xl
919 1829 956 1931 (³)
971 1839 1139 1934 Odysseae
1156 1837 1292 1912 inducit
1309 1839 1463 1932 Ulyxem
1476 1845 1689 1912 narrantem
1707 1839 1835 1914 Achilli

666 1959 851 2053 quomodo
876 1959 1038 2054 Pyrrhus
1064 1958 1157 2031 lilius
1182 1977 1272 2030 suus
1297 1957 1445 2030 intrarit
1470 1957 1616 2040 Troiam
1634 1957 1833 2053 intrepidus

665 2079 701 2152 iu
726 2099 823 2172 equo
853 2079 962 2151 simul
988 2097 1127 2152 secum.
1153 2075 1244 2150 Dicit
1269 2096 1382 2173 ergo:
1408 2097 1427 2148 e
1452 2080 1615 2167 domnolo
1639 2081 1698 2152 del
1711 2083 1835 2171 cova&

664 2199 711 2274 de
736 2199 804 2272 isto
830 2219 927 2292 equo
952 2197 1108 2271 mirabili
1133 2196 1277 2270 dicetur
1301 2199 1406 2291 plene
1423 2197 1516 2271 inlra
1536 2197 1695 2292 capitulo
1720 2199 1834 2294 xxx,

665 2318 727 2392 ubi
754 2317 913 2411 require,
940 2319 1136 2411 olefacta
1156 2323 1277 2408 porto,
1303 2315 1404 2410 idest,
1430 2317 1527 2392 viam
1552 2338 1619 2412 per
1635 2338 1746 2412 quam
1766 2319 1835 2394 ista

663 2459 782 2532 equus
807 2438 875 2512 luit
899 2438 1128 2514 intmductus
1153 2438 1190 2510 in
1210 2437 1367 2530 Troiam,
1387 2457 1460 2531 qua
1486 2449 1590 2533 capta
1608 2440 1666 2512 vel
1687 2439 1833 2514 incensa

663 2559 850 2654 agraecis,
884 2559 999 2632 Encas
1031 2557 1186 2654 inclytus
1218 2557 1385 2652 princeps
1417 2560 1576 2653 recessit,
1612 2566 1650 2634 et
1687 2560 1835 2636 tandem

665 2679 832 2776 pervenit
848 2677 885 2751 in
902 2677 1052 2771 ltaliam,
1071 2698 1117 2752 ex
1131 2677 1237 2752 ouius
1254 2679 1433 2774 sauguine
1449 2699 1515 2773 per
1533 2680 1679 2778 longam
1697 2701 1835 2778 genea-

666 2800 800 2897 logiam
829 2798 1014 2874 descendit
1036 2817 1155 2894 genus
1188 2819 1449 2894 romanorum3
1476 2800 1558 2874 ideo
1594 2803 1689 2876 bene
1722 2802 1831 2876 dicit:

666 2924 756 2996 oudo
784 2923 818 2993 el
845 2921 952 3010 neunt
981 2938 1072 2990 suno
1100 2919 1307 2992 dc'romoni
1336 2912 1417 2992 aad.
1444 2919 1568 2994 Genus
1594 2909 1744 3014 eniml⁸l
1771 2941 1832 2994 ro-

666 3059 860 3114 manorum
894 3037 961 3112 luit
999 3057 1088 3112 vere
1122 3038 1242 3112 nobile
1281 3039 1421 3112 ratione
1458 3039 1612 3133 virtutis,
1651 3040 1833 3136 dignitatis

664 3168 701 3235 et
727 3159 907 3255 potentie,
933 3157 1080 3252 quando
1106 3159 1309 3253 prudentia,
1332 3159 1593 3234 exercitatione
1618 3171 1655 3236 et
1679 3160 1750 3236 fide
1776 3171 1832 3236 to-

665 3289 745 3355 tum
778 3281 985 3353 bumanum
1019 3297 1137 3375 genus
1171 3279 1237 3353 sibi
1271 3280 1388 3374 potuit
1421 3279 1638 3376 subiugare:
1663 3283 1696 3353 si
1722 3302 1832 3372 yeme,

663 3401 765 3492 idest,
792 3400 958 3492 ploratur
982 3403 1019 3470 et
1036 3398 1197 3492 punitur,
1217 3401 1408 3472 deurode
1428 3403 1464 3474 lo
1481 3403 1538 3472 tor
1554 3403 1714 3492 fiommo,
1729 3401 1832 3496 idest,

664 3521 761 3594 inter
785 3523 984 3609 utramque
1013 3517 1201 3590 llammam
1227 3518 1360 3592 borum
1385 3517 1547 3592 duorum
1574 3519 1610 3592 in
1636 3539 1712 3594 uno
1737 3521 1832 3616 igue.

663 3639 706 3711 Et
738 3636 795 3710 bic
830 3640 915 3709 nota
947 3635 1046 3726 quod
1072 3635 1255 3709 Homerus
1282 3635 1384 3730 lingit
1410 3637 1438 3708 V
1464 3636 1592 3710 Hiados
1617 3639 1717 3730 quod
1742 3639 1834 3735 ignis

663 3758 819 3834 invictus
836 3755 990 3830 ardebat
1009 3755 1047 3828 in
1064 3755 1191 3850 clypeo
1209 3761 1246 3829 et
1258 3756 1364 3850 galea
1381 3754 1564 3830 Diomedis
1577 3749 1634 3851 (⁵);
1652 3777 1719 3852 per
1735 3760 1835 3851 quod

665 3880 809 3956 ridetur
825 3878 981 3951 innuere
997 3876 1096 3969 quod
1117 3876 1186 3950 boc
1203 3875 1463 3970 prefigurabat
1479 3868 1516 3969 (⁶)
1528 3877 1706 3953 ardorem
1722 3880 1836 3954 animi

664 4007 702 4077 et
726 4002 847 4074 lucem
873 3995 998 4094 gloriae
1015 3996 1150 4068 luturae
1167 3995 1361 4090 Diomedis,
1379 3995 1472 4071 sicut
1488 4002 1526 4070 et
1543 3997 1712 4095 Virgilius
1732 3999 1836 4096 lingit

664 4119 762 4215 quod
788 4117 879 4215 ignis
905 4114 1020 4192 eluxit
1044 4115 1091 4190 de
1116 4115 1234 4210 capite
1259 4115 1400 4190 Ascanii
1425 4115 1487 4190 filii
1517 4116 1637 4211 linae,
1668 4129 1706 4195 et
1742 4119 1837 4195 sicut

663 4239 787 4314 Livius
810 4237 934 4312 scribit
949 4237 995 4310 de
1012 4234 1127 4309 Tullio
1148 4235 1275 4309 Servio
1292 4245 1396 4312 serto
1418 4256 1507 4332 rege
1528 4257 1780 4332 romauomm,
1796 4246 1834 4314 et

663 4360 710 4434 de
728 4357 840 4433 Lucio
857 4355 986 4430 Martio
1000 4355 1139 4450 juvene
1166 4373 1319 4428 romano
1344 4354 1522 4430 bellatore
1538 4355 1831 4431 victoriosissimo

663 4478 700 4553 in
719 4478 898 4573 Hispania.
921 4475 1058 4550 Deinde
1075 4481 1185 4549 autor
1202 4475 1317 4572 tangd
1333 4475 1536 4550 secundum
1557 4483 1681 4550 actum
1697 4465 1735 4569 (⁷)
1754 4498 1834 4552 ma·

662 4617 745 4694 gne
757 4595 901 4670 astutiae
914 4595 1049 4690 Ulyxis,
1059 4593 1225 4668 videlicet
1242 4594 1429 4688 quomodo
1442 4596 1574 4690 Ulyxes
1586 4601 1623 4670 et
1637 4596 1832 4674 Diomedes

723 4856 754 4919 (¹)
767 4857 793 4907 S.
809 4856 842 4907 da
857 4856 1016 4906 abacistae
1032 4856 1209 4908 lulum-B.
1226 4857 1258 4909 de
1273 4860 1377 4912 iniuria.
1461 4861 1488 4924 (Ἴ
1505 4865 1551 4912 ua
1566 4875 1581 4911 e
1598 4861 1629 4912 B.
1644 4867 1813 4925 mearunt.

725 4937 752 4998 (⁰)
768 4936 799 4985 R.
814 4939 895 4986 sexto.
1461 4937 1488 5002 (ὁ)
1504 4939 1535 4990 Β,
1552 4951 1624 4991 m,

727 5013 753 5074 ll
771 5016 816 5064 uo
832 5025 847 5061 a
864 5011 895 5061 a.
911 5011 1042 5064 ormam
1058 5011 1181 5075 ιειιιοωι,
1197 5026 1245 5078 μοι
1259 5015 1337 5080 quon

727 5087 754 5152 dl
771 5087 974 5152 utimum
1465 5091 1641 5154 rismum
1658 5092 1767 5144 mua.
