4566 6844
710 931 848 987 caurus
873 934 1089 990 rnronsruus
1113 886 1289 1001 oosarus.
1515 926 1584 992 565

415 1097 521 1150 mum
549 1075 700 1151 tendere
724 1075 771 1150 ad
796 1076 969 1151 virtutem
995 1077 1222 1174 aprincipio,
1240 1099 1259 1150 e
1274 1067 1335 1170 9ιᾶ
1358 1081 1476 1153 ilsoie
1490 1083 1586 1154 node

414 1217 587 1271 omezzo
613 1204 725 1287 terzo,
747 1197 848 1291 idest,
874 1198 974 1291 quod
1008 1199 1060 1273 sol
1092 1197 1290 1273 revertitur
1315 1197 1362 1272 ad
1391 1206 1516 1272 ortum
1549 1201 1587 1274 in

412 1317 473 1390 illo
499 1317 571 1391 alio
596 1317 826 1413 hemisperio
852 1319 897 1392 Et
926 1318 1040 1414 tangit
1070 1318 1321 1394 difficultatem
1354 1317 1504 1413 itineris,
1530 1320 1586 1394 di-

412 1457 521 1512 cens:
547 1458 620 1510 non
652 1459 717 1510 ero
746 1441 959 1512 comminuto
987 1440 1025 1511 dt
1050 1441 1209 1530 polonie,
1235 1437 1340 1531 quasi
1366 1437 1484 1512 dicat:
1511 1459 1585 1514 nou

412 1565 493 1634 erat
518 1558 576 1633 via
601 1559 702 1632 laevis
727 1564 764 1634 et
788 1558 895 1654 plana
921 1566 958 1632 et
983 1559 1066 1652 lata,
1093 1549 1129 1631 tri
1158 1579 1222 1632 ove
1246 1579 1408 1651 monam,
1434 1581 1493 1634 mo
1517 1581 1585 1634 no-

412 1683 509 1754 torol
531 1681 678 1771 welto,
696 1678 798 1774 idest,
817 1679 974 1754 obseura
992 1686 1030 1756 et
1046 1679 1170 1755 stricta
1192 1679 1421 1774 naturaliter,
1438 1683 1586 1755 ct'ooeu

414 1807 488 1876 mol
501 1806 614 1892 sunio,
633 1803 734 1896 idest,
761 1823 982 1898 asperum‚e
1007 1806 1045 1876 dt
1064 1805 1154 1876 tome
1176 1805 1328 1895 abanim
1346 1805 1432 1897 quia
1450 1825 1582 1899 parum

413 1923 472 1997 vel
498 1922 585 1996 nihil
611 1922 767 1997 babebat
794 1922 949 1996 luminis.
964 1926 1160 1996 —Prtmn
1188 1924 1292 1998 Nunc
1322 1929 1433 1998 autor
1462 1945 1586 2000 reces-

412 2061 522 2116 surus
551 2062 573 2115 a
604 2040 684 2116 loco
718 2042 805 2135 petit
834 2041 1025 2117 certiorari
1055 2063 1077 2116 a
1106 2042 1255 2139 Virgilio
1287 2042 1334 2119 de
1363 2043 1584 2138 quibusdam

411 2162 540 2236 dubiis.
568 2162 660 2238 Dicit
689 2182 799 2258 ergo:
829 2163 960 2236 dirs’io
984 2165 1127 2254 mondo
1151 2166 1207 2257 soi
1228 2166 1354 2236 dritto:
1379 2186 1402 2236 o
1431 2170 1585 2238 moesto

411 2285 494 2374 mio,
509 2285 692 2376 savellomi
706 2304 754 2356 oo
775 2303 868 2374 poco
894 2303 917 2353 a
942 2285 1071 2356 narmi
1096 2286 1240 2375 d’mo,
1259 2283 1360 2377 idest,
1380 2281 1428 2358 de
1451 2283 1582 2376 dubiis,

411 2401 545 2495 quibus
571 2423 653 2474 sum
680 2400 885 2496 implicitus,
902 2406 1023 2494 primo
1048 2404 1108 2475 ote
1132 2406 1176 2476 de
1200 2403 1352 2476 lobisso
1369 2407 1419 2476 mi
1441 2406 1582 2494 divalia,

409 2521 510 2615 idest,
536 2521 727 2594 abstrahas
741 2515 777 2612 (⁸)
807 2541 877 2596 me.
904 2522 974 2596 Sed
1007 2522 1094 2615 quid
1125 2523 1214 2616 petit
1244 2529 1366 2617 autor,
1391 2544 1478 2598 cum
1504 2523 1583 2618 jam

411 2648 506 2716 esset
530 2643 681 2716 evulsus
706 2647 742 2716 et
767 2648 958 2736 separatus
975 2643 1021 2716 de
1038 2643 1170 2739 abysso
1187 2642 1342 2718 interni?
1365 2642 1580 2738 Dicendum,

409 2764 508 2859 quod
533 2769 613 2838 erat
637 2762 758 2838 adbuc
783 2763 820 2837 in
846 2771 1042 2859 conspeetu
1065 2764 1184 2860 abyssi
1205 2776 1244 2840 et
1268 2764 1483 2859 respiciebat
1507 2767 1583 2838 Lu-

409 2886 582 2977 ciferum3
608 2885 667 2959 vel
691 2885 749 2959 dio
780 2885 880 2978 quod
909 2893 1016 2960 vocat
1046 2887 1220 2982 abyssum
1251 2886 1374 2960 locum
1401 2885 1581 2979 infimum,

412 3007 474 3082 ubi
492 3013 597 3081 erant
611 2996 661 3097 (²).
688 3005 791 3082 Unde
807 3005 929 3082 statim
947 3005 1117 3101 incipient
1134 3006 1333 3082 ascendere
1350 3026 1435 3081 cum
1454 3026 1582 3080 move

411 3129 503 3202 bunt
517 3117 565 3218 (³).
587 3127 631 3199 Et
648 3145 735 3200 ecoe
750 3126 886 3200 dubia:
909 3123 1013 3200 ov’e'e
1030 3130 1067 3199 lo
1083 3129 1267 3218 aboena?
1285 3127 1372 3221 quia
1390 3147 1463 3201 uon
1481 3125 1583 3201 vide·-

409 3249 472 3323 bat
497 3247 653 3342 amplius
677 3267 774 3341 eam,
800 3269 818 3320 e
843 3250 964 3340 quest,
990 3247 1124 3324 scilieet
1156 3248 1312 3341 Lucifer,
1345 3251 1432 3322 oom’
1446 3245 1483 3324 e'e
1507 3251 1583 3340 filio

408 3361 439 3442 si
454 3375 542 3442 sotto
562 3389 685 3462 sopra,
710 3389 729 3440 e
753 3389 849 3442 rome
872 3371 900 3441 u
922 3371 994 3442 sole
1010 3371 1056 3442 to
1073 3356 1163 3461 sotto
1181 3373 1336 3460 bonito,
1356 3369 1458 3464 idest,
1481 3377 1584 3445 tran-

409 3489 533 3581 situm,
558 3491 607 3561 da
631 3510 713 3562 sera
739 3509 762 3559 a
787 3509 902 3578 usone,
928 3488 1030 3582 idest,
1051 3490 1099 3563 ab
1120 3509 1253 3564 occasu
1279 3489 1326 3564 ad
1351 3496 1490 3584 ortum,
1507 3490 1586 3566 sive

407 3628 430 3682 a
455 3613 563 3682 nocte
587 3608 634 3682 ad
659 3606 768 3700 diem,
794 3610 831 3680 in
850 3601 881 3680 si
901 3611 979 3700 poa
992 3615 1089 3682 oro?
1106 3605 1150 3684 Et
1170 3609 1291 3684 subdit
1309 3611 1582 3706 responsionem

408 3727 557 3824 Virgilii,
582 3728 646 3821 qui
672 3728 792 3822 primo
817 3728 932 3823 tangit
958 3749 1110 3804 causam
1136 3729 1398 3824 admirationis,
1416 3737 1453 3806 et
1475 3729 1583 3804 (lubi-

410 3848 552 3923 tatiouis
578 3846 668 3939 eius,
695 3846 792 3921 unde
817 3846 925 3920 dicit:
958 3854 992 3920 et
1019 3851 1076 3920 etti
1104 3869 1127 3919 a
1159 3869 1226 3938 ute,
1251 3848 1387 3924 scilicet
1412 3848 1583 3944 Virgilius

408 3967 613 4062 respondit:
641 3973 676 4039 tu
693 3967 857 4066 ,amantor
889 3985 1025 4039 onemo
1053 3969 1195 4040 d'esser
1225 3968 1263 4040 di
1291 3957 1329 4040 nt
1357 3968 1421 4040 dol
1448 3975 1581 4059 mono,

408 4091 462 4160 ου’
473 4092 509 4160 io
533 4091 582 4160 mi
600 4091 699 4179 prosi
723 4090 762 4159 ol
773 4090 833 4179 pel
847 4089 905 4160 del
923 4107 1042 4160 vermo
1059 4089 1130 4176 ηὀ,
1147 4085 1283 4162 seilicet
1300 4085 1468 4180 Luciferi,
1486 4089 1547 4160 cle
1558 4090 1584 4160 ’t

408 4211 536 4281 mondo
558 4211 658 4301 soro,
684 4207 785 4301 idest,
812 4207 906 4282 lorat
921 4195 970 4300 (⁸),
998 4208 1056 4282 vel
1082 4207 1247 4300 iuratur;
1265 4206 1329 4283 sed
1354 4227 1426 4282 uon
1444 4214 1500 4282 est
1517 4207 1580 4302 sic,

408 4327 494 4421 quia
520 4348 593 4402 non
619 4347 658 4402 es
683 4327 742 4421 ibi,
769 4327 855 4420 quia
881 4327 1125 4422 solummodo,
1146 4329 1184 4401 dt
1203 4317 1252 4418 ld,
1276 4327 1370 4400 ultra
1398 4335 1581 4421 centrum,

404 4451 487 4542 [ost
511 4456 649 4522 conato
675 4452 793 4546 quant
806 4453 840 4522 to
865 4451 962 4539 seesi,
989 4449 1093 4542 quasi
1123 4447 1242 4522 dicat:
1275 4447 1413 4522 tamdiu
1448 4469 1583 4541 quam·-

407 4570 467 4645 diu
495 4569 630 4644 tetendi
656 4570 843 4662 deorsum,
869 4591 887 4642 e
912 4571 1054 4662 quondo
1086 4571 1135 4642 mi
1165 4571 1265 4658 notri,
1298 4567 1400 4662 idest,
1434 4569 1582 4663 quando

408 4689 501 4764 verti
527 4695 638 4784 caput
656 4689 718 4764 ubi
738 4690 917 4764 habebam
936 4689 1058 4784 pedes,
1076 4695 1111 4762 to
1122 4691 1280 4780 possosti
1295 4691 1322 4761 il
1334 4695 1457 4782 mento,
1477 4689 1581 4784 idest,

407 4817 589 4903 centrum,
615 4813 815 4902 alquale·
845 4819 997 4903 noanon
1030 4813 1065 4886 d'
1078 4813 1162 4902 oqui
1184 4817 1290 4902 parce
1321 4813 1334 4882 i
1364 4813 1451 4903 pest,
1482 4812 1581 4906 quia,

469 4998 497 5060 (¹)
514 4999 543 5048 Ε.
561 5004 698 5061 antequam
715 4999 854 5052 abstrahas.
1032 4999 1059 5060 (¹)
1076 5003 1130 5057 llo.
1146 5003 1210 5050 orat.
1227 4997 1300 5048 unua
1316 4997 1403 5048 malim
1418 4997 1531 5060 incipiet.

470 5074 496 5136 (⁸)
513 5073 543 5124 E.
560 5073 742 5126 movebuntur.
1031 5075 1058 5138 (⁸)
1075 5075 1104 5124 E.
1120 5074 1199 5126 iurat.
