4566 6844
682 978 820 1034 CANTUS
844 977 1059 1033 TRlGfflUS
1084 973 1279 1031 succubus.
1495 963 1567 1030 517

395 1149 518 1206 suum.
544 1126 599 1203 hd
624 1127 731 1202 cuius
757 1127 810 1202 rei
835 1125 1109 1224 intelligentiam
1140 1125 1286 1221 plenam
1316 1123 1463 1220 expedit
1487 1143 1569 1201 me-

394 1249 554 1342 minisse,
573 1246 766 1343 quodiam
792 1265 889 1342 saepe
913 1245 951 1320 in
976 1245 1046 1320 isto
1070 1243 1216 1320 lnfemo
1240 1243 1336 1318 facta
1355 1250 1411 1318 est
1428 1243 1568 1319 mentio
1680 1309 1683 1318 ,

395 1369 442 1443 de
466 1367 598 1446 infelici
624 1372 661 1444 et
685 1366 811 1442 infami
832 1365 940 1459 bello,
958 1364 1057 1460 quod
1078 1368 1273 1462 gesserunt
1292 1366 1432 1458 septem
1460 1383 1569 1460 reges

396 1507 608 1586 graecorum
634 1493 762 1562 contra
786 1485 972 1562 civilatem
989 1485 1218 1578 Thebarum3
1238 1503 1325 1558 nam
1351 1483 1490 1557 dictum
1511 1489 1567 1558 est

396 1609 444 1683 de
480 1611 602 1682 morte
636 1605 792 1680 mirabili
825 1603 1037 1700 Amphiarai
1069 1602 1278 1699 peritissimi
1315 1602 1487 1699 auguris,
1523 1601 1571 1677 de

397 1732 519 1802 morte
533 1717 569 1818 (⁴)
592 1724 794 1821 justissima
818 1721 1066 1819 superbissimi
1092 1721 1331 1816 daphnoide
1360 1726 1481 1797 morte
1507 1742 1571 1797 ra·

397 1845 481 1921 bida
505 1844 687 1940 desperati
712 1841 890 1940 Polynicis
914 1862 1001 1918 cum
1026 1841 1142 1916 fratre
1166 1861 1234 1916 suo
1260 1840 1434 1916 Ethiocle.
1461 1841 1567 1916 Nunc

398 1969 509 2039 autor
533 1981 600 2058 per
624 1961 777 2036 modum
803 1959 1084 2056 comparationis
1108 1959 1345 2034 artificialiter
1370 1959 1486 2055 tangit
1509 1979 1572 2034 ra·

397 2082 498 2158 hiem
532 2081 684 2158 feralem
719 2079 984 2156 iracundissimi
1017 2079 1128 2176 Tydei
1160 2077 1197 2152 in
1230 2083 1351 2152 morte
1382 2097 1567 2172 suprema.

398 2200 454 2276 hd
470 2201 575 2277 cuius
593 2202 731 2276 claram
749 2199 994 2297 cognitionem
1011 2205 1066 2274 est
1083 2198 1238 2273 ulterius
1254 2197 1444 2273 sciendum
1459 2196 1570 2291 quod,

399 2323 494 2398 sicut
518 2321 641 2397 scribit
665 2319 800 2394 Statius
824 2321 856 2392 ll
880 2319 1093 2414 Thebaidos,
1112 2319 1300 2415 Polynices
1326 2317 1509 2392 thebanus
1534 2321 1572 2392 et

400 2442 545 2539 Tydeus
564 2439 774 2534 calidonius,
792 2445 952 2534 uterque
977 2439 1064 2514 exul
1081 2438 1166 2514 facti
1182 2437 1310 2535 generi
1329 2437 1427 2534 regis
1452 2435 1570 2511 Adra·

399 2561 444 2636 sti
477 2559 589 2652 senis,
625 2558 689 2653 qui
722 2557 901 2654 regnabat
936 2558 974 2630 in
1008 2556 1145 2654 Argos,
1177 2555 1346 2632 fecerunt
1379 2555 1571 2630 consilium

399 2699 486 2754 cum
513 2697 603 2775 rege
628 2678 675 2752 de
700 2676 901 2773 repetendo
919 2697 1077 2774 regnum
1095 2675 1304 2751 Thebarum
1328 2674 1377 2750 ah
1397 2674 1570 2769 Ethiocle,

401 2798 500 2894 quod
525 2797 713 2894 Polynices
726 2788 764 2890 (¹)
783 2817 830 2872 ex
852 2802 959 2892 pacto
979 2795 1168 2871 dimiserat
1189 2796 1240 2869 illi
1259 2815 1327 2891 per
1350 2815 1511 2889 annum3
1535 2799 1573 2869 et

401 2919 592 2994 obtentum
624 2916 694 2990 finit
725 2917 762 2990 in
795 2915 946 2992 oonsilio
975 2936 1044 3011 pro
1068 2915 1223 3010 meliori,
1249 2914 1349 3009 quod
1373 2918 1575 3011 pretenta-

401 3045 506 3114 retur
523 3037 612 3114 fides
628 3035 750 3112 fratris
763 3038 884 3132 potius
897 3036 1068 3133 precibus
1085 3055 1199 3130 quam
1217 3036 1344 3110 armis.
1363 3036 1487 3123 Quare
1503 3035 1575 3130 Ty-

400 3159 491 3233 deus
516 3165 645 3254 sponte
672 3155 869 3254 assumpsit
893 3156 1086 3254 legationis
1116 3155 1305 3250 officium,
1340 3155 1405 3249 qui
1436 3175 1574 3250 parvus

402 3297 569 3372 corpore,
600 3297 758 3374 magnus
786 3278 923 3372 animo,
948 3277 1051 3352 fortis
1081 3281 1118 3351 et
1146 3275 1267 3350 audax
1297 3275 1448 3350 veniens
1476 3275 1574 3349 The-

401 3397 468 3472 bas
483 3396 627 3471 locutus
653 3405 709 3472 est
732 3416 873 3493 aspere,
891 3397 977 3472 licet
996 3397 1110 3493 juste,
1127 3414 1255 3469 coram
1279 3393 1459 3487 Ethiocfe;
1478 3394 1574 3469 sicut

401 3520 482 3592 erat
512 3515 614 3589 rudis
643 3514 768 3612 lingua
797 3515 862 3590 sed
890 3514 1030 3590 calidos
1061 3515 1128 3609 ira,
1160 3513 1364 3588 admonens
1390 3512 1508 3608 illum,
1535 3520 1577 3586 ut

402 3636 607 3731 imponeret
632 3634 785 3710 modum
812 3636 923 3711 rebus
948 3635 1050 3730 laetis,
1068 3641 1106 3710 et
1130 3634 1332 3729 deponeret
1355 3633 1492 3731 gaudia
1515 3653 1575 3709 re-

400 3755 475 3851 gni,
502 3755 693 3850 quiajam
723 3756 809 3830 satis
842 3755 944 3831 dives
977 3761 1015 3829 et
1043 3753 1248 3850 spectabilis
1283 3753 1464 3828 deriserat
1497 3775 1578 3829 ma-

402 3891 510 3946 crum
541 3873 706 3946 animum
739 3874 910 3969 pauperis
941 3873 1073 3946 fratris.
1105 3872 1171 3947 Cui
1200 3871 1379 3946 Ethioclcs
1412 3872 1573 3968 superbe

402 3991 606 4086 respondit:
636 4011 660 4064 o
690 3991 898 4086 furibunde,
923 4011 998 4064 non
1023 4011 1142 4087 arguo
1171 3997 1209 4065 te
1238 3990 1423 4068 dementia
1448 3992 1573 4086 animi,

403 4109 491 4205 quia
516 4109 631 4184 refers
657 4110 829 4185 mandata
853 4109 990 4184 domiui
1016 4109 1069 4183 tui
1081 4133 1091 4204 ;
1117 4129 1166 4184 an
1192 4109 1321 4206 regina
1340 4115 1489 4186 assueta
1512 4131 1578 4184 su-

402 4230 670 4326 perfluitatibus
687 4229 785 4326 regis
804 4229 901 4304 senis
924 4229 1058 4326 poterit
1082 4229 1157 4324 pati
1175 4230 1268 4304 hanc
1288 4249 1491 4326 pauperem
1510 4231 1577 4306 do-

404 4371 524 4446 mum,
548 4349 608 4424 cui
634 4367 781 4425 sorores
806 4355 942 4424 nostrae
966 4348 1147 4426 serviliter
1160 4340 1199 4443 (³)
1224 4349 1478 4425 famulentur?
1498 4352 1577 4447 jam

403 4470 516 4545 animi
541 4470 643 4566 vulgi
666 4476 911 4544 assueverunt
931 4469 1025 4566 iugo
1055 4489 1153 4563 mco,
1187 4489 1260 4545 non
1292 4469 1409 4564 parcit
1432 4471 1576 4567 populis

405 4609 563 4687 regnum
589 4590 714 4664 breve.
740 4589 843 4665 Tunc
867 4590 1012 4687 tydeus
1041 4588 1232 4686 indignans
1245 4577 1283 4683 (⁸)
1310 4591 1474 4666 clamare
1500 4613 1579 4668 coe·

405 4709 475 4803 pit:
503 4709 632 4784 reddes
658 4709 798 4805 reddes,
824 4711 915 4788 velis
940 4711 1049 4805 nolis3
1076 4717 1114 4787 et
1138 4731 1301 4808 preceps
1326 4713 1486 4788 evolavit
1510 4733 1579 4808 per

466 4919 494 4982 (¹)
510 4919 542 4970 Β.
558 4925 643 4972 morte
658 4923 843 4986 snperblmfml.

466 4997 495 5059 (¹)
511 4995 542 5046 lt.
557 4995 694 5061 Polynices
709 4999 792 5052 buter
807 4999 941 5051 Etheoelb
956 5001 1036 5064 lpslnr
1051 4999 1181 5052 otmunt
1193 4999 1232 5052 llll
1246 5013 1307 5051 enm
1318 5005 1394 5064 paolo
1410 5011 1457 5063 per
1472 5012 1578 5051 anunm.

466 5071 494 5134 l'l
510 5071 541 5123 B·
559 5075 665 5124 fervire·
837 5075 865 5140 (⁸)
881 5076 911 5127 lt
927 5076 1082 5141 indignatur.
