4606 6840
701 831 771 905 uon
1095 839 1299 896 couuuruu
1324 837 1474 892 rnrenru

700 985 749 1063 rit
772 987 824 1060 eis
840 980 876 1080 (¹)
902 985 1072 1079 moritur,
1092 991 1130 1059 et
1146 981 1317 1058 interficit
1333 980 1505 1077 quicquid
1525 979 1647 1054 obviat
1667 976 1743 1052 sibi.
1765 974 1867 1050 Unde

699 1108 868 1182 Lucanus
893 1105 930 1178 in
955 1105 1046 1178 tull
1068 1109 1205 1197 narrat,
1224 1101 1488 1197 quodquidam
1504 1099 1652 1196 jaculus
1669 1118 1715 1172 ex
1735 1104 1869 1171 truuoo

701 1226 842 1300 arboris
867 1223 997 1300 sterilis
1021 1223 1142 1298 iniecit
1167 1243 1207 1296 se
1232 1221 1269 1296 in
1286 1227 1397 1316 eaput
1414 1220 1535 1294 militis
1553 1217 1707 1312 romani,
1724 1215 1785 1290 oui
1803 1234 1870 1291 uo-

703 1365 789 1420 men
810 1354 890 1421 erat
906 1344 1032 1438 Aulus,
1051 1349 1088 1416 et
1106 1340 1284 1416 transfixit
1302 1362 1389 1414 eum
1415 1361 1480 1436 per
1506 1347 1709 1433 utrumque
1727 1344 1872 1434 tempus

703 1465 749 1538 ad
775 1464 927 1538 modum
952 1463 1092 1560 sagitta
1118 1483 1201 1557 quae
1227 1461 1407 1537 emittitur
1433 1461 1480 1535 ab
1504 1481 1606 1534 arou.
1632 1459 1792 1533 Phareas
1817 1462 1873 1532 est

705 1604 864 1678 serpens,
891 1583 954 1677 qui
981 1583 1086 1677 quasi
1111 1590 1210 1657 totus
1235 1588 1381 1656 erectus
1405 1580 1571 1678 graditur
1589 1599 1699 1678 super
1716 1576 1872 1652 caudam

706 1710 743 1778 et
768 1723 877 1798 super
902 1710 1046 1799 partem
1071 1703 1234 1798 corporis
1260 1722 1343 1796 quae
1369 1700 1605 1798 coniungitur
1628 1697 1774 1791 caudae3
1792 1696 1875 1772 ideo

706 1823 851 1896 videtur
876 1822 999 1896 iacere
1014 1823 1157 1897 sulcum
1177 1842 1243 1916 per
1261 1822 1329 1895 iter
1347 1842 1413 1916 per
1430 1821 1529 1916 quod
1548 1820 1657 1914 vadit,
1675 1819 1769 1894 sicut
1786 1817 1876 1892 sori·

707 1942 760 2015 hit
784 1941 952 2016 Lucanus
977 1940 1014 2014 in
1040 1940 1141 2014 Vtut.
1168 1940 1316 2016 Generis
1332 1946 1389 2014 est
1405 1961 1567 2036 serpens,
1584 1939 1648 2033 qui
1666 1937 1776 2012 trahit
1792 1957 1877 2012 eor-

708 2082 777 2155 pus
801 2081 867 2155 per
891 2080 1044 2134 arenam
1071 2066 1183 2154 recte,
1206 2060 1254 2134 ita
1281 2059 1380 2154 qnod
1405 2081 1478 2134 nou
1504 2059 1636 2134 incedit
1661 2057 1825 2133 flexuose
1841 2062 1879 2130 et

709 2186 885 2272 tortuose,
899 2179 993 2253 sicut
1006 2179 1253 2254 communiter
1268 2179 1328 2252 alii
1342 2184 1540 2273 serpentes
1556 2184 1597 2252 ut
1610 2177 1695 2251 dicit
1706 2177 1877 2252 Lucanus

709 2298 746 2372 in
779 2299 878 2372 Villi.
909 2299 1165 2394 Amphisibena
1199 2304 1254 2372 est
1287 2317 1436 2392 serpens
1470 2299 1607 2372 habens
1642 2296 1716 2369 duo
1747 2294 1879 2388 capita,

709 2419 803 2493 sicut
834 2417 957 2492 scribit
986 2418 1156 2492 Lucanus
1188 2426 1224 2493 et
1254 2416 1399 2492 Solinus
1430 2419 1473 2491 de
1497 2416 1710 2490 mirabilibus
1735 2416 1880 2506 muudi;

712 2536 775 2611 sed
800 2536 969 2613 Albertus
994 2557 1151 2632 magnus
1174 2535 1259 2610 dicit
1284 2535 1382 2630 quod
1403 2534 1557 2630 Solinus,
1576 2535 1669 2609 siout
1694 2535 1731 2608 in
1757 2531 1880 2606 multis

715 2656 902 2748 mentitur,
930 2656 978 2732 ita
1003 2656 1041 2729 in
1064 2657 1134 2730 hoc
1150 2645 1186 2748 (²)
1207 2655 1339 2730 salsum
1356 2655 1457 2750 dicit3
1477 2655 1562 2750 quia
1583 2657 1727 2730 nullum
1744 2652 1880 2728 animal

716 2776 930 2850 naturaliter
956 2775 1066 2850 habet
1090 2775 1164 2850 duo
1189 2775 1318 2870 capita,
1343 2782 1381 2849 et
1404 2775 1488 2849 dicit
1513 2775 1612 2870 quod
1636 2775 1809 2870 deeeptus
1827 2777 1881 2848 est

715 2895 797 2970 ideo
822 2895 908 2988 qnia
934 2894 992 2969 hic
1017 2915 1166 2990 serpens
1190 2895 1271 2968 salit
1291 2895 1338 2968 ad
1355 2894 1445 2969 duas
1462 2904 1595 2989 partes,
1614 2893 1780 2970 videlieet
1796 2898 1882 2968 ante

716 3023 755 3090 et
773 3021 891 3110 retr03
907 3021 943 3089 et
956 3015 1039 3088 duae
1056 3015 1309 3090 extremitates
1326 3015 1405 3089 eius
1422 3021 1508 3090 sunt
1524 3015 1562 3088 in
1577 3014 1745 3112 grossitie
1756 3032 1884 3108 aequa·

718 3136 770 3209 les
799 3134 849 3228 ei,
871 3135 969 3228 qnod
994 3142 1049 3209 est
1073 3135 1110 3208 in
1142 3135 1263 3210 medio
1292 3135 1339 3209 de
1367 3155 1523 3232 corpore
1548 3136 1648 3229 eius;
1673 3146 1728 3212 est
1758 3140 1884 3211 autem

718 3273 868 3349 serpens
892 3275 1039 3350 parvus,
1065 3254 1116 3330 sic
1141 3260 1293 3328 vocatus
1316 3261 1464 3350 propter
1485 3255 1760 3332 extremitatum
1783 3253 1886 3329 dehi-

717 3374 868 3468 litatem,
894 3381 931 3448 et
955 3374 1059 3448 dolor
1084 3376 1284 3449 vehemens
1308 3374 1436 3448 accidit
1466 3376 1499 3450 ei
1532 3397 1643 3470 quem
1658 3365 1696 3468 (³)
1731 3374 1887 3470 mordet,

719 3500 756 3566 et
781 3513 928 3566 morsus
952 3493 1031 3567 eius
1056 3493 1234 3588 serpendo
1252 3499 1407 3588 occupat
1428 3501 1546 3568 totum
1569 3516 1703 3592 corpus
1719 3495 1756 3568 in
1773 3513 1888 3589 parvo

721 3618 895 3708 tempore.
921 3613 1022 3685 Ultra
1047 3612 1161 3686 dictos
1186 3618 1372 3706 serpentes
1390 3620 1475 3686 sunt
1501 3614 1537 3688 in
1562 3614 1657 3690 dicta
1677 3634 1791 3689 arena
1808 3612 1888 3688 aliae

721 3739 841 3826 pestes
858 3730 1016 3826 peiorem
1034 3751 1119 3805 nam
1141 3738 1197 3806 est
1221 3731 1269 3805 ibi
1288 3752 1438 3826 serpens
1457 3734 1604 3809 nomine
1620 3733 1739 3829 dipsas
1755 3752 1888 3836 grace,

722 3851 785 3925 sed
810 3849 920 3926 latine
944 3850 1077 3925 dicitur
1094 3851 1213 3946 situla,
1236 3853 1321 3947 quia
1339 3853 1399 3927 ille
1419 3874 1531 3948 quem
1552 3854 1793 3932 momorderit
1809 3874 1891 3928 mo-

722 3971 817 4044 ritur
832 3959 868 4062 (⁴)
894 3970 1046 4046 sitiendo
1071 3979 1108 4047 et
1133 3973 1301 4068 bibendo,
1328 3973 1427 4048 unde
1452 3979 1605 4050 vocatur
1630 3975 1677 4050 ab
1707 3974 1892 4050 Avicenna

724 4111 872 4186 serpens
898 4092 993 4165 sitim
1019 4092 1164 4187 iaciens,
1191 4093 1297 4167 cuius
1322 4094 1509 4190 longitudo
1541 4101 1596 4170 est
1628 4095 1737 4170 unius
1768 4095 1890 4192 palmi,

723 4218 834 4306 caput
859 4211 968 4286 hahet
982 4203 1018 4304 (⁵)
1038 4232 1207 4307 parvum,
1229 4211 1363 4286 collum
1385 4233 1567 4308 grossum,
1589 4221 1626 4289 et
1642 4215 1692 4288 illi
1710 4215 1771 4310 qui
1790 4237 1892 4290 mor·
1968 4205 1978 4224 '

724 4331 833 4404 detur
864 4331 911 4404 ab
941 4351 985 4406 eo
1017 4331 1156 4426 accidit,
1183 4331 1281 4426 quod
1308 4338 1437 4416 venter
1463 4333 1542 4408 eius
1571 4332 1741 4410 aduritur
1771 4344 1808 4412 et
1836 4335 1893 4410 in-

726 4451 950 4546 flammatur,
975 4451 1025 4524 ita
1050 4451 1148 4544 quod
1175 4471 1248 4526 non
1273 4451 1429 4527 satiatur
1458 4475 1567 4550 aqua,
1592 4475 1660 4532 neo
1692 4464 1809 4534 cessat
1840 4457 1894 4531 bi-

727 4571 828 4666 bero,
845 4591 931 4644 cum
952 4576 1076 4645 tamen
1103 4570 1190 4645 nihil
1217 4573 1423 4648 resolvatur
1443 4575 1490 4650 ab
1511 4594 1556 4652 eo
1578 4596 1643 4671 per
1670 4577 1816 4654 urinam
1836 4577 1895 4654 rel

727 4691 912 4784 sudorem,
943 4690 993 4764 ita
1019 4689 1116 4784 quod
1143 4691 1289 4766 indatur
1321 4699 1452 4768 venter
1476 4693 1556 4769 eius
1582 4702 1691 4791 totus,
1717 4703 1754 4774 et
1778 4695 1896 4773 currit

790 4876 817 4938 (¹)
832 4875 863 4926 Β·
879 4889 911 4927 ⁰¹
926 4877 970 4928 οἰδ·
1230 4878 1258 4942 (¹)
1276 4885 1330 4941 tto,
1346 4883 1398 4936 hoo
1414 4883 1539 4940 mentitur
1554 4889 1580 4942 et
1596 4883 1692 4940 fulsum
1707 4885 1777 4942 dicit.

791 4949 818 5016 (⁸)
836 4956 889 5012 rto,
905 4954 1009 5016 quando
1024 4955 1135 5007 mordet.
1232 4955 1260 5018 (⁸)
1277 4961 1330 5018 tto,
1347 4960 1486 5018 morietur.
1609 4959 1637 5032 ζ’]
1653 4961 1681 5020 S,
1694 4961 1798 5021 haum
