4620 6826
748 882 888 939 currus
912 883 1104 940 monendus
1129 885 1290 940 merrus.
1528 870 1596 939 163

428 1024 474 1098 sit
498 1026 657 1122 propria,
675 1028 774 1122 quod
798 1035 919 1124 autor,
939 1029 1001 1123 qui
1018 1021 1054 1122 (⁴)
1072 1049 1169 1125 saepe
1191 1031 1282 1105 solet
1308 1028 1491 1124 appellare
1518 1028 1600 1102 Vir-

427 1147 555 1243 gilium
581 1153 736 1243 patrem,
763 1149 821 1224 bic
845 1157 1035 1245 comparat
1065 1149 1184 1246 ipsum
1212 1149 1333 1244 metri,
1365 1155 1409 1223 ut
1432 1147 1599 1224 ostendat

426 1265 608 1342 intensam
645 1267 875 1342 allectionem
916 1269 995 1344 eius
1033 1269 1070 1343 in
1108 1269 1176 1345 isto
1210 1291 1319 1364 cesu3
1354 1289 1441 1344 num
1479 1273 1599 1342 mater

427 1385 508 1481 plus
533 1386 646 1484 diligit
670 1386 786 1462 lilium
812 1408 924 1481 quem
950 1395 1066 1485 pater,
1087 1396 1127 1464 ut
1144 1390 1229 1465 dicit
1247 1388 1492 1485 philosophus,
1511 1386 1598 1480 quie

426 1511 546 1581 mater
572 1513 627 1582 est
652 1507 768 1604 magis
792 1515 894 1583 certe
920 1509 966 1584 de
991 1507 1064 1584 lilio
1089 1530 1202 1604 quem
1220 1516 1335 1606 puter,
1354 1515 1392 1583 et
1408 1508 1495 1602 quie
1516 1506 1598 1600 plus

426 1625 561 1700 laboris
576 1625 724 1701 duravit
748 1627 786 1701 in
811 1647 980 1722 eo;.nam
1006 1629 1140 1705 mulier
1159 1636 1214 1704 est
1233 1635 1320 1704 ante
1340 1636 1488 1724 partum
1505 1645 1596 1700 one-

427 1765 521 1840 rosa,
540 1747 576 1821 in
594 1754 702 1842 partu
719 1747 901 1843 dolorosa,
914 1757 995 1846 post
1012 1757 1160 1847 partum
1177 1751 1369 1826 laboriosa.
1388 1749 1489 1823 Sicut
1506 1767 1596 1844 ergo

426 1873 545 1942 muter
570 1867 699 1943 liberet
721 1867 835 1943 illium
862 1892 885 1944 a
911 1871 1079 1966 flammis,
1097 1872 1161 1965 qui
1181 1879 1237 1947 est
1262 1872 1441 1967 impotens
1465 1869 1512 1944 ud
1537 1869 1597 1942 iu-

424 1987 610 2083 giendum,
629 2008 676 2064 ne
697 1988 922 2084 periclitetur
948 1992 985 2064 iu
1011 1992 1095 2088 igne
1118 1990 1261 2067 ardenti
1285 1990 1425 2085 vicin03
1442 1989 1494 2064 itu
1514 1989 1597 2062 Vir-

424 2107 530 2204 gilius
556 2108 687 2185 liberat
711 2112 864 2185 Dantem
890 2111 953 2206 qui
982 2119 1063 2187 erat
1088 2112 1267 2206 impotens
1298 2111 1344 2184 ed
1369 2110 1595 2206 fugiendum,

425 2228 511 2321 quie
537 2240 619 2307 erut
642 2251 728 2305 cum
761 2251 927 2327 corpore,
955 2252 1002 2307 ne
1026 2231 1229 2308 suffocetur
1254 2233 1289 2305 in
1314 2232 1394 2327 pice
1418 2231 1594 2326 bullienti,

425 2349 482 2424 vel
509 2349 640 2426 liberat
664 2371 752 2426 eum
777 2373 798 2426 a
825 2353 982 2427 flammis
1007 2351 1148 2428 irarum
1163 2343 1199 2445 (²)
1222 2351 1377 2425 istorum
1397 2350 1597 2426 demonio-

424 2490 520 2543 rum.
534 2475 630 2544 -Ε
650 2467 720 2563 pst.
747 2471 812 2547 llic
835 2478 945 2547 autor
969 2471 1126 2547 ostendit
1151 2471 1306 2545 sormam
1330 2470 1428 2567 iuge
1444 2469 1595 2568 Virgilii,

423 2595 460 2663 et
493 2591 571 2666 vult
601 2591 764 2667 breviter
797 2592 919 2668 dicere
954 2593 1052 2687 quod
1085 2589 1254 2688 Virgilius
1284 2611 1357 2665 non
1391 2589 1595 2686 expectavit

425 2709 734 2802 preconsiderare
759 2713 869 2807 viam,
902 2711 977 2787 bno
1002 2712 1286 2808 precipientem
1303 2700 1340 2802 (³)
1366 2709 1531 2806 permisit
1555 2731 1596 2786 se

427 2847 538 2904 ruere
564 2849 629 2925 per
642 2819 679 2924 (⁸)
706 2833 822 2928 ripum
848 2839 987 2907 rectam
1009 2851 1082 2908 non
1098 2833 1295 2927 jacentem,
1313 2833 1407 2907 sicut
1423 2833 1500 2927 ipse
1515 2831 1596 2908 uvi·

423 2947 537 3044 subet,
563 2950 612 3025 itu
637 2951 737 3044 quod
761 2953 896 3028 [lantes
913 2972 986 3026 non
1003 2951 1129 3028 debuit
1147 2951 1198 3025 ita
1219 2951 1377 3026 molliter
1400 2952 1595 3046 pervenire

423 3067 470 3140 ud
494 3068 648 3144 lundum
677 3071 789 3166 vallis,
814 3072 908 3147 sicut
933 3073 963 3146 si
993 3070 1180 3147 cecidisset
1204 3070 1241 3145 in
1266 3071 1398 3146 vallem
1424 3069 1512 3166 picis
1535 3071 1595 3146 vel

424 3191 611 3286 stercoris,
631 3191 680 3268 iu
698 3191 796 3285 quod
822 3193 916 3268 iorte
934 3192 1001 3266 luit
1018 3191 1083 3266 sibi
1102 3192 1191 3267 utile
1207 3191 1377 3268 incedere
1393 3191 1492 3268 lente
1506 3211 1594 3266 cum

423 3309 619 3406 hypocritis
644 3319 686 3385 ut
712 3318 966 3388 resumeretur
996 3311 1195 3406 modicum,
1222 3311 1309 3408 quia
1333 3312 1490 3389 debebat
1514 3331 1596 3388 esse

422 3433 582 3506 multum
607 3433 744 3509 tractus
766 3440 803 3508 et
824 3434 996 3530 fatigatus
1014 3434 1147 3508 timore
1163 3440 1202 3508 et
1217 3433 1354 3508 labore.
1376 3431 1469 3507 llicit
1484 3452 1593 3530 ergo:

421 3557 458 3626 et
483 3552 542 3627 ille
559 3551 741 3649 Virgilius,
762 3557 861 3628 diedo
885 3575 922 3628 se
946 3557 1061 3648 ιιιρίιι,
1078 3553 1181 3647 idest,
1199 3552 1381 3648 supinavit
1395 3545 1432 3646 (⁶)
1451 3573 1492 3628 se
1508 3573 1594 3628 cum

420 3671 538 3767 capite
563 3679 674 3767 retro,
700 3669 760 3765 put
785 3677 849 3748 dol
870 3677 969 3766 colle,
995 3673 1097 3768 idest,
1123 3694 1146 3748 a
1175 3673 1348 3768 culmine,
1372 3675 1415 3746 de
1446 3675 1484 3746 la
1512 3677 1596 3764 ripa

422 3795 528 3886 duro,
546 3793 633 3887 quin
649 3793 772 3868 omniu
797 3801 884 3868 sunt
900 3813 1011 3868 suren
1037 3799 1075 3868 et
1099 3799 1245 3887 petrosa
1265 3791 1332 3866 ista
1351 3791 1443 3886 loce,
1461 3797 1502 3866 ut
1514 3792 1593 3886 jem

420 3931 518 4007 saepe
541 3914 669 4009 putuit,
695 3935 718 3988 a
744 3917 781 3988 ln
804 3917 937 4005 roccio,
962 3911 1064 4006 idest,
1089 3917 1240 4004 costum,
1254 3912 1435 4003 pendente,
1452 3917 1490 3984 et
1507 3929 1594 3986 ecee

420 4053 504 4126 que
530 4033 608 4130 ripa
633 4035 691 4110 vel
716 4041 817 4110 coste
846 4039 902 4108 est
932 4032 1012 4126 iste,
1037 4033 1088 4104 ct’
1101 4027 1151 4121 de,
1178 4029 1279 4124 idest,
1310 4049 1394 4122 que
1421 4029 1499 4125 ripe
1523 4037 1590 4124 est,

420 4155 443 4226 t
455 4175 504 4228 un
537 4155 581 4226 de
614 4157 677 4227 loti
707 4176 731 4226 o
764 4157 895 4228 t’altm
927 4153 1139 4244 bolgtutrtro,
1164 4150 1267 4244 idest,
1292 4156 1348 4224 est
1376 4148 1592 4245 principium

421 4273 573 4348 ulterius
597 4272 730 4371 bulgiae
761 4279 875 4348 sexte
904 4271 1108 4366 sequentis;
1135 4289 1220 4345 nem
1246 4270 1364 4361 bolgtb
1396 4275 1432 4344 et
1457 4270 1594 4361 bolom

423 4400 505 4466 mro
529 4392 626 4468 idem
652 4401 717 4468 est.
750 4395 795 4468 Et
825 4391 947 4468 subdit
978 4391 1148 4468 festinum
1182 4409 1336 4465 cursum
1361 4387 1497 4486 Virgilii
1527 4409 1593 4486 per

425 4533 537 4588 unam
563 4513 875 4609 comparutionem
892 4511 999 4588 valde
1023 4512 1160 4586 claram
1188 4531 1272 4605 que
1297 4515 1353 4584 est
1377 4508 1423 4584 de
1447 4529 1488 4584 se
1512 4529 1594 4586 mu·

428 4632 565 4710 nileste.
587 4633 689 4709 Unde
712 4631 819 4709 dicit:
845 4653 959 4726 nomm
975 4651 1047 4704 nou
1062 4651 1163 4704 corre
1181 4633 1256 4704 mut
1272 4621 1303 4704 sl
1326 4635 1414 4704 tosto
1424 4651 1494 4722 per
1509 4632 1594 4704 doc-

483 4865 510 4925 l')
526 4861 552 4913 S.
568 4863 613 4928 qul
629 4861 704 4915 colet.
1017 4861 1045 4924 (¹)
1062 4863 1116 4922 tro,
1134 4862 1205 4913 iretis
1221 4861 1332 4912 istorum
1348 4860 1504 4912 damnum

483 4937 511 5004 l')
527 4939 557 4990 lt.
573 4952 589 4990 o
606 4943 660 5001 111,
677 4941 874 5004 pruclpltmler.
1017 4937 1045 5002 (⁸)
1062 4937 1093 4989 B.
1109 4951 1157 5002 pur
1172 4939 1240 4989 rlmn
1255 4941 1363 4988 metm.

484 5013 511 5080 (Ἴ
529 5019 583 5078 ¹¹⁸2
599 5018 764 5082 mimi·
