4526 6836
745 957 790 1024 56
1135 967 1339 1024 comtum
1363 969 1514 1026 INFERNI
1546 982 1557 992 ¹·

744 1113 938 1210 respondet
954 1113 1020 1188 sibi
1032 1113 1174 1189 dicens:
1191 1123 1286 1188 certo
1297 1135 1369 1188 non
1381 1117 1489 1190 onere
1502 1138 1540 1192 se
1557 1119 1784 1200 mutumne
1794 1123 1906 1216 retro,

744 1233 846 1328 idest,
863 1253 1020 1328 sequere
1042 1233 1193 1331 vestigia
1210 1254 1304 1328 mea,
1322 1233 1537 1330 doctrinam,
1556 1243 1822 1332 paupertatem,
1840 1239 1911 1311 hu·

746 1353 946 1449 militatem,
972 1355 1186 1448 veritatem,
1211 1360 1313 1430 certe
1337 1353 1367 1428 si
1392 1355 1577 1450 petivisset
1607 1355 1719 1450 aliud,
1745 1377 1819 1432 non
1843 1357 1911 1432 lra-

745 1473 882 1549 buisset
910 1457 997 1568 quid
1022 1473 1145 1549 daret:
1174 1473 1270 1550 unde
1300 1495 1387 1549 cum
1417 1475 1559 1550 sanavit
1583 1482 1776 1571 egrotum,
1801 1475 1910 1550 dixit:
2001 1465 2006 1478 '

744 1613 881 1667 aurum
906 1601 944 1668 ct
967 1599 1162 1690 argentum
1181 1615 1254 1670 non
1271 1600 1326 1670 est
1341 1593 1453 1687 milri:
1472 1594 1572 1688 quod
1588 1595 1677 1670 milri
1694 1601 1761 1689 est,
1777 1595 1910 1689 accipe.
2055 1649 2059 1656 .

744 1714 789 1786 Et
812 1713 944 1807 subdit,
970 1713 1068 1806 quod
1093 1713 1187 1788 sicut
1213 1714 1308 1789 male
1328 1713 1517 1790 imitantur
1533 1713 1685 1811 vestigia
1702 1713 1844 1809 Christi,
1862 1714 1911 1788 ita

745 1833 842 1906 male
866 1833 1055 1908 imitantur
1079 1831 1231 1929 vestigia
1254 1834 1519 1928 apostolorum,
1545 1833 1632 1928 quia
1661 1834 1755 1909 lorte
1780 1819 1912 1928 aliquis

744 1953 899 2028 istorum
924 1951 1080 2028 diceret:
1099 1972 1172 2027 non
1189 1952 1307 2028 omnis
1323 1953 1496 2048 prelatus
1516 1959 1635 2048 potest
1651 1973 1732 2030 esse
1748 1953 1911 2030 Christus

743 2078 809 2147 aut
834 2072 938 2166 sequi
963 2071 1115 2169 vestigia
1139 2071 1229 2148 eius.
1256 2071 1341 2147 ldeo
1364 2072 1451 2147 dicit
1465 2071 1596 2167 autor,
1621 2073 1720 2166 quod
1746 2071 1912 2148 homines

743 2192 894 2267 luerunt
919 2191 982 2285 qui
1006 2191 1122 2266 secuti
1147 2197 1232 2266 sunt
1257 2211 1356 2285 eum,
1377 2190 1513 2268 seilicet
1529 2192 1691 2286 apostoli,
1709 2190 1840 2267 *unde
1854 2191 1912 2266 dl-

743 2311 810 2385 cit:
828 2304 876 2384 nd
889 2311 983 2400 Pier,
1000 2309 1141 2405 primus
1157 2331 1263 2406 papa,
1280 2304 1327 2384 nd
1337 2314 1389 2403 pti
1404 2313 1501 2403 atti,
1520 2310 1656 2386 scilicet
1671 2303 1910 2406 apostoli*(¹),

744 2434 871 2504 nuno
886 2451 911 2502 a
930 2433 1066 2521 llottiu,
1093 2430 1227 2506 scilicet
1250 2430 1425 2525 apostolo,
1451 2451 1518 2504 oro
1542 2450 1565 2534 ‚⁰
1589 2437 1751 2522 macario,
1769 2432 1912 2522 qttondu

741 2549 1056 2644 resarsurum:
1083 2569 1150 2644 per
1181 2555 1317 2624 sortem
1352 2550 1504 2642 electus,
1538 2551 1577 2622 ul
1605 2551 1682 2622 loco
1713 2551 1773 2622 cic
1803 2545 1914 2644 parde*

744 2671 900 2742 tunimo
924 2671 996 2759 riu,
1020 2668 1156 2744 scilicet
1180 2668 1301 2763 ludas,
1319 2669 1425 2744 culus
1441 2668 1566 2743 anima
1591 2669 1691 2744 nullu
1711 2668 1779 2745 luit
1795 2669 1909 2764 peior.

745 2788 863 2862 Unde:
889 2788 1028 2862 bonum
1051 2794 1133 2862 erat
1151 2788 1184 2864 ei
1199 2778 1236 2880 (¹)
1263 2787 1291 2862 si
1319 2795 1427 2863 natus
1453 2807 1525 2862 non
1551 2787 1677 2862 luisset
1702 2789 1814 2862 homo
1838 2789 1908 2863 ille.

699 2925 702 2932 ’
743 2906 891 2982 Clarum
917 2915 972 2984 est
997 2909 1182 3004 quomodo
1207 2909 1356 2983 llatlrias
1381 2907 1448 2982 luit
1472 2907 1690 2982 substitutus
1706 2898 1743 3000 (³)
1769 2909 1806 2982 in
1832 2909 1912 2984 loco

743 3029 858 3123 Judae,
884 3035 926 3102 ut
949 3029 1106 3104 habetur
1135 3027 1171 3104 in
1202 3027 1343 3103 actibus
1371 3027 1632 3122 apostolorum.
1647 3065 1697 3082 -
1711 3019 1813 3100 Pud.
1847 3027 1926 3102 ffica

743 3155 852 3224 autur
877 3150 1080 3245 specialiter
1104 3149 1287 3242 vituperat
1311 3147 1503 3222 Nicolaum
1524 3145 1570 3222 de
1586 3165 1632 3220 eo
1649 3146 1748 3240 quod
1769 3146 1911 3222 dixerat

743 3290 866 3364 supra,
883 3269 1028 3348 ,scilicet
1051 3269 1150 3363 quod
1174 3267 1474 3344 accumulaverat
1498 3265 1692 3360 pecuniam
1717 3287 1785 3361 pro
1809 3268 1912 3342 eral-

744 3389 880 3463 tatione
905 3388 1133 3481 Ursinorum,
1159 3406 1454 3462 commemorans
1477 3385 1545 3459 sihi
1572 3405 1688 3460 unum
1713 3385 1911 3482 singulare,

744 3507 842 3601 quod
873 3505 957 3580 tecit
980 3506 1027 3581 ad
1052 3505 1353 3603 magnificandam
1384 3524 1490 3579 suam
1523 3504 1688 3579 domum.
1720 3505 1774 3580 Ad
1806 3505 1912 3580 cuius

744 3625 1016 3723 intelligentiam
1034 3632 1090 3702 est
1109 3624 1309 3720 sciendum,
1327 3624 1427 3718 quod
1445 3624 1512 3700 iste
1529 3645 1622 3720 papa
1642 3625 1811 3700 Nicolaus
1831 3632 1913 3702 ten-

744 3749 833 3823 tavit
858 3748 1076 3823 contrahere
1099 3745 1314 3821 affinitatem
1340 3765 1426 3820 cum
1450 3745 1580 3820 Carolo
1607 3745 1621 3818 l
1647 3745 1776 3839 veteri,
1793 3756 1831 3823 et
1847 3765 1914 3820 vo-

745 3869 812 3942 luit
835 3867 925 3942 dare
950 3887 1064 3940 unam
1089 3885 1195 3940 suam
1221 3870 1367 3960 neptem
1394 3865 1460 3938 uni
1487 3865 1609 3961 nepoti
1633 3864 1724 3940 eius.
1751 3864 1817 3939 Cui
1843 3865 1912 3940 Ca·

745 3989 846 4062 rolus
871 3985 1074 4082 respondit:
1092 3985 1175 4059 licet
1200 3983 1332 4059 lrabeat
1353 3983 1602 4060 calceamenta
1618 3983 1748 4078 rubea,
1765 4001 1839 4060 non
1858 3990 1914 4058 est

744 4107 824 4182 eius
847 4104 996 4204 sanguis
1019 4105 1151 4203 dignus
1181 4111 1306 4179 nostra
1336 4101 1523 4178 affinitate
1554 4104 1607 4176 Ex
1639 4123 1714 4197 quo
1745 4102 1913 4178 Nicotaus

742 4227 949 4323 indignatus
973 4226 1094 4322 palam
1120 4223 1275 4320 privavit
1299 4243 1388 4324 eum
1415 4227 1545 4298 senatu
1563 4222 1664 4296 urbis
1681 4228 1719 4298 et
1735 4221 1911 4298 vicariatu

742 4345 893 4439 Tusciae,
919 4365 1030 4439 quem
1057 4343 1214 4418 habehat
1239 4342 1287 4416 ab
1312 4341 1466 4418 ecclesia
1493 4346 1648 4416 vacante
1672 4341 1850 4437 imperio,
1876 4352 1912 4418 et

743 4467 838 4540 clam
854 4452 890 4556 (⁴)
916 4463 954 4537 in
977 4461 1151 4536 omnibus
1176 4467 1257 4536 erat
1281 4460 1348 4535 sibi
1374 4460 1485 4538 hostis
1515 4459 1675 4556 infestus,
1701 4461 1801 4536 unde
1824 4481 1913 4536 con-

743 4583 854 4659 sensit
879 4581 1065 4658 rebellioni
1090 4579 1219 4656 Sicilire
1243 4601 1311 4676 pro
1336 4602 1412 4674 qua
1436 4581 1573 4676 recepit
1595 4601 1768 4679 magnam
1793 4600 1912 4675 quan-

806 4847 834 4950 (2)
850 4847 886 4897 te
901 4845 990 4910 parole
1007 4844 1047 4895 tra
1062 4844 1071 4895 i
1087 4845 1137 4895 dua
1153 4843 1286 4896 aurucm
1302 4857 1366 4895 sono
1382 4843 1495 4909 tupptlto
1511 4844 1553 4896 dai
1569 4843 1657 4896 Codlel
1673 4843 1810 4894 llam·
1827 4845 1881 4892 tlt.

805 4927 834 5063 ἑὲ
849 4923 882 5050 ξ.
897 4922 1004 5050 Ιιιέτιιίιιιι
1019 4997 1046 5049 ln
1062 4997 1170 5050 locu·
1180 5001 1233 5059 att,
1250 4998 1403 5050 autadtutus
1420 5000 1446 5050 ln
1463 5001 1550 5052 locam
1565 4999 1649 5050 ludo.

807 5077 834 5140 Ρ)
849 5076 881 5128 lt
898 5074 966 5127 cum
981 5074 1109 5126 omnibus.
