4566 6844
685 978 827 1034 caurus
852 975 1070 1034 maurontus
1094 973 1289 1052 secunuus.
1502 963 1573 1031 ter

401 1123 474 1219 uei,
499 1142 547 1199 ex
572 1121 702 1198 eadem
732 1130 853 1199 matre
878 1131 916 1200 et
939 1143 987 1199 ex
1012 1121 1143 1198 eodem
1168 1125 1274 1215 patre
1299 1119 1375 1196 nati
1391 1113 1440 1212 (¹).
1467 1118 1576 1195 Vide-

401 1243 610 1321 musenim
636 1228 895 1338 communiter,
921 1241 1020 1339 quod
1054 1242 1200 1336 iratres,
1234 1239 1410 1335 quisunt
1442 1259 1490 1314 ex
1520 1238 1576 1316 di·

403 1364 518 1440 versis
534 1363 725 1458 matribus,
743 1384 817 1439 uon
842 1364 893 1439 ita
918 1361 1072 1438 faciliter
1087 1359 1312 1436 conveniunt
1337 1358 1432 1434 inter
1459 1378 1516 1452 se3
1538 1365 1576 1433 et

400 1485 484 1560 ideo
508 1483 702 1579 concludit,
728 1483 828 1579 quod
851 1489 937 1558 sunt
968 1481 1167 1578 dignissimi
1196 1479 1364 1555 omnium
1394 1479 1512 1554 smndi
1537 1478 1576 1552 in

402 1603 522 1701 prima
546 1609 652 1699 parte
674 1603 816 1700 glaciei,
842 1623 955 1698 quam
981 1601 1156 1678 Cbainam
1184 1591 1354 1692 vocat(²).
1380 1600 1425 1673 Et
1448 1599 1495 1674 ad
1519 1599 1576 1672 in-

403 1723 636 1820 telligendam
672 1725 778 1800 istam
810 1723 955 1799 literam
986 1721 1072 1796 volo
1098 1727 1134 1796 te
1158 1727 1301 1816 notare,
1334 1720 1434 1815 quod
1464 1725 1575 1796 autor

404 1864 539 1940 magna
563 1851 645 1919 arte
669 1843 795 1919 dividit
820 1848 934 1919 totam
960 1841 1068 1915 utam
1101 1837 1291 1938 regionem
1321 1838 1511 1936 glacialem
1537 1839 1575 1912 in

332 2015 361 2046 2
405 1971 567 2058 quatuor
591 1971 714 2060 partes
738 1963 942 2039 secundum
972 1967 1134 2055 quatuor
1163 1959 1301 2055 species
1332 1959 1576 2055 proditorum,

405 2082 469 2177 qui
486 2082 690 2178 puniuntur
707 2083 744 2157 iu
769 2081 839 2176 eis;
856 2099 1018 2175 quarum
1036 2079 1193 2174 primam
1211 2080 1369 2177 appellat
1385 2080 1576 2176 (bainam,

404 2200 579 2276 altheim
605 2203 725 2298 primo
749 2198 936 2296 proditore
965 2199 1022 2274 sui
1054 2198 1252 2295 sauguinis,
1278 2199 1342 2294 qui
1371 2220 1418 2275 ex
1444 2198 1577 2274 invidia

405 2319 585 2396 interiecit
610 2322 762 2396 fratrom
788 2339 899 2394 suum
925 2319 1028 2412 Abel,
1046 2325 1087 2392 ut
1103 2318 1241 2393 dictum
1268 2327 1326 2394 est
1348 2339 1460 2414 supra
1477 2318 1578 2414 capi·

406 2441 485 2514 tulo
501 2440 528 2534 l,
554 2446 591 2514 et
615 2439 758 2514 dicetur
774 2439 982 2536 Purgatorii
1008 2439 1167 2534 capitulo
1185 2439 1277 2512 xlltl
1287 2463 1298 2534 ;
1315 2439 1362 2514 de
1379 2430 1576 2534 reliquis(⁸)

406 2558 547 2653 quartis
571 2557 715 2633 dicetur
744 2559 838 2634 inira
870 2557 947 2633 suis
980 2556 1078 2633 locis.
1112 2556 1206 2632 llicit
1234 2577 1347 2654 ergo:
1378 2579 1398 2631 e
1426 2565 1512 2632 roua
1541 2561 1578 2632 lu

410 2679 522 2750 duim
540 2681 665 2770 potrai
687 2699 843 2770 cerem,
868 2699 887 2751 c
915 2698 989 2751 non
1022 2680 1179 2750 troonot
1210 2677 1350 2768 ombro,
1374 2677 1478 2772 idest,
1505 2697 1578 2752 nou

406 2795 543 2893 poteris
567 2797 734 2873 invenire
758 2797 919 2891 aliquam
945 2797 1055 2872 aliam
1085 2797 1247 2872 animam
1278 2796 1512 2892 proditricem
1528 2785 1578 2892 (⁸),

402 2912 466 3012 pttl
490 2918 600 3007 dipnu
624 2919 660 2990 d'
671 2939 766 2990 esser
796 2920 874 3011 pitto
902 2920 940 2992 io
967 2919 1135 3009 oetaeo,
1160 2916 1262 3010 idest,
1289 2917 1327 2990 in
1360 2917 1465 2992 istam
1500 2917 1580 3013 gla-

408 3036 503 3112 ciem
528 3037 764 3134 gelatam.-
777 3041 857 3110 Non
888 3039 1012 3129 qualo.
1038 3037 1104 3111 Hic
1134 3036 1329 3131 predictus
1363 3036 1510 3132 spiritus
1541 3037 1579 3111 in

408 3155 686 3230 detestationem
712 3155 802 3229 tanti
828 3155 915 3230 mali
939 3175 1006 3252 per
1031 3155 1184 3230 modum
1210 3155 1492 3251 comparationis
1511 3177 1581 3231 no·

410 3273 526 3349 minat
558 3281 596 3349 et
628 3274 765 3371 detegit
797 3275 886 3350 alios
921 3275 1125 3371 proditores
1159 3275 1325 3352 eiusdem
1360 3275 1503 3372 speciei,
1538 3282 1582 3351 ut

409 3391 577 3468 ostendat
593 3393 693 3486 quod
713 3393 804 3468 nulli
825 3394 977 3469 inerunt
1002 3395 1137 3471 similes
1158 3395 1251 3489 istis3
1270 3402 1308 3471 et
1323 3397 1445 3493 primo
1462 3397 1583 3471 nomi-

409 3516 474 3588 nat
498 3511 697 3606 quemdam
715 3512 910 3607 antiquum
927 3512 1163 3609 proditorem,
1181 3515 1246 3609 qui
1262 3515 1418 3609 prodidit
1439 3523 1582 3612 patrem
1632 3605 1639 3621 ⁸

409 3651 521 3709 suum
543 3631 655 3706 nimis
680 3632 892 3708 enormiter.
919 3632 973 3707 ild
997 3633 1186 3709 sciendum
1213 3635 1325 3732 igitur
1338 3627 1375 3729 (ὅ)
1404 3637 1486 3730 quis
1516 3637 1584 3712 tuit

409 3750 477 3827 iste
502 3749 763 3858 perfidissimus
782 3751 946 3847 proditor
962 3754 1047 3828 volo
1072 3760 1110 3828 te
1132 3754 1227 3830 scire
1247 3756 1360 3851 quod,
1379 3756 1474 3831 sicut
1491 3757 1583 3831 scri-

409 3870 463 3946 bit
487 3869 696 3945 Gualterius
720 3871 885 3966 anglicus
910 3871 948 3944 in
972 3892 1041 3946 sua
1066 3873 1239 3947 chronica
1265 3895 1351 3968 quae
1379 3875 1583 3952 britannica

411 3995 578 4083 vocatur,
608 3987 646 4061 in
670 4009 746 4082 qua
769 3987 946 4064 admiscet
978 3990 1095 4065 multa
1128 3990 1217 4065 salsa
1250 3991 1347 4066 veris
1376 3993 1413 4066 in
1443 3995 1583 4070 exalta·

412 4107 550 4182 tionem
575 4127 653 4181 suae
680 4107 848 4204 regionis,
874 4108 1034 4182 Arturus
1051 4128 1119 4183 rex
1136 4109 1359 4185 clarissimus
1375 4113 1583 4209 occidentis,

413 4230 564 4300 mortuo
589 4231 703 4320 patre,
729 4225 799 4338 qui·
820 4233 973 4302 vocatus
997 4233 1053 4303 est
1082 4229 1171 4302 Uter
1201 4229 1426 4328 pendragon,
1458 4231 1584 4307 adole-

414 4345 603 4420 scentulus
626 4344 835 4439 quindecim
864 4366 1049 4422 enuorum
1081 4351 1220 4421 tautam
1249 4350 1408 4446 gratiam
1440 4351 1585 4427 virtutis

413 4471 451 4542 et
475 4462 652 4540 felicitatis
678 4464 805 4540 babuit
830 4465 868 4539 iu
893 4465 1014 4540 insula
1034 4465 1242 4562 Britanniae,
1260 4467 1360 4562 quod
1378 4475 1493 4544 totam
1518 4491 1586 4567 pa-

413 4583 523 4660 triam
540 4583 704 4681 probiter
730 4584 953 4681 reformarit,
971 4584 1121 4661 devictis
1138 4587 1336 4662 saxonibus
1352 4590 1416 4684 qui
1438 4589 1587 4666 intesta·

414 4703 503 4778 bant
527 4704 655 4799 ipsam,
681 4711 718 4782 et
747 4726 876 4782 omnes
908 4706 1045 4782 insulas
1075 4706 1428 4786 circumadiacentes
1457 4711 1587 4786 subiu-

413 4821 524 4918 gavit
559 4823 697 4900 Deinde
730 4845 903 4901 reversus
939 4825 977 4899 in
1013 4825 1237 4900 Britanniam
1273 4827 1447 4904 tredecim
1482 4830 1586 4904 annis

476 5008 504 5070 i')
519 5006 546 5057 S·
562 5008 649 5071 mlti-
821 5012 848 5072 ζ’)
865 5013 890 5062 S.
907 5023 922 5060 e
939 5011 969 5061 E.
986 5016 1087 5061 vocant.
1181 5010 1208 5073 t')
1224 5011 1251 5062 S.
1268 5013 1376 5077 reliquls
1391 5013 1494 5066 dicetur
1510 5015 1585 5066 inira.

476 5084 504 5146 i'l
521 5083 551 5134 E·
568 5085 746 5148 proditionem.
820 5088 848 5150 (¹)
865 5087 896 5138 B.
912 5101 976 5152 erpo
992 5087 1049 5151 qun
1064 5086 1144 5138 suerit
1157 5088 1213 5138 late.

550 5191 581 5238 Π.
1424 5199 1452 5242 ΙΙ
