4534 6842
733 943 802 1015 tto
1125 945 1329 1016 cou'nurmr
1354 961 1505 1014 mrnnm

729 1103 780 1178 dit
805 1111 841 1180 et
870 1102 1014 1198 didicit3
1039 1103 1126 1198 quia
1152 1123 1242 1200 crgo
1268 1105 1319 1180 sic
1344 1105 1509 1198 timebat,
1541 1103 1638 1198 dicit,
1666 1125 1686 1177 e
1717 1125 1790 1178 non
1822 1111 1898 1179 tor-

729 1245 790 1298 cca
814 1227 865 1315 po·
888 1227 996 1315 occdi,
1021 1224 1124 1320 idest,
1150 1245 1222 1298 uon
1249 1225 1487 1300 removebam
1513 1223 1645 1319 visum,
1671 1227 1720 1298 do
1746 1229 1781 1299 tu
1805 1247 1897 1300 sen-

728 1345 867 1418 dtoncic
892 1348 948 1418 tor
972 1347 1100 1417 ct'cra
1125 1365 1197 1418 non
1221 1345 1328 1438 douc,
1345 1346 1421 1419 imo
1446 1345 1553 1439 mala,
1572 1345 1659 1439 quia
1679 1345 1897 1422 videbantur

728 1463 878 1539 animati
895 1465 1054 1539 muttum
1068 1465 1114 1540 ad
1127 1464 1346 1540 iniciendum
1362 1457 1398 1558 (¹)
1414 1485 1526 1540 uncos
1543 1465 1580 1539 in
1594 1485 1675 1561 me;
1688 1473 1726 1541 et
1741 1465 1897 1541 ostendit

729 1585 926 1679 quomodo,
952 1585 1091 1660 dicens:
1118 1589 1162 1676 et,
1189 1584 1323 1660 scilicet
1348 1585 1545 1680 daemoues,
1574 1587 1896 1679 eneruauerunt,

729 1711 857 1780 contra
875 1725 936 1780 me
951 1705 1157 1781 feriendum
1172 1697 1222 1800 (¹),
1240 1727 1259 1778 e
1276 1708 1373 1780 dacco
1394 1709 1470 1780 tuo
1485 1727 1552 1779 con
1568 1708 1711 1781 t’nttro:
1735 1709 1858 1780 oo'cte
1875 1709 1901 1780 't

729 1826 839 1897 toccti
860 1827 898 1898 to
921 1828 978 1898 sut
1002 1845 1192 1918 preppouc,
1217 1825 1321 1918 quasi
1347 1825 1464 1900 dicat:
1491 1825 1545 1901 vis
1570 1831 1611 1898 tu
1637 1825 1736 1919 quod
1759 1825 1845 1900 dem
1859 1817 1897 1918 (³)

729 1945 794 2019 sihi
821 1945 933 2020 talem
959 1946 1244 2040 percussionem,
1262 1945 1361 2040 quod
1387 1966 1459 2020 nou
1485 1945 1603 2040 erigat
1628 1965 1668 2020 se
1693 1944 1730 2019 in
1755 1946 1895 2041 spinam

729 2064 775 2138 de
792 2065 860 2139 isto
880 2069 1072 2160 tempore?
1098 2065 1147 2139 ita
1164 2071 1264 2140 recte
1280 2065 1406 2139 dicunt
1422 2065 1607 2158 baratarii,
1625 2071 1662 2140 et
1679 2063 1709 2138 si
1726 2085 1799 2139 non
1816 2086 1894 2159 ore,

580 2269 585 2280 ,
728 2186 858 2261 saitem
883 2185 1006 2281 corde,
1031 2207 1050 2258 e
1073 2189 1308 2279 respondean,
1329 2185 1463 2260 scilicet
1487 2186 1560 2280 atii,
1580 2178 1623 2278 si,
1644 2185 1746 2280 idest,
1763 2185 1814 2259 ita
1831 2207 1898 2260 vo-

729 2309 854 2382 lumus
878 2307 986 2382 serias
1012 2326 1100 2382 cum
1126 2307 1173 2380 ibi
1187 2295 1238 2401 (⁸),
1263 2307 1363 2381 uude
1386 2305 1565 2401 dicebant,
1580 2309 1632 2401 [α’
1644 2309 1703 2379 cde
1728 2308 1754 2380 ti
1778 2327 1900 2380 necoc-

728 2429 794 2518 cti,
820 2425 911 2502 idest
936 2427 993 2501 iac
1019 2425 1118 2521 quod
1143 2425 1272 2522 affigas
1298 2446 1387 2500 eum
1418 2433 1455 2501 et
1480 2426 1643 2501 attaches
1667 2446 1754 2501 eum
1787 2425 1834 2499 ibi
1861 2425 1898 2499 in

728 2565 902 2643 grepoue,
928 2546 978 2620 ita
1014 2545 1113 2640 quod
1147 2545 1277 2620 sentiat
1314 2545 1361 2621 ad
1392 2545 1531 2641 vivum,
1557 2543 1607 2620 ita
1644 2545 1744 2640 quod
1779 2544 1809 2618 si
1843 2552 1898 2620 cst

729 2667 835 2741 vivus
860 2666 956 2741 bene
977 2665 1117 2741 sentiet.
1137 2665 1180 2739 Et
1197 2685 1263 2760 per
1279 2667 1349 2740 hoc
1365 2667 1445 2742 vudt
1462 2673 1572 2741 autor
1589 2664 1896 2760 ostenderequod

728 2785 874 2861 diffinite
899 2793 954 2861 est
975 2786 1114 2861 homini
1134 2792 1478 2881 quantumcumque
1497 2787 1593 2861 bono
1612 2792 1648 2863 et
1663 2787 1764 2882 justo
1781 2793 1900 2882 traus-¹

729 2907 784 2982 ire
818 2927 884 3002 per
913 2927 1045 2982 manus
1070 2906 1236 3002 istorum,
1263 2906 1350 3001 quia
1373 2913 1517 3003 oportet
1538 2907 1638 3001 quod
1666 2927 1763 3003 saepe
1788 2905 1899 2982 relin-

730 3034 818 3122 quat
842 3026 979 3122 aliquid
1003 3027 1049 3102 de
1073 3026 1145 3122 pito
1170 3027 1229 3102 vel
1245 3026 1292 3102 de
1307 3027 1420 3123 paitc3
1441 3027 1571 3104 saitem
1596 3035 1739 3124 oportet
1756 3029 1896 3104 adulari

728 3146 792 3242 cis,
818 3153 856 3222 ct
880 3146 1094 3243 supplicare,
1121 3146 1220 3241 quod
1249 3153 1304 3222 est
1329 3148 1465 3221 durum
1491 3148 1597 3222 ratde
1621 3147 1702 3223 viro
1727 3149 1898 3243 honesto3

729 3273 766 3341 et
790 3266 947 3342 ostendit
964 3286 1183 3342 succursum
1199 3272 1383 3362 paratum,
1401 3266 1487 3360 quia
1504 3267 1580 3340 dux
1597 3287 1728 3342 eorum
1746 3267 1899 3343 retraxit

728 3407 792 3462 eos
816 3407 839 3462 a
863 3386 1062 3462 temerario
1086 3407 1193 3481 ausu,
1219 3386 1359 3462 dicens:
1386 3407 1446 3460 mo
1470 3390 1549 3480 quet
1571 3389 1738 3480 dimomo,
1763 3387 1898 3462 scilicet

727 3506 913 3582 Matanoda
938 3507 1108 3582 domiuus
1132 3507 1303 3602 aliorum,
1328 3510 1389 3582 cte
1413 3515 1511 3582 tenea
1534 3529 1695 3582 sumone
1722 3512 1779 3583 cot
1807 3511 1898 3584 duca

728 3629 812 3720 mio,
838 3628 926 3722 quia
950 3628 1071 3703 iuerat
1096 3627 1241 3703 locutus
1266 3649 1353 3703 cum
1379 3629 1528 3724 Virgilio
1553 3630 1599 3704 de
1624 3628 1813 3704 voluntate
1838 3649 1899 3704 so-

727 3747 882 3844 ciorum,
907 3769 945 3821 sc
969 3751 1064 3822 uotae
1089 3755 1172 3823 datto
1193 3756 1325 3841 presto,
1347 3747 1482 3824 scilicet
1503 3755 1632 3825 contra
1648 3749 1729 3824 illos
1744 3750 1796 3825 sic
1812 3770 1899 3824 oon·

729 3859 984 3961 siliantes(⁵),e
1008 3869 1123 3942 duce.-
1143 3889 1236 3961 pora
1256 3889 1347 3961 posu
1372 3871 1641 3960 Summiptionc,
1659 3869 1709 3943 sic
1726 3868 1815 3943 dixit
1834 3869 1896 3942 uni

728 3986 885 4062 daemoni
909 3987 961 4062 sic
985 3993 1127 4082 vocato,
1153 3987 1216 4082 qui
1241 3987 1400 4063 ferocius
1424 3973 1637 4086 insurgebat
1662 3989 1699 4063 in
1715 3995 1896 4063 autorem.

729 4109 815 4182 Erat
840 4106 939 4183 enim
955 4105 1016 4182 itte
1031 4107 1095 4203 qui
1112 4107 1257 4183 volebat
1273 4107 1384 4183 ferire
1404 4127 1490 4182 eum
1509 4118 1546 4185 ct
1562 4107 1764 4186 vocabatur
1787 4108 1898 4206 Sgar-

729 4227 914 4325 miglione,
940 4227 1003 4322 qui
1035 4227 1179 4303 clariori
1210 4228 1390 4303 vocabulo
1419 4236 1562 4324 poterat
1593 4229 1717 4305 vocari
1742 4235 1897 4324 Spczzn-

723 4351 825 4443 pattt.
853 4349 929 4424 Hoc
953 4353 1078 4424 autem
1105 4347 1241 4444 figurat
1274 4348 1374 4442 quod
1407 4346 1483 4423 dux
1513 4349 1668 4425 istorum
1702 4349 1898 4445 aliquando

729 4468 814 4543 iacit
838 4475 944 4564 pacta
969 4468 1109 4544 servari
1132 4467 1301 4544 vincente
1316 4467 1550 4566 verecundia,
1577 4469 1664 4565 quia
1683 4469 1751 4545 ista
1771 4471 1896 4546 inisset

729 4589 884 4685 proditio
909 4588 1016 4663 nimis
1040 4594 1179 4684 aperta,
1203 4587 1233 4663 si
1257 4588 1441 4664 Malaooda
1465 4591 1686 4685 permisisset
1706 4591 1818 4666 istum
1844 4591 1898 4666 oi-

727 4707 824 4783 icndi
845 4708 882 4782 in
903 4729 971 4783 sua
987 4698 1023 4800 (⁰)
1050 4707 1245 4804 prasentia
1261 4714 1390 4783 oontra
1407 4707 1516 4784 fldem
1537 4709 1659 4785 datam
1677 4731 1812 4806 nuper,
1829 4709 1896 4786 de·

792 4935 820 5000 (¹)
837 4940 892 4997 tie,
908 4936 1109 4990 immittendum.
1358 4937 1386 5000 (¹)
1403 4941 1456 5001 tit,
1474 4939 1505 4990 ud
1520 4939 1675 4990 setimdnrn.

791 5011 818 5075 (¹)
836 5016 889 5074 itt,
906 5013 966 5064 darn
981 5015 1070 5067 tntum.
1358 5015 1384 5076 (·)
1401 5015 1431 5065 lt
1448 5015 1483 5066 ibt
1499 5017 1525 5066 tn
1541 5027 1673 5082 groponm
1689 5015 1766 5068 unm.

792 5089 1053 5151 rinocoruram
1358 5089 1385 5154 θ)
1402 5091 1433 5143 n
1449 5093 1476 5144 tn
1491 5093 1531 5144 rui
1547 5093 1691 5157 pmunttn.
