4580 6844
721 977 860 1035 esurus
884 977 1077 1036 numurus
1102 974 1273 1032 ocrrvus.
1514 963 1584 1031 ³77

410 1125 463 1202 nit
487 1130 617 1200 contra
642 1143 730 1200 eum
755 1144 844 1200 cum
869 1124 1048 1222 eremite.
1079 1123 1123 1198 iit
1152 1142 1240 1198 cum
1272 1121 1472 1198 obsedisset
1497 1141 1585 1220 eum

409 1246 448 1320 iu
471 1245 634 1340 quadam
651 1249 753 1320 terra
774 1265 860 1340 qum
880 1250 1035 1320 vocatur
1056 1243 1253 1337 Attaiortc‚'
1266 1263 1333 1318 rex
1355 1241 1506 1318 iuvenis
1527 1241 1587 1318 die

410 1367 570 1460 quedam
587 1385 772 1463 egressus,
789 1367 955 1442 valenter
974 1373 1153 1462 pugnans,
1173 1370 1370 1458 percussus
1390 1368 1447 1438 est
1467 1363 1588 1440 lethe

409 1487 494 1562 liter
517 1507 603 1562 oum
630 1486 780 1580 butun:
806 1493 844 1562 et
868 1486 1007 1562 relatus
1027 1485 1122 1560 intra
1140 1482 1457 1576 tortititiem,'cum
1472 1475 1509 1576 (⁴)
1527 1483 1586 1556 sui

409 1607 584 1700 dicerent,
611 1606 710 1700 quod
734 1605 943 1701 disponeret
958 1603 1005 1680 de
1026 1603 1130 1680 metis
1149 1603 1236 1697 suis,
1254 1603 1398 1680 dicebat
1414 1601 1584 1678 iuvenis:

410 1727 505 1816 Quid
529 1727 648 1802 habeo
672 1727 877 1822 disponere,
895 1745 982 1800 cum
1003 1723 1091 1800 nihil
1113 1723 1299 1802 habeam?
1316 1725 1418 1798 Tunc
1435 1723 1584 1818 quidam

412 1849 544 1922 Factor
569 1846 679 1922 unius
703 1865 849 1942 magua:
864 1843 1047 1920 mcietatis
1063 1842 1110 1918 de
1129 1843 1324 1937 Florentia,
1342 1841 1477 1918 scilicet
1494 1843 1588 1918 Bor·

412 1967 559 2061 dorum,
584 1966 649 2061 qui
683 1965 903 2060 praestiterat
935 1963 1003 2038 sibi
1033 1962 1235 2038 maximnm
1266 1982 1467 2056 summam,
1493 1963 1589 2038 sorte

412 2093 563 2196 centum
595 2085 751 2160 millium
783 2103 1000 2176 aureorum,
1030 2073 1366 2192 lacrymabititer&
1400 2082 1511 2160 dixit:
1545 2082 1589 2156 Et

413 2227 495 2304 ego,
521 2206 619 2281 bone
642 2203 803 2298 domine,
823 2203 911 2298 quid
931 2202 1088 2278 inciam?
1105 2203 1208 2278 Tunc
1226 2203 1378 2278 iuvenis
1401 2203 1592 2298 suspirans

412 2325 521 2402 dixit:
547 2327 604 2400 Tu
629 2324 729 2400 sottus
753 2323 854 2420 cogis
878 2341 941 2398 me
962 2322 1085 2398 iacere
1101 2328 1378 2399 testamentum.
1404 2323 1449 2398 Et
1473 2324 1591 2400 conti·-

413 2466 500 2539 uuo,
519 2450 650 2521 vocato
670 2443 826 2536 murto,
844 2440 1010 2518 condidit¹
1028 2448 1305 2538 testamentum,
1331 2451 1369 2520 et
1400 2444 1495 2520 inter
1519 2443 1591 2520 alia

413 2567 497 2642 iecit
522 2565 689 2642 mirabile
714 2566 890 2662 legatum,
909 2563 1053 2638 dicens:
1075 2563 1258 2657 Relinque
1283 2565 1443 2640 animam
1467 2575 1588 2642 meam

412 2687 570 2780 durboio,
602 2685 669 2760 nisi
694 2693 799 2781 pater
830 2703 937 2759 meus
962 2684 1106 2781 integre
1134 2685 1286 2762 solverit
1315 2686 1440 2761 omnia
1470 2685 1591 2762 debita

413 2825 508 2882 mea.
530 2807 632 2903 Rege
647 2807 790 2881 iurene
807 2814 969 2897 mortuo,
987 2805 1158 2880 Castrum
1176 2805 1361 2880 redditum
1379 2796 1416 2898 (³)
1437 2813 1492 2880 est
1513 2805 1593 2900 regi

415 2925 571 3002 ilenrico
595 2926 702 3020 petri,
728 2931 766 3000 et
797 2923 1023 3000 Bertrandus
1047 2930 1176 3019 captus
1190 2913 1240 3016 (⁴).
1275 2925 1343 2998 Cui
1376 2943 1441 2998 rex
1475 2924 1592 2998 sertor

414 3047 570 3123 dixisse:
588 3044 803 3140 Bertrande,
819 3044 930 3118 audio
956 3050 993 3119 te
1017 3062 1116 3139 sepe
1132 3043 1291 3120 inaniter
1304 3045 1475 3140 iactasse,
1493 3042 1593 3137 quod

415 3188 621 3263 numquam
646 3166 771 3242 iucras
801 3170 977 3260 operatus
1005 3163 1240 3240 medietatem
1262 3171 1338 3240 tuce
1370 3161 1592 3260 prudentiae:

416 3307 514 3362 nunc
539 3295 596 3362 est
624 3305 731 3380 opus,
756 3284 856 3378 quod
886 3303 1062 3360 exerceas
1093 3289 1213 3360 totum
1249 3285 1344 3362 scire
1377 3290 1495 3360 tuum.
1525 3282 1593 3357 Cui

415 3405 634 3482 Beltraudus
657 3403 892 3500 sagacissime
916 3403 1118 3498 respondit:
1142 3404 1280 3502 lnciyte
1303 3404 1463 3497 domine,
1490 3422 1593 3476 mor·

416 3534 482 3602 tuo
503 3525 929 3624 regeneraremur
944 3524 1143 3600 oetomms
1152 3525 1348 3620 prudentio
1371 3545 1468 3618 mec,
1489 3522 1594 3620 inge-
1732 3601 1734 3604 ,

415 3647 519 3722 nium
545 3652 583 3722 ct
606 3644 762 3720 cautela.
789 3644 892 3717 Tunc
914 3663 981 3720 rex
1000 3643 1133 3738 pietate
1150 3651 1274 3720 motus
1290 3643 1407 3720 tibere
1431 3641 1593 3739 pepercit

417 3767 496 3842 sihi.
514 3763 652 3840 Deinde
668 3759 754 3838 oum
776 3781 841 3836 rer
862 3761 1090 3838 familiariter
1103 3763 1312 3860 increparet
1332 3762 1593 3855 Bertrandnm,

415 3906 485 3961 cur
509 3903 716 3977 numquam
743 3881 1029 3977 reprehenderat
1045 3889 1083 3956 et
1104 3889 1347 3958 revocaverat
1367 3884 1549 3958 invenem
1569 3901 1595 3954 a

416 4003 521 4079 vanis
537 4003 710 4098 operibus
726 4002 813 4096 suis,
828 4001 1013 4096 respondit
1027 4001 1251 4077 Bertrandns
1264 4001 1467 4096 prudenter
1480 4025 1489 4072 :
1503 4001 1593 4095 quic

417 4144 623 4218 numquam
653 4123 726 4198 vidi
758 4124 879 4219 ipsum
911 4141 1041 4196 errare
1068 4120 1107 4193 in
1139 4141 1180 4196 re
1213 4121 1376 4196 minima.
1403 4123 1506 4196 Tunc
1532 4133 1593 4196 re·

418 4250 575 4320 novatus
596 4251 652 4319 est
675 4234 891 4340 plamtust⁵i
917 4239 1030 4336 patris
1054 4261 1166 4336 super
1191 4247 1351 4316 mortem
1382 4241 1593 4318 nobdissimi

417 4365 491 4460 iiiii,
508 4386 583 4440 non
604 4365 711 4442 aliter
734 4385 850 4459 quam
877 4361 992 4438 Dauid
1016 4361 1219 4456 deploravit
1240 4382 1352 4436 suum
1369 4361 1615 4470 primogeni3

419 4492 500 4560 tum
525 4485 757 4562 Absatonem.
783 4486 890 4560 Nunc
914 4489 1019 4578 potes
1044 4502 1175 4558 secure
1201 4482 1340 4558 reverti
1364 4483 1412 4558 nd
1437 4484 1594 4579 literam,

418 4626 503 4701 quae
528 4608 691 4682 declarat
715 4606 874 4684 iormam
901 4625 1021 4701 poeme
1046 4603 1149 4679 istius
1166 4604 1369 4682 Bemaudi.
1391 4603 1484 4680 nteit
1504 4625 1596 4702 ergo

417 4729 551 4800 autor:
589 4731 631 4800 io
669 4730 742 4802 vidi
777 4736 885 4818 cato,
922 4725 1059 4802 scilicet
1094 4745 1182 4799 cum
1216 4725 1334 4802 oculis
1373 4726 1596 4822 speculatio·

479 4925 507 4986 t'i
523 4929 554 4979 li.
570 4943 632 4980 cnm
647 4930 709 4989 mis.
726 4931 847 4982 dixerunt
862 4932 888 4982 ei
903 4929 981 4996 quod.
1118 4927 1145 4990 ι’)
1161 4929 1192 4978 Ε.
1208 4928 1377 4992 lacryment,
1393 4931 1496 4982 dicens:
1514 4929 1557 4981 lit.
1594 4969 1604 4984 .

479 5001 508 5066 (³)
523 5004 550 5058 S.
567 5005 684 5056 deditum
699 5012 749 5058 est.
897 5060 902 5070 ,
1117 5004 1146 5068 (⁸)
1160 5005 1186 5055 S.
1202 5010 1243 5056 est
1259 5011 1359 5072 uptus.

479 5079 508 5144 t')
524 5082 555 5132 li.
571 5081 690 5145 plonius
705 5083 795 5147 utrm,
938 5123 940 5128 .
