<?xml version="1.0" encoding="UTF-8"?>
<!DOCTYPE html PUBLIC "-//W3C//DTD XHTML 1.0 Transitional//EN"
    "http://www.w3.org/TR/xhtml1/DTD/xhtml1-transitional.dtd">
<html xmlns="http://www.w3.org/1999/xhtml" xml:lang="en" lang="en">
 <head>
  <title>
</title>
<meta http-equiv="Content-Type" content="text/html;charset=utf-8" />
  <meta name='ocr-system' content='tesseract 3.04.00' />
  <meta name='ocr-capabilities' content='ocr_page ocr_carea ocr_par ocr_line ocrx_word'/>
</head>
<body>
  <div class='ocr_page' id='page_1' title='image "./comentumsuperda01benvgoog_0070.png"; bbox 0 0 4526 6836; ppageno 0'>
   <div class='ocr_carea' id='block_1_1' title="bbox 717 973 1531 1040">
    <p class='ocr_par' dir='ltr' id='par_1_1' title="bbox 717 973 1531 1040">
     <span class='ocr_line' id='line_1_1' title="bbox 717 973 1531 1040; baseline 0.002 -4"><span class='ocrx_word' id='word_1_1' title='bbox 717 983 855 1038; x_wconf 69' lang='lat' dir='ltr'><strong>munus</strong></span> <span class='ocrx_word' id='word_1_2' title='bbox 880 979 1037 1038; x_wconf 75' lang='lat' dir='ltr'><strong>uncinus</strong></span> <span class='ocrx_word' id='word_1_3' title='bbox 1062 983 1192 1037; x_wconf 81' lang='lat' dir='ltr'><strong>NONUS.</strong></span> <span class='ocrx_word' id='word_1_4' title='bbox 1488 973 1531 1040; x_wconf 73' lang='lat'><strong>61</strong></span> 
     </span>
    </p>
   </div>
   <div class='ocr_carea' id='block_1_2' title="bbox 362 1119 1536 1222">
    <p class='ocr_par' dir='ltr' id='par_1_2' title="bbox 362 1119 1536 1222">
     <span class='ocr_line' id='line_1_2' title="bbox 362 1119 1536 1222; baseline -0.004 -19"><span class='ocrx_word' id='word_1_5' title='bbox 362 1132 485 1205; x_wconf 88' lang='lat' dir='ltr'><strong>luerat</strong></span> <span class='ocrx_word' id='word_1_6' title='bbox 511 1147 630 1222; x_wconf 91' lang='lat' dir='ltr'><strong>usqne</strong></span> <span class='ocrx_word' id='word_1_7' title='bbox 654 1125 701 1200; x_wconf 91' lang='lat' dir='ltr'><strong>ad</strong></span> <span class='ocrx_word' id='word_1_8' title='bbox 714 1119 751 1218; x_wconf 78' lang='lat' dir='ltr'><strong>l&#39;)</strong></span> <span class='ocrx_word' id='word_1_9' title='bbox 780 1133 816 1200; x_wconf 86' lang='lat' dir='ltr'><strong>te</strong></span> <span class='ocrx_word' id='word_1_10' title='bbox 840 1126 1053 1200; x_wconf 91' lang='lat' dir='ltr'><strong>conculcata</strong></span> <span class='ocrx_word' id='word_1_11' title='bbox 1077 1131 1114 1200; x_wconf 90' lang='lat' dir='ltr'><strong>et</strong></span> <span class='ocrx_word' id='word_1_12' title='bbox 1135 1126 1376 1200; x_wconf 89' lang='lat' dir='ltr'><strong>exterminata</strong></span> <span class='ocrx_word' id='word_1_13' title='bbox 1396 1125 1536 1222; x_wconf 58' lang='lat' dir='ltr'><strong>aprio*</strong></span> 
     </span>
    </p>
   </div>
   <div class='ocr_carea' id='block_1_3' title="bbox 360 1241 1625 4822">
    <p class='ocr_par' dir='ltr' id='par_1_3' title="bbox 360 1241 1625 4822">
     <span class='ocr_line' id='line_1_3' title="bbox 361 1241 1537 1344; baseline -0.006 -20"><span class='ocrx_word' id='word_1_14' title='bbox 361 1248 503 1344; x_wconf 83' lang='lat' dir='ltr'><strong>cipibus</strong></span> <span class='ocrx_word' id='word_1_15' title='bbox 529 1241 691 1321; x_wconf 91' lang='lat' dir='ltr'><strong>romanis</strong></span> <span class='ocrx_word' id='word_1_16' title='bbox 716 1244 876 1341; x_wconf 78' lang='lat' dir='ltr'><strong>paganis,</strong></span> <span class='ocrx_word' id='word_1_17' title='bbox 903 1265 962 1318; x_wconf 86' lang='lat' dir='ltr'><strong>mo</strong></span> <span class='ocrx_word' id='word_1_18' title='bbox 987 1246 1101 1337; x_wconf 68' lang='lat' dir='ltr'><strong>puato</strong></span> <span class='ocrx_word' id='word_1_19' title='bbox 1125 1248 1204 1318; x_wconf 81' lang='lat' dir='ltr'><strong>dote</strong></span> <span class='ocrx_word' id='word_1_20' title='bbox 1228 1247 1288 1318; x_wconf 84' lang='lat' dir='ltr'><strong>otta</strong></span> <span class='ocrx_word' id='word_1_21' title='bbox 1312 1247 1361 1318; x_wconf 88' lang='lat' dir='ltr'><strong>do</strong></span> <span class='ocrx_word' id='word_1_22' title='bbox 1384 1253 1417 1319; x_wconf 83' lang='lat' dir='ltr'><strong>tc</strong></span> <span class='ocrx_word' id='word_1_23' title='bbox 1432 1265 1537 1338; x_wconf 81' lang='lat' dir='ltr'><strong>prese</strong></span> 
     </span>
     <span class='ocr_line' id='line_1_4' title="bbox 360 1363 1537 1462; baseline -0.003 -20"><span class='ocrx_word' id='word_1_24' title='bbox 360 1372 481 1462; x_wconf 69' lang='lat' dir='ltr'><strong>prima</strong></span> <span class='ocrx_word' id='word_1_25' title='bbox 497 1369 525 1440; x_wconf 79' lang='lat' dir='ltr'><strong>u</strong></span> <span class='ocrx_word' id='word_1_26' title='bbox 541 1369 636 1440; x_wconf 68' lang='lat' dir='ltr'><strong>ricco</strong></span> <span class='ocrx_word' id='word_1_27' title='bbox 650 1371 768 1458; x_wconf 81' lang='lat' dir='ltr'><strong>patre,</strong></span> <span class='ocrx_word' id='word_1_28' title='bbox 785 1363 920 1440; x_wconf 89' lang='lat' dir='ltr'><strong>scilicet</strong></span> <span class='ocrx_word' id='word_1_29' title='bbox 936 1365 1109 1440; x_wconf 75' lang='lat' dir='ltr'><strong>silvester</strong></span> <span class='ocrx_word' id='word_1_30' title='bbox 1127 1385 1231 1460; x_wconf 90' lang='lat' dir='ltr'><strong>papa,</strong></span> <span class='ocrx_word' id='word_1_31' title='bbox 1249 1365 1312 1459; x_wconf 90' lang='lat' dir='ltr'><strong>qui</strong></span> <span class='ocrx_word' id='word_1_32' title='bbox 1338 1370 1537 1440; x_wconf 80' lang='lat' dir='ltr'>curaverat</span> 
     </span>
     <span class='ocr_line' id='line_1_5' title="bbox 364 1483 1537 1582; baseline -0.003 -20"><span class='ocrx_word' id='word_1_33' title='bbox 364 1495 439 1563; x_wconf 91' lang='lat' dir='ltr'><strong>tea</strong></span> <span class='ocrx_word' id='word_1_34' title='bbox 458 1488 559 1582; x_wconf 91' lang='lat' dir='ltr'><strong>lepra</strong></span> <span class='ocrx_word' id='word_1_35' title='bbox 576 1483 815 1580; x_wconf 89' lang='lat' dir='ltr'><strong>corporaliter</strong></span> <span class='ocrx_word' id='word_1_36' title='bbox 832 1491 869 1560; x_wconf 86' lang='lat' dir='ltr'><strong>et</strong></span> <span class='ocrx_word' id='word_1_37' title='bbox 885 1483 1132 1580; x_wconf 75' lang='lat' dir='ltr'><strong>spiritualiter,</strong></span> <span class='ocrx_word' id='word_1_38' title='bbox 1147 1485 1228 1559; x_wconf 93' lang='lat' dir='ltr'><strong>ideo</strong></span> <span class='ocrx_word' id='word_1_39' title='bbox 1243 1491 1283 1560; x_wconf 93' lang='lat' dir='ltr'><strong>tu</strong></span> <span class='ocrx_word' id='word_1_40' title='bbox 1299 1484 1446 1560; x_wconf 86' lang='lat' dir='ltr'><strong>voluisti</strong></span> <span class='ocrx_word' id='word_1_41' title='bbox 1463 1485 1537 1558; x_wconf 91' lang='lat' dir='ltr'><strong>sol·</strong></span> 
     </span>
     <span class='ocr_line' id='line_1_6' title="bbox 365 1603 1537 1699; baseline -0.002 -19"><span class='ocrx_word' id='word_1_42' title='bbox 365 1625 453 1682; x_wconf 91' lang='lat' dir='ltr'><strong>vere</strong></span> <span class='ocrx_word' id='word_1_43' title='bbox 480 1604 631 1680; x_wconf 90' lang='lat' dir='ltr'><strong>medico.</strong></span> <span class='ocrx_word' id='word_1_44' title='bbox 646 1645 696 1658; x_wconf 99' lang='lat'>-</span> <span class='ocrx_word' id='word_1_45' title='bbox 709 1609 852 1677; x_wconf 69' lang='lat' dir='ltr'><strong>Menoe.</strong></span> <span class='ocrx_word' id='word_1_46' title='bbox 879 1604 984 1678; x_wconf 91' lang='lat' dir='ltr'><strong>Nunc</strong></span> <span class='ocrx_word' id='word_1_47' title='bbox 1008 1613 1119 1680; x_wconf 89' lang='lat' dir='ltr'><strong>autor</strong></span> <span class='ocrx_word' id='word_1_48' title='bbox 1140 1603 1241 1699; x_wconf 88' lang='lat' dir='ltr'><strong>ponit</strong></span> <span class='ocrx_word' id='word_1_49' title='bbox 1265 1603 1374 1678; x_wconf 91' lang='lat' dir='ltr'><strong>linem</strong></span> <span class='ocrx_word' id='word_1_50' title='bbox 1402 1609 1537 1698; x_wconf 88' lang='lat' dir='ltr'><strong>expro-</strong></span> 
     </span>
     <span class='ocr_line' id='line_1_7' title="bbox 365 1723 1537 1818; baseline 0 -19"><span class='ocrx_word' id='word_1_51' title='bbox 365 1724 540 1800; x_wconf 75' lang='lat' dir='ltr'><strong>litationis</strong></span> <span class='ocrx_word' id='word_1_52' title='bbox 566 1726 670 1799; x_wconf 80' lang='lat' dir='ltr'><strong>lactae</strong></span> <span class='ocrx_word' id='word_1_53' title='bbox 695 1743 762 1818; x_wconf 92' lang='lat' dir='ltr'><strong>per</strong></span> <span class='ocrx_word' id='word_1_54' title='bbox 786 1743 887 1817; x_wconf 91' lang='lat' dir='ltr'><strong>eum,</strong></span> <span class='ocrx_word' id='word_1_55' title='bbox 913 1723 1000 1817; x_wconf 88' lang='lat' dir='ltr'><strong>quia</strong></span> <span class='ocrx_word' id='word_1_56' title='bbox 1026 1723 1084 1798; x_wconf 93' lang='lat' dir='ltr'><strong>ille</strong></span> <span class='ocrx_word' id='word_1_57' title='bbox 1101 1723 1271 1798; x_wconf 82' lang='lat' dir='ltr'><strong>Nicotaus</strong></span> <span class='ocrx_word' id='word_1_58' title='bbox 1288 1724 1398 1818; x_wconf 85' lang='lat' dir='ltr'><strong>coepit</strong></span> <span class='ocrx_word' id='word_1_59' title='bbox 1414 1725 1537 1799; x_wconf 88' lang='lat' dir='ltr'><strong>lacere</strong></span> 
     </span>
     <span class='ocr_line' id='line_1_8' title="bbox 368 1833 1536 1940; baseline -0.002 -22"><span class='ocrx_word' id='word_1_60' title='bbox 368 1863 544 1940; x_wconf 82' lang='lat' dir='ltr'><strong>magnum</strong></span> <span class='ocrx_word' id='word_1_61' title='bbox 570 1845 756 1938; x_wconf 90' lang='lat' dir='ltr'><strong>planctum</strong></span> <span class='ocrx_word' id='word_1_62' title='bbox 783 1863 869 1917; x_wconf 92' lang='lat' dir='ltr'><strong>cum</strong></span> <span class='ocrx_word' id='word_1_63' title='bbox 896 1843 1048 1938; x_wconf 90' lang='lat' dir='ltr'><strong>pedibus</strong></span> <span class='ocrx_word' id='word_1_64' title='bbox 1076 1863 1144 1938; x_wconf 94' lang='lat' dir='ltr'><strong>pro</strong></span> <span class='ocrx_word' id='word_1_65' title='bbox 1159 1833 1196 1934; x_wconf 78' lang='lat'><strong>(²)</strong></span> <span class='ocrx_word' id='word_1_66' title='bbox 1231 1843 1369 1937; x_wconf 87' lang='lat' dir='ltr'><strong>dolore,</strong></span> <span class='ocrx_word' id='word_1_67' title='bbox 1394 1843 1536 1918; x_wconf 78' lang='lat' dir='ltr'><strong>dicens:</strong></span> 
     </span>
     <span class='ocr_line' id='line_1_9' title="bbox 367 1962 1538 2057; baseline -0.002 -19"><span class='ocrx_word' id='word_1_68' title='bbox 367 1987 387 2038; x_wconf 83' lang='lat' dir='ltr'><strong>c</strong></span> <span class='ocrx_word' id='word_1_69' title='bbox 411 1967 522 2057; x_wconf 81' lang='lat' dir='ltr'><strong>quello</strong></span> <span class='ocrx_word' id='word_1_70' title='bbox 545 1966 719 2057; x_wconf 68' lang='lat' dir='ltr'><strong>spinam</strong></span> <span class='ocrx_word' id='word_1_71' title='bbox 742 1983 809 2038; x_wconf 84' lang='lat' dir='ltr'><strong>con</strong></span> <span class='ocrx_word' id='word_1_72' title='bbox 834 1963 933 2036; x_wconf 75' lang='lat' dir='ltr'><strong>ande</strong></span> <span class='ocrx_word' id='word_1_73' title='bbox 958 1965 989 2036; x_wconf 82' lang='lat' dir='ltr'><strong>tc</strong></span> <span class='ocrx_word' id='word_1_74' title='bbox 1009 1966 1115 2056; x_wconf 74' lang='lat' dir='ltr'><strong>piore,</strong></span> <span class='ocrx_word' id='word_1_75' title='bbox 1136 1963 1226 2038; x_wconf 87' lang='lat' dir='ltr'><strong>idest</strong></span> <span class='ocrx_word' id='word_1_76' title='bbox 1246 1983 1333 2038; x_wconf 92' lang='lat' dir='ltr'><strong>cum</strong></span> <span class='ocrx_word' id='word_1_77' title='bbox 1358 1962 1538 2038; x_wconf 92' lang='lat' dir='ltr'><strong>ambabus</strong></span> 
     </span>
     <span class='ocr_line' id='line_1_10' title="bbox 368 2075 1539 2181; baseline -0.002 -21"><span class='ocrx_word' id='word_1_78' title='bbox 368 2083 497 2181; x_wconf 92' lang='lat' dir='ltr'><strong>plantis</strong></span> <span class='ocrx_word' id='word_1_79' title='bbox 523 2083 670 2178; x_wconf 92' lang='lat' dir='ltr'><strong>pedum,</strong></span> <span class='ocrx_word' id='word_1_80' title='bbox 696 2103 790 2177; x_wconf 87' lang='lat' dir='ltr'><strong>quos</strong></span> <span class='ocrx_word' id='word_1_81' title='bbox 814 2081 972 2160; x_wconf 89' lang='lat' dir='ltr'><strong>ducebat</strong></span> <span class='ocrx_word' id='word_1_82' title='bbox 996 2089 1033 2157; x_wconf 87' lang='lat' dir='ltr'><strong>et</strong></span> <span class='ocrx_word' id='word_1_83' title='bbox 1058 2083 1267 2178; x_wconf 77' lang='lat' dir='ltr'><strong>exagitabat</strong></span> <span class='ocrx_word' id='word_1_84' title='bbox 1281 2075 1318 2174; x_wconf 81' lang='lat'><strong>(³)</strong></span> <span class='ocrx_word' id='word_1_85' title='bbox 1343 2084 1439 2159; x_wconf 90' lang='lat' dir='ltr'><strong>ultra</strong></span> <span class='ocrx_word' id='word_1_86' title='bbox 1457 2103 1539 2158; x_wconf 94' lang='lat' dir='ltr'><strong>mo-</strong></span> 
     </span>
     <span class='ocr_line' id='line_1_11' title="bbox 368 2202 1540 2299; baseline -0.003 -17"><span class='ocrx_word' id='word_1_87' title='bbox 368 2208 458 2282; x_wconf 89' lang='lat' dir='ltr'><strong>dum</strong></span> <span class='ocrx_word' id='word_1_88' title='bbox 475 2205 641 2298; x_wconf 73' lang='lat' dir='ltr'><strong>solitum,</strong></span> <span class='ocrx_word' id='word_1_89' title='bbox 667 2209 705 2278; x_wconf 89' lang='lat' dir='ltr'><strong>ct</strong></span> <span class='ocrx_word' id='word_1_90' title='bbox 731 2203 845 2299; x_wconf 80' lang='lat' dir='ltr'><strong>tangit</strong></span> <span class='ocrx_word' id='word_1_91' title='bbox 869 2223 954 2296; x_wconf 84' lang='lat' dir='ltr'><strong>quae</strong></span> <span class='ocrx_word' id='word_1_92' title='bbox 979 2208 1122 2298; x_wconf 90' lang='lat' dir='ltr'><strong>poterat</strong></span> <span class='ocrx_word' id='word_1_93' title='bbox 1146 2221 1228 2278; x_wconf 80' lang='lat' dir='ltr'><strong>esse</strong></span> <span class='ocrx_word' id='word_1_94' title='bbox 1252 2223 1364 2279; x_wconf 76' lang='lat' dir='ltr'><strong>causa</strong></span> <span class='ocrx_word' id='word_1_95' title='bbox 1380 2225 1466 2279; x_wconf 90' lang='lat' dir='ltr'><strong>cum</strong></span> <span class='ocrx_word' id='word_1_96' title='bbox 1485 2202 1540 2278; x_wconf 92' lang='lat' dir='ltr'><strong>di·</strong></span> 
     </span>
     <span class='ocr_line' id='line_1_12' title="bbox 368 2323 1540 2418; baseline -0.005 -16"><span class='ocrx_word' id='word_1_97' title='bbox 368 2328 439 2402; x_wconf 88' lang='lat' dir='ltr'><strong>cit:</strong></span> <span class='ocrx_word' id='word_1_98' title='bbox 465 2346 489 2398; x_wconf 92' lang='lat' dir='ltr'><strong>o</strong></span> <span class='ocrx_word' id='word_1_99' title='bbox 512 2328 584 2416; x_wconf 82' lang='lat' dir='ltr'><strong>tro,</strong></span> <span class='ocrx_word' id='word_1_100' title='bbox 609 2345 632 2398; x_wconf 92' lang='lat' dir='ltr'><strong>o</strong></span> <span class='ocrx_word' id='word_1_101' title='bbox 655 2326 839 2398; x_wconf 76' lang='lat' dir='ltr'><strong>maciem</strong></span> <span class='ocrx_word' id='word_1_102' title='bbox 861 2325 923 2396; x_wconf 80' lang='lat' dir='ltr'><strong>obe</strong></span> <span class='ocrx_word' id='word_1_103' title='bbox 937 2326 964 2397; x_wconf 88' lang='lat' dir='ltr'><strong>&#39;t</strong></span> <span class='ocrx_word' id='word_1_104' title='bbox 987 2325 1175 2413; x_wconf 78' lang='lat' dir='ltr'><strong>mmdesse,</strong></span> <span class='ocrx_word' id='word_1_105' title='bbox 1193 2323 1284 2400; x_wconf 91' lang='lat' dir='ltr'><strong>idest</strong></span> <span class='ocrx_word' id='word_1_106' title='bbox 1304 2324 1359 2399; x_wconf 91' lang='lat' dir='ltr'><strong>ira</strong></span> <span class='ocrx_word' id='word_1_107' title='bbox 1379 2345 1463 2418; x_wconf 88' lang='lat' dir='ltr'><strong>quae</strong></span> <span class='ocrx_word' id='word_1_108' title='bbox 1484 2330 1540 2398; x_wconf 87' lang='lat' dir='ltr'><strong>est</strong></span> 
     </span>
     <span class='ocr_line' id='line_1_13' title="bbox 369 2431 1540 2542; baseline -0.004 -19"><span class='ocrx_word' id='word_1_109' title='bbox 369 2445 549 2542; x_wconf 87' lang='lat' dir='ltr'><strong>appetitus</strong></span> <span class='ocrx_word' id='word_1_110' title='bbox 582 2443 760 2537; x_wconf 76' lang='lat' dir='ltr'><strong>vindicte,</strong></span> <span class='ocrx_word' id='word_1_111' title='bbox 787 2442 874 2536; x_wconf 91' lang='lat' dir='ltr'><strong>quia</strong></span> <span class='ocrx_word' id='word_1_112' title='bbox 902 2442 1067 2518; x_wconf 86' lang='lat' dir='ltr'><strong>dicebam</strong></span> <span class='ocrx_word' id='word_1_113' title='bbox 1084 2431 1121 2534; x_wconf 75' lang='lat'><strong>(⁴)</strong></span> <span class='ocrx_word' id='word_1_114' title='bbox 1152 2443 1219 2516; x_wconf 88' lang='lat' dir='ltr'><strong>sibi</strong></span> <span class='ocrx_word' id='word_1_115' title='bbox 1248 2445 1403 2520; x_wconf 89' lang='lat' dir='ltr'><strong>molesta</strong></span> <span class='ocrx_word' id='word_1_116' title='bbox 1432 2442 1540 2518; x_wconf 88' lang='lat' dir='ltr'><strong>nimis</strong></span> 
     </span>
     <span class='ocr_line' id='line_1_14' title="bbox 369 2561 1541 2660; baseline -0.002 -20"><span class='ocrx_word' id='word_1_117' title='bbox 369 2565 564 2660; x_wconf 78' lang='lat' dir='ltr'><strong>coquentis</strong></span> <span class='ocrx_word' id='word_1_118' title='bbox 593 2563 737 2658; x_wconf 84' lang='lat' dir='ltr'><strong>ipsum3</strong></span> <span class='ocrx_word' id='word_1_119' title='bbox 771 2561 1002 2657; x_wconf 88' lang='lat' dir='ltr'><strong>conscientia,</strong></span> <span class='ocrx_word' id='word_1_120' title='bbox 1036 2563 1123 2658; x_wconf 87' lang='lat' dir='ltr'><strong>quia</strong></span> <span class='ocrx_word' id='word_1_121' title='bbox 1160 2563 1297 2638; x_wconf 89' lang='lat' dir='ltr'><strong>sciebat</strong></span> <span class='ocrx_word' id='word_1_122' title='bbox 1324 2585 1384 2640; x_wconf 94' lang='lat' dir='ltr'><strong>me</strong></span> <span class='ocrx_word' id='word_1_123' title='bbox 1417 2564 1541 2639; x_wconf 89' lang='lat' dir='ltr'><strong>dicere</strong></span> 
     </span>
     <span class='ocr_line' id='line_1_15' title="bbox 370 2683 1541 2780; baseline -0.003 -18"><span class='ocrx_word' id='word_1_124' title='bbox 370 2705 518 2780; x_wconf 91' lang='lat' dir='ltr'><strong>verum,</strong></span> <span class='ocrx_word' id='word_1_125' title='bbox 543 2691 580 2759; x_wconf 88' lang='lat' dir='ltr'><strong>ct</strong></span> <span class='ocrx_word' id='word_1_126' title='bbox 597 2684 647 2758; x_wconf 88' lang='lat' dir='ltr'><strong>ita</strong></span> <span class='ocrx_word' id='word_1_127' title='bbox 663 2683 814 2760; x_wconf 86' lang='lat' dir='ltr'><strong>ardebat</strong></span> <span class='ocrx_word' id='word_1_128' title='bbox 831 2683 886 2758; x_wconf 91' lang='lat' dir='ltr'><strong>ira</strong></span> <span class='ocrx_word' id='word_1_129' title='bbox 906 2690 945 2758; x_wconf 87' lang='lat' dir='ltr'><strong>et</strong></span> <span class='ocrx_word' id='word_1_130' title='bbox 961 2683 1202 2760; x_wconf 90' lang='lat' dir='ltr'><strong>verecundia:</strong></span> <span class='ocrx_word' id='word_1_131' title='bbox 1221 2687 1345 2758; x_wconf 60' lang='grc' dir='ltr'><strong>ΜΨ</strong></span> <span class='ocrx_word' id='word_1_132' title='bbox 1356 2688 1393 2758; x_wconf 81' lang='lat' dir='ltr'><strong>io</strong></span> <span class='ocrx_word' id='word_1_133' title='bbox 1409 2688 1435 2758; x_wconf 79' lang='lat' dir='ltr'><strong>a·</strong></span> <span class='ocrx_word' id='word_1_134' title='bbox 1454 2705 1541 2758; x_wconf 84' lang='lat' dir='ltr'><strong>con-</strong></span> 
     </span>
     <span class='ocr_line' id='line_1_16' title="bbox 371 2803 1541 2895; baseline -0.001 -16"><span class='ocrx_word' id='word_1_135' title='bbox 371 2813 456 2879; x_wconf 84' lang='lat' dir='ltr'><strong>moa</strong></span> <span class='ocrx_word' id='word_1_136' title='bbox 485 2806 578 2878; x_wconf 82' lang='lat' dir='ltr'><strong>colai</strong></span> <span class='ocrx_word' id='word_1_137' title='bbox 605 2810 695 2895; x_wconf 68' lang='grc' dir='ltr'><strong><em>ποτε,</em></strong></span> <span class='ocrx_word' id='word_1_138' title='bbox 726 2803 818 2878; x_wconf 90' lang='lat' dir='ltr'><strong>idest</strong></span> <span class='ocrx_word' id='word_1_139' title='bbox 848 2803 993 2878; x_wconf 91' lang='lat' dir='ltr'><strong>interim</strong></span> <span class='ocrx_word' id='word_1_140' title='bbox 1025 2803 1114 2877; x_wconf 92' lang='lat' dir='ltr'><strong>dnm</strong></span> <span class='ocrx_word' id='word_1_141' title='bbox 1147 2803 1322 2878; x_wconf 89' lang='lat' dir='ltr'><strong>dictarem</strong></span> <span class='ocrx_word' id='word_1_142' title='bbox 1353 2803 1419 2878; x_wconf 89' lang='lat' dir='ltr'><strong>sibi</strong></span> <span class='ocrx_word' id='word_1_143' title='bbox 1452 2805 1541 2882; x_wconf 89' lang='lat' dir='ltr'><strong>talos</strong></span> 
     </span>
     <span class='ocr_line' id='line_1_17' title="bbox 372 2922 1542 3019; baseline -0.002 -19"><span class='ocrx_word' id='word_1_144' title='bbox 372 2922 622 3014; x_wconf 85' lang='lat' dir='ltr'><strong>contumelias,</strong></span> <span class='ocrx_word' id='word_1_145' title='bbox 639 2923 688 2996; x_wconf 89' lang='lat' dir='ltr'><strong>ita</strong></span> <span class='ocrx_word' id='word_1_146' title='bbox 704 2923 803 3016; x_wconf 82' lang='lat' dir='ltr'><strong>quod</strong></span> <span class='ocrx_word' id='word_1_147' title='bbox 827 2929 957 2998; x_wconf 90' lang='lat' dir='ltr'><strong>cantus</strong></span> <span class='ocrx_word' id='word_1_148' title='bbox 974 2923 1138 3018; x_wconf 88' lang='lat' dir='ltr'><strong>poeticus</strong></span> <span class='ocrx_word' id='word_1_149' title='bbox 1154 2929 1235 2998; x_wconf 91' lang='lat' dir='ltr'><strong>erat</strong></span> <span class='ocrx_word' id='word_1_150' title='bbox 1251 2923 1318 2998; x_wconf 94' lang='lat' dir='ltr'><strong>sibi</strong></span> <span class='ocrx_word' id='word_1_151' title='bbox 1335 2924 1418 3019; x_wconf 92' lang='lat' dir='ltr'><strong>plus</strong></span> <span class='ocrx_word' id='word_1_152' title='bbox 1436 2943 1542 2998; x_wconf 92' lang='lat' dir='ltr'><strong>ama·</strong></span> 
     </span>
     <span class='ocr_line' id='line_1_18' title="bbox 373 3041 1543 3138; baseline -0.002 -20"><span class='ocrx_word' id='word_1_153' title='bbox 373 3066 448 3138; x_wconf 89' lang='lat' dir='ltr'><strong>rus,</strong></span> <span class='ocrx_word' id='word_1_154' title='bbox 471 3063 585 3138; x_wconf 87' lang='lat' dir='ltr'><strong>qnam</strong></span> <span class='ocrx_word' id='word_1_155' title='bbox 610 3048 741 3117; x_wconf 89' lang='lat' dir='ltr'><strong>cantus</strong></span> <span class='ocrx_word' id='word_1_156' title='bbox 766 3041 875 3117; x_wconf 87' lang='lat' dir='ltr'><strong>luerit</strong></span> <span class='ocrx_word' id='word_1_157' title='bbox 902 3061 1067 3137; x_wconf 87' lang='lat' dir='ltr'><strong>unquam</strong></span> <span class='ocrx_word' id='word_1_158' title='bbox 1092 3042 1219 3136; x_wconf 84' lang='lat' dir='ltr'><strong>dulcis,</strong></span> <span class='ocrx_word' id='word_1_159' title='bbox 1244 3063 1357 3137; x_wconf 87' lang='lat' dir='ltr'><strong>quem</strong></span> <span class='ocrx_word' id='word_1_160' title='bbox 1382 3042 1543 3118; x_wconf 89' lang='lat' dir='ltr'><strong>audisset</strong></span> 
     </span>
     <span class='ocr_line' id='line_1_19' title="bbox 372 3161 1543 3258; baseline 0 -20"><span class='ocrx_word' id='word_1_161' title='bbox 372 3165 408 3238; x_wconf 93' lang='lat' dir='ltr'><strong>in</strong></span> <span class='ocrx_word' id='word_1_162' title='bbox 433 3161 547 3238; x_wconf 87' lang='lat' dir='ltr'><strong>cboro</strong></span> <span class='ocrx_word' id='word_1_163' title='bbox 573 3161 710 3236; x_wconf 89' lang='lat' dir='ltr'><strong>vivens.</strong></span> <span class='ocrx_word' id='word_1_164' title='bbox 724 3167 837 3234; x_wconf 83' lang='lat' dir='ltr'><strong>-lo</strong></span> <span class='ocrx_word' id='word_1_165' title='bbox 864 3161 930 3236; x_wconf 86' lang='lat' dir='ltr'><strong>llic</strong></span> <span class='ocrx_word' id='word_1_166' title='bbox 953 3169 1063 3237; x_wconf 89' lang='lat' dir='ltr'><strong>autor</strong></span> <span class='ocrx_word' id='word_1_167' title='bbox 1093 3163 1172 3238; x_wconf 93' lang='lat' dir='ltr'><strong>vult</strong></span> <span class='ocrx_word' id='word_1_168' title='bbox 1196 3161 1398 3258; x_wconf 83' lang='lat' dir='ltr'><strong>justificare</strong></span> <span class='ocrx_word' id='word_1_169' title='bbox 1423 3161 1543 3238; x_wconf 89' lang='lat' dir='ltr'><strong>incre-</strong></span> 
     </span>
     <span class='ocr_line' id='line_1_20' title="bbox 373 3277 1544 3379; baseline -0.001 -20"><span class='ocrx_word' id='word_1_170' title='bbox 373 3277 556 3379; x_wconf 84' lang='lat' dir='ltr'><strong>pationem</strong></span> <span class='ocrx_word' id='word_1_171' title='bbox 584 3281 795 3358; x_wconf 81' lang='lat' dir='ltr'><strong>mordacem</strong></span> <span class='ocrx_word' id='word_1_172' title='bbox 827 3303 940 3376; x_wconf 88' lang='lat' dir='ltr'><strong>quam</strong></span> <span class='ocrx_word' id='word_1_173' title='bbox 971 3282 1118 3378; x_wconf 87' lang='lat' dir='ltr'><strong>lecerat,</strong></span> <span class='ocrx_word' id='word_1_174' title='bbox 1143 3290 1183 3359; x_wconf 89' lang='lat' dir='ltr'><strong>et</strong></span> <span class='ocrx_word' id='word_1_175' title='bbox 1213 3284 1407 3378; x_wconf 87' lang='lat' dir='ltr'><strong>respondet</strong></span> <span class='ocrx_word' id='word_1_176' title='bbox 1437 3281 1544 3358; x_wconf 87' lang='lat' dir='ltr'><strong>tacite</strong></span> 
     </span>
     <span class='ocr_line' id='line_1_21' title="bbox 372 3393 1545 3498; baseline -0.001 -19"><span class='ocrx_word' id='word_1_177' title='bbox 372 3401 420 3479; x_wconf 90' lang='lat' dir='ltr'><strong>ad</strong></span> <span class='ocrx_word' id='word_1_178' title='bbox 444 3402 479 3476; x_wconf 93' lang='lat' dir='ltr'><strong>id</strong></span> <span class='ocrx_word' id='word_1_179' title='bbox 505 3402 603 3496; x_wconf 88' lang='lat' dir='ltr'><strong>quod</strong></span> <span class='ocrx_word' id='word_1_180' title='bbox 628 3401 772 3477; x_wconf 80' lang='lat' dir='ltr'><strong>dixerat</strong></span> <span class='ocrx_word' id='word_1_181' title='bbox 796 3421 925 3497; x_wconf 90' lang='lat' dir='ltr'><strong>supra:</strong></span> <span class='ocrx_word' id='word_1_182' title='bbox 952 3393 1046 3495; x_wconf 79' lang='lat' dir='ltr'><strong>lo(⁵)</strong></span> <span class='ocrx_word' id='word_1_183' title='bbox 1073 3422 1146 3477; x_wconf 81' lang='lat' dir='ltr'><strong>uon</strong></span> <span class='ocrx_word' id='word_1_184' title='bbox 1173 3424 1216 3477; x_wconf 83' lang='lat' dir='ltr'><strong>so</strong></span> <span class='ocrx_word' id='word_1_185' title='bbox 1238 3406 1316 3476; x_wconf 82' lang='lat' dir='ltr'><strong>s’io</strong></span> <span class='ocrx_word' id='word_1_186' title='bbox 1339 3406 1388 3477; x_wconf 84' lang='lat' dir='ltr'><strong>mi</strong></span> <span class='ocrx_word' id='word_1_187' title='bbox 1408 3407 1463 3498; x_wconf 84' lang='lat' dir='ltr'><strong>soi</strong></span> <span class='ocrx_word' id='word_1_188' title='bbox 1486 3408 1545 3497; x_wconf 81' lang='lat' dir='ltr'><strong>put</strong></span> 
     </span>
     <span class='ocr_line' id='line_1_22' title="bbox 373 3521 1545 3618; baseline 0.001 -21"><span class='ocrx_word' id='word_1_189' title='bbox 373 3532 499 3616; x_wconf 88' lang='lat' dir='ltr'><strong>troppo</strong></span> <span class='ocrx_word' id='word_1_190' title='bbox 512 3525 606 3616; x_wconf 76' lang='lat' dir='ltr'><strong>sotto.</strong></span> <span class='ocrx_word' id='word_1_191' title='bbox 624 3521 730 3596; x_wconf 88' lang='lat' dir='ltr'><strong>Nunc</strong></span> <span class='ocrx_word' id='word_1_192' title='bbox 747 3541 837 3618; x_wconf 83' lang='lat' dir='ltr'><strong>ergo</strong></span> <span class='ocrx_word' id='word_1_193' title='bbox 863 3523 944 3600; x_wconf 88' lang='lat' dir='ltr'><strong>vult</strong></span> <span class='ocrx_word' id='word_1_194' title='bbox 965 3522 1089 3598; x_wconf 91' lang='lat' dir='ltr'><strong>dicere</strong></span> <span class='ocrx_word' id='word_1_195' title='bbox 1105 3523 1204 3617; x_wconf 89' lang='lat' dir='ltr'><strong>qnod</strong></span> <span class='ocrx_word' id='word_1_196' title='bbox 1221 3542 1306 3618; x_wconf 93' lang='lat' dir='ltr'><strong>non,</strong></span> <span class='ocrx_word' id='word_1_197' title='bbox 1324 3534 1362 3602; x_wconf 90' lang='lat' dir='ltr'><strong>et</strong></span> <span class='ocrx_word' id='word_1_198' title='bbox 1378 3526 1447 3599; x_wconf 90' lang='lat' dir='ltr'><strong>boc</strong></span> <span class='ocrx_word' id='word_1_199' title='bbox 1466 3531 1545 3598; x_wconf 88' lang='lat' dir='ltr'><strong>tan-</strong></span> 
     </span>
     <span class='ocr_line' id='line_1_23' title="bbox 373 3641 1546 3742; baseline 0.001 -24"><span class='ocrx_word' id='word_1_200' title='bbox 373 3644 425 3741; x_wconf 80' lang='lat' dir='ltr'><strong>git</strong></span> <span class='ocrx_word' id='word_1_201' title='bbox 451 3643 559 3721; x_wconf 91' lang='lat' dir='ltr'><strong>tacite</strong></span> <span class='ocrx_word' id='word_1_202' title='bbox 583 3663 650 3738; x_wconf 91' lang='lat' dir='ltr'><strong>per</strong></span> <span class='ocrx_word' id='word_1_203' title='bbox 674 3641 821 3717; x_wconf 90' lang='lat' dir='ltr'><strong>tacitam</strong></span> <span class='ocrx_word' id='word_1_204' title='bbox 848 3643 1125 3719; x_wconf 88' lang='lat' dir='ltr'><strong>consensionem</strong></span> <span class='ocrx_word' id='word_1_205' title='bbox 1147 3643 1297 3742; x_wconf 77' lang='lat' dir='ltr'><strong>Virgilii,</strong></span> <span class='ocrx_word' id='word_1_206' title='bbox 1315 3646 1378 3740; x_wconf 87' lang='lat' dir='ltr'><strong>qni</strong></span> <span class='ocrx_word' id='word_1_207' title='bbox 1399 3665 1546 3741; x_wconf 85' lang='lat' dir='ltr'><strong>semper</strong></span> 
     </span>
     <span class='ocr_line' id='line_1_24' title="bbox 372 3751 1547 3863; baseline 0.001 -24"><span class='ocrx_word' id='word_1_208' title='bbox 372 3768 533 3839; x_wconf 86' lang='lat' dir='ltr'><strong>attentus</strong></span> <span class='ocrx_word' id='word_1_209' title='bbox 547 3751 585 3854; x_wconf 78' lang='lat'><strong>(⁶)</strong></span> <span class='ocrx_word' id='word_1_210' title='bbox 613 3761 833 3837; x_wconf 85' lang='lat' dir='ltr'><strong>auscultavit</strong></span> <span class='ocrx_word' id='word_1_211' title='bbox 853 3761 976 3838; x_wconf 90' lang='lat' dir='ltr'><strong>omnia</strong></span> <span class='ocrx_word' id='word_1_212' title='bbox 998 3763 1112 3838; x_wconf 93' lang='lat' dir='ltr'><strong>verba</strong></span> <span class='ocrx_word' id='word_1_213' title='bbox 1137 3757 1227 3840; x_wconf 88' lang='lat' dir='ltr'><strong>eius.</strong></span> <span class='ocrx_word' id='word_1_214' title='bbox 1251 3765 1343 3840; x_wconf 87' lang='lat' dir='ltr'><strong>Dicit</strong></span> <span class='ocrx_word' id='word_1_215' title='bbox 1367 3785 1478 3863; x_wconf 78' lang='lat' dir='ltr'><strong>ergo:</strong></span> <span class='ocrx_word' id='word_1_216' title='bbox 1505 3771 1547 3840; x_wconf 90' lang='lat' dir='ltr'><strong>lo</strong></span> 
     </span>
     <span class='ocr_line' id='line_1_25' title="bbox 374 3883 1545 3980; baseline 0.004 -24"><span class='ocrx_word' id='word_1_217' title='bbox 374 3885 479 3958; x_wconf 80' lang='lat' dir='ltr'><strong>credo</strong></span> <span class='ocrx_word' id='word_1_218' title='bbox 502 3883 568 3956; x_wconf 82' lang='lat' dir='ltr'><strong>ben</strong></span> <span class='ocrx_word' id='word_1_219' title='bbox 591 3883 688 3955; x_wconf 82' lang='lat' dir='ltr'><strong>cbe&#39;t</strong></span> <span class='ocrx_word' id='word_1_220' title='bbox 709 3901 799 3954; x_wconf 80' lang='lat' dir='ltr'><strong>saon</strong></span> <span class='ocrx_word' id='word_1_221' title='bbox 821 3885 866 3956; x_wconf 82' lang='lat' dir='ltr'><strong>dc</strong></span> <span class='ocrx_word' id='word_1_222' title='bbox 890 3884 921 3955; x_wconf 82' lang='lat' dir='ltr'><strong>ze</strong></span> <span class='ocrx_word' id='word_1_223' title='bbox 942 3885 1068 3976; x_wconf 85' lang='lat' dir='ltr'><strong>parete</strong></span> <span class='ocrx_word' id='word_1_224' title='bbox 1093 3903 1174 3958; x_wconf 85' lang='lat' dir='ltr'><strong>vere</strong></span> <span class='ocrx_word' id='word_1_225' title='bbox 1197 3886 1472 3980; x_wconf 63' lang='lat' dir='ltr'><strong>repressaque</strong></span> <span class='ocrx_word' id='word_1_226' title='bbox 1496 3887 1545 3962; x_wconf 90' lang='lat' dir='ltr'><strong>ita</strong></span> 
     </span>
     <span class='ocr_line' id='line_1_26' title="bbox 376 4000 1549 4099; baseline 0.003 -23"><span class='ocrx_word' id='word_1_227' title='bbox 376 4000 551 4076; x_wconf 86' lang='lat' dir='ltr'><strong>audacter</strong></span> <span class='ocrx_word' id='word_1_228' title='bbox 576 4007 613 4077; x_wconf 92' lang='lat' dir='ltr'><strong>et</strong></span> <span class='ocrx_word' id='word_1_229' title='bbox 638 4001 753 4076; x_wconf 89' lang='lat' dir='ltr'><strong>iibere</strong></span> <span class='ocrx_word' id='word_1_230' title='bbox 778 4008 1008 4096; x_wconf 73' lang='lat' dir='ltr'><strong>expresserat</strong></span> <span class='ocrx_word' id='word_1_231' title='bbox 1034 4002 1083 4077; x_wconf 91' lang='lat' dir='ltr'><strong>ilii</strong></span> <span class='ocrx_word' id='word_1_232' title='bbox 1108 4003 1313 4099; x_wconf 89' lang='lat' dir='ltr'><strong>veritatem,</strong></span> <span class='ocrx_word' id='word_1_233' title='bbox 1331 4008 1486 4098; x_wconf 82' lang='lat' dir='ltr'><strong>ptoccsse</strong></span> <span class='ocrx_word' id='word_1_234' title='bbox 1510 4010 1549 4080; x_wconf 91' lang='lat' dir='ltr'><strong>ot</strong></span> 
     </span>
     <span class='ocr_line' id='line_1_27' title="bbox 378 4119 1547 4220; baseline 0.006 -28"><span class='ocrx_word' id='word_1_235' title='bbox 378 4121 449 4192; x_wconf 81' lang='lat' dir='ltr'><strong>mio</strong></span> <span class='ocrx_word' id='word_1_236' title='bbox 472 4121 576 4211; x_wconf 83' lang='lat' dir='ltr'><strong>daco,</strong></span> <span class='ocrx_word' id='word_1_237' title='bbox 592 4121 727 4196; x_wconf 89' lang='lat' dir='ltr'><strong>scilicet</strong></span> <span class='ocrx_word' id='word_1_238' title='bbox 745 4119 904 4217; x_wconf 81' lang='lat' dir='ltr'><strong>Virgilio,</strong></span> <span class='ocrx_word' id='word_1_239' title='bbox 923 4121 1029 4214; x_wconf 89' lang='lat' dir='ltr'><strong>quasi</strong></span> <span class='ocrx_word' id='word_1_240' title='bbox 1044 4121 1161 4196; x_wconf 87' lang='lat' dir='ltr'><strong>dicat:</strong></span> <span class='ocrx_word' id='word_1_241' title='bbox 1179 4123 1299 4197; x_wconf 92' lang='lat' dir='ltr'><strong>omnis</strong></span> <span class='ocrx_word' id='word_1_242' title='bbox 1323 4123 1380 4198; x_wconf 90' lang='lat' dir='ltr'><strong>vir</strong></span> <span class='ocrx_word' id='word_1_243' title='bbox 1403 4125 1547 4220; x_wconf 90' lang='lat' dir='ltr'><strong>sapiens</strong></span> 
     </span>
     <span class='ocr_line' id='line_1_28' title="bbox 377 4235 1550 4336; baseline 0.003 -22"><span class='ocrx_word' id='word_1_244' title='bbox 377 4237 612 4316; x_wconf 84' lang='lat' dir='ltr'><strong>confirmaret</strong></span> <span class='ocrx_word' id='word_1_245' title='bbox 636 4251 674 4318; x_wconf 88' lang='lat' dir='ltr'><strong>et</strong></span> <span class='ocrx_word' id='word_1_246' title='bbox 698 4240 855 4316; x_wconf 87' lang='lat' dir='ltr'><strong>diceret:</strong></span> <span class='ocrx_word' id='word_1_247' title='bbox 882 4240 977 4315; x_wconf 91' lang='lat' dir='ltr'><strong>bene</strong></span> <span class='ocrx_word' id='word_1_248' title='bbox 1002 4247 1039 4316; x_wconf 90' lang='lat' dir='ltr'><strong>et</strong></span> <span class='ocrx_word' id='word_1_249' title='bbox 1065 4261 1154 4316; x_wconf 90' lang='lat' dir='ltr'><strong>vere</strong></span> <span class='ocrx_word' id='word_1_250' title='bbox 1174 4240 1314 4336; x_wconf 81' lang='lat' dir='ltr'><strong>dixisti3</strong></span> <span class='ocrx_word' id='word_1_251' title='bbox 1335 4262 1402 4315; x_wconf 82' lang='lat' dir='ltr'><strong>con</strong></span> <span class='ocrx_word' id='word_1_252' title='bbox 1418 4235 1449 4316; x_wconf 85' lang='lat' dir='ltr'><strong>ri</strong></span> <span class='ocrx_word' id='word_1_253' title='bbox 1464 4265 1550 4318; x_wconf 86' lang='lat' dir='ltr'><strong>oon-</strong></span> 
     </span>
     <span class='ocr_line' id='line_1_29' title="bbox 377 4359 1549 4458; baseline 0.003 -24"><span class='ocrx_word' id='word_1_254' title='bbox 377 4367 468 4434; x_wconf 81' lang='lat' dir='ltr'><strong>tervto</strong></span> <span class='ocrx_word' id='word_1_255' title='bbox 504 4360 598 4436; x_wconf 83' lang='lat' dir='ltr'><strong>lobio</strong></span> <span class='ocrx_word' id='word_1_256' title='bbox 626 4381 765 4454; x_wconf 73' lang='lat' dir='ltr'><strong>compre</strong></span> <span class='ocrx_word' id='word_1_257' title='bbox 797 4367 918 4453; x_wconf 77' lang='lat' dir='ltr'><strong>nurse,</strong></span> <span class='ocrx_word' id='word_1_258' title='bbox 943 4359 1030 4454; x_wconf 87' lang='lat' dir='ltr'><strong>quia</strong></span> <span class='ocrx_word' id='word_1_259' title='bbox 1063 4359 1200 4437; x_wconf 89' lang='lat' dir='ltr'><strong>scilicet</strong></span> <span class='ocrx_word' id='word_1_260' title='bbox 1232 4383 1437 4458; x_wconf 79' lang='lat' dir='ltr'><strong>numquam</strong></span> <span class='ocrx_word' id='word_1_261' title='bbox 1465 4363 1549 4440; x_wconf 89' lang='lat' dir='ltr'><strong>lecit</strong></span> 
     </span>
     <span class='ocr_line' id='line_1_30' title="bbox 378 4478 1548 4576; baseline 0.003 -23"><span class='ocrx_word' id='word_1_262' title='bbox 378 4480 546 4574; x_wconf 89' lang='lat' dir='ltr'><strong>verbum,</strong></span> <span class='ocrx_word' id='word_1_263' title='bbox 579 4499 784 4574; x_wconf 88' lang='lat' dir='ltr'><strong>numquam</strong></span> <span class='ocrx_word' id='word_1_264' title='bbox 823 4478 935 4555; x_wconf 86' lang='lat' dir='ltr'><strong>dixit:</strong></span> <span class='ocrx_word' id='word_1_265' title='bbox 970 4481 1067 4555; x_wconf 91' lang='lat' dir='ltr'><strong>male</strong></span> <span class='ocrx_word' id='word_1_266' title='bbox 1103 4479 1202 4576; x_wconf 89' lang='lat' dir='ltr'><strong>dicis,</strong></span> <span class='ocrx_word' id='word_1_267' title='bbox 1235 4483 1294 4558; x_wconf 90' lang='lat' dir='ltr'><strong>vel</strong></span> <span class='ocrx_word' id='word_1_268' title='bbox 1321 4481 1427 4558; x_wconf 90' lang='lat' dir='ltr'><strong>nimis</strong></span> <span class='ocrx_word' id='word_1_269' title='bbox 1450 4481 1548 4558; x_wconf 90' lang='lat' dir='ltr'><strong>dicis.</strong></span> 
     </span>
     <span class='ocr_line' id='line_1_31' title="bbox 377 4591 1625 4698; baseline 0.007 -26"><span class='ocrx_word' id='word_1_270' title='bbox 377 4637 427 4654; x_wconf 90' lang='lat'><em>-</em></span> <span class='ocrx_word' id='word_1_271' title='bbox 441 4591 542 4673; x_wconf 75' lang='lat' dir='ltr'><strong>red.</strong></span> <span class='ocrx_word' id='word_1_272' title='bbox 569 4600 634 4674; x_wconf 87' lang='lat' dir='ltr'><strong>Hic</strong></span> <span class='ocrx_word' id='word_1_273' title='bbox 660 4601 790 4676; x_wconf 91' lang='lat' dir='ltr'><strong>ultimo</strong></span> <span class='ocrx_word' id='word_1_274' title='bbox 813 4607 924 4676; x_wconf 89' lang='lat' dir='ltr'><strong>autor</strong></span> <span class='ocrx_word' id='word_1_275' title='bbox 946 4601 1120 4676; x_wconf 88' lang='lat' dir='ltr'><strong>claudens</strong></span> <span class='ocrx_word' id='word_1_276' title='bbox 1142 4601 1342 4698; x_wconf 89' lang='lat' dir='ltr'><strong>capitulum</strong></span> <span class='ocrx_word' id='word_1_277' title='bbox 1368 4610 1405 4680; x_wconf 85' lang='lat' dir='ltr'><strong>et</strong></span> <span class='ocrx_word' id='word_1_278' title='bbox 1429 4615 1550 4680; x_wconf 82' lang='lat' dir='ltr'><strong>matc-</strong></span> <span class='ocrx_word' id='word_1_279' title='bbox 1613 4591 1625 4602; x_wconf 45' lang='lat'>⁸</span> 
     </span>
     <span class='ocr_line' id='line_1_32' title="bbox 379 4717 1551 4822; baseline 0.005 -30"><span class='ocrx_word' id='word_1_280' title='bbox 379 4717 470 4792; x_wconf 89' lang='lat' dir='ltr'><strong>riam</strong></span> <span class='ocrx_word' id='word_1_281' title='bbox 496 4719 662 4794; x_wconf 82' lang='lat' dir='ltr'><strong>simoniae</strong></span> <span class='ocrx_word' id='word_1_282' title='bbox 689 4721 861 4796; x_wconf 83' lang='lat' dir='ltr'><strong>describit</strong></span> <span class='ocrx_word' id='word_1_283' title='bbox 889 4741 1076 4796; x_wconf 89' lang='lat' dir='ltr'><strong>recessuro</strong></span> <span class='ocrx_word' id='word_1_284' title='bbox 1107 4743 1218 4796; x_wconf 90' lang='lat' dir='ltr'><strong>suum</strong></span> <span class='ocrx_word' id='word_1_285' title='bbox 1247 4723 1296 4797; x_wconf 92' lang='lat' dir='ltr'><strong>ab</strong></span> <span class='ocrx_word' id='word_1_286' title='bbox 1327 4723 1398 4799; x_wconf 91' lang='lat' dir='ltr'><strong>ista</strong></span> <span class='ocrx_word' id='word_1_287' title='bbox 1426 4723 1551 4822; x_wconf 82' lang='lat' dir='ltr'><strong>bulgia</strong></span> 
     </span>
    </p>
   </div>
   <div class='ocr_carea' id='block_1_4' title="bbox 1446 4868 1551 4878">
    <p class='ocr_par' dir='ltr' id='par_1_4' title="bbox 1446 4868 1551 4878">
     <span class='ocr_line' id='line_1_33' title="bbox 1446 4868 1551 4878; baseline 0 -2"><span class='ocrx_word' id='word_1_288' title='bbox 1446 4868 1551 4878; x_wconf 54' lang='grc' dir='ltr'><strong>-η</strong></span> 
     </span>
    </p>
   </div>
   <div class='ocr_carea' id='block_1_5' title="bbox 440 4937 1432 5160">
    <p class='ocr_par' dir='ltr' id='par_1_5' title="bbox 440 4937 1432 5160">
     <span class='ocr_line' id='line_1_34' title="bbox 440 4937 1301 5008; baseline 0.007 -16"><span class='ocrx_word' id='word_1_289' title='bbox 440 4937 468 5002; x_wconf 76' lang='lat'><strong>(¹)</strong></span> <span class='ocrx_word' id='word_1_290' title='bbox 486 4940 517 4991; x_wconf 82' lang='lat' dir='ltr'><strong>B.</strong></span> <span class='ocrx_word' id='word_1_291' title='bbox 532 4942 564 4993; x_wconf 77' lang='lat' dir='ltr'><strong>sd</strong></span> <span class='ocrx_word' id='word_1_292' title='bbox 581 4947 644 4994; x_wconf 81' lang='lat' dir='ltr'><strong>tunc</strong></span> <span class='ocrx_word' id='word_1_293' title='bbox 659 4943 819 4996; x_wconf 80' lang='lat' dir='ltr'><strong>comulcrtr.</strong></span> <span class='ocrx_word' id='word_1_294' title='bbox 1039 4944 1066 5006; x_wconf 81' lang='lat'><strong>(¹)</strong></span> <span class='ocrx_word' id='word_1_295' title='bbox 1082 4944 1114 4996; x_wconf 78' lang='lat' dir='ltr'><strong>li.</strong></span> <span class='ocrx_word' id='word_1_296' title='bbox 1130 4957 1184 5008; x_wconf 73' lang='lat' dir='ltr'><strong>pro</strong></span> <span class='ocrx_word' id='word_1_297' title='bbox 1200 4945 1301 4998; x_wconf 85' lang='lat' dir='ltr'><strong>dolore.</strong></span> 
     </span>
     <span class='ocr_line' id='line_1_35' title="bbox 440 5013 1240 5092; baseline 0.001 -23"><span class='ocrx_word' id='word_1_298' title='bbox 440 5013 651 5082; x_wconf 64' lang='lat' dir='ltr'><strong>rismum</strong></span> <span class='ocrx_word' id='word_1_299' title='bbox 990 5073 999 5092; x_wconf 59' lang='lat'><strong>,</strong></span> <span class='ocrx_word' id='word_1_300' title='bbox 1040 5019 1240 5080; x_wconf 65' lang='lat' dir='ltr'><strong>(amaram,</strong></span> 
     </span>
     <span class='ocr_line' id='line_1_36' title="bbox 441 5089 1432 5160; baseline 0.006 -17"><span class='ocrx_word' id='word_1_301' title='bbox 441 5089 468 5154; x_wconf 82' lang='lat' dir='ltr'><strong>t&#39;)</strong></span> <span class='ocrx_word' id='word_1_302' title='bbox 485 5091 516 5142; x_wconf 83' lang='lat' dir='ltr'><strong>B.</strong></span> <span class='ocrx_word' id='word_1_303' title='bbox 532 5091 634 5146; x_wconf 69' lang='lat' dir='ltr'><strong>dm:</strong></span> <span class='ocrx_word' id='word_1_304' title='bbox 652 5095 689 5146; x_wconf 82' lang='lat' dir='ltr'><strong>lo.</strong></span> <span class='ocrx_word' id='word_1_305' title='bbox 1042 5097 1070 5160; x_wconf 64' lang='grc' dir='ltr'><strong>ι’)</strong></span> <span class='ocrx_word' id='word_1_306' title='bbox 1088 5095 1118 5146; x_wconf 80' lang='lat' dir='ltr'><strong>li.</strong></span> <span class='ocrx_word' id='word_1_307' title='bbox 1134 5100 1247 5148; x_wconf 75' lang='lat' dir='ltr'><strong>attentus</strong></span> <span class='ocrx_word' id='word_1_308' title='bbox 1262 5097 1432 5149; x_wconf 65' lang='lat' dir='ltr'><strong>cumulabat.</strong></span> 
     </span>
    </p>
   </div>
   <div class='ocr_carea' id='block_1_6' title="bbox 0 0 2294 6836">
    <p class='ocr_par' dir='ltr' id='par_1_6' title="bbox 0 0 2294 6836">
     <span class='ocr_line' id='line_1_37' title="bbox 0 0 2294 6836; baseline 0 0"><span class='ocrx_word' id='word_1_309' title='bbox 0 0 2294 6836; x_wconf 95' lang='lat' dir='ltr'><strong> </strong></span> 
     </span>
    </p>
   </div>
  </div>
 </body>
</html>
