4566 6844
696 979 834 1036 murus
857 981 1073 1042 willemus
1095 980 1257 1035 ruamus.
1492 966 1562 1033 547

396 1133 543 1222 gantur,
569 1127 755 1222 praecipue
773 1147 839 1223 per
855 1147 979 1220 mare;
997 1133 1083 1201 suut
1099 1126 1197 1202 euim
1220 1123 1371 1199 maximi
1390 1123 1566 1220 navigan·

396 1249 461 1318 tes.
490 1245 533 1318 Et
560 1265 634 1320 non
660 1247 816 1341 mireris,
842 1248 969 1340 lector,
993 1245 1023 1319 si
1049 1252 1157 1320 autor
1183 1244 1221 1318 iu
1236 1237 1272 1336 (¹)
1300 1264 1376 1318 uno
1406 1242 1565 1337 capitulo

396 1364 482 1441 lacit
505 1366 597 1442 duas
623 1367 813 1442 mordaces
830 1367 1040 1462 invectivas,
1056 1366 1212 1443 alteram
1233 1369 1361 1439 eontra
1381 1362 1562 1440 civitatem

394 1485 570 1580 pisanam,
588 1487 743 1565 alteram
769 1492 897 1563 contra
922 1487 1106 1562 civitatem
1127 1486 1365 1581 januensem3
1386 1483 1561 1576 quoniam

391 1603 471 1679 istae
496 1606 579 1681 duae
604 1607 769 1682 civitates
791 1606 1048 1702 potentissimae
1074 1606 1111 1680 in
1137 1605 1230 1679 mari
1251 1604 1400 1679 luerunt
1420 1601 1507 1675 olim
1526 1601 1562 1674 iu

396 1724 526 1799 eadem
552 1725 703 1822 regione
727 1725 897 1824 Liguriae,
914 1723 1116 1801 secundum
1138 1723 1335 1816 lustinum,
1353 1721 1458 1797 cuius
1476 1739 1562 1815 pro·

395 1844 523 1919 viuciae
547 1845 769 1921 habitatores
795 1847 945 1923 luerunt
969 1866 1116 1941 semper
1138 1845 1304 1919 homines
1329 1841 1501 1935 bellicosi,
1520 1846 1562 1914 ut

393 1984 490 2060 saepe
514 1972 614 2062 patet
638 1968 735 2062 apud
761 1968 880 2040 Titum
907 1967 1069 2059 Livium3
1097 1965 1194 2040 uude
1223 1964 1360 2060 ligures
1384 1962 1431 2037 ed
1456 1981 1561 2037 arma

393 2084 576 2158 durissimi
593 2086 654 2160 diu
681 2087 787 2160 nimis
803 2086 1049 2183 fatigaverunt
1067 2083 1241 2160 virtutem
1262 2101 1473 2178 romenam3
1492 2082 1559 2154 bo-

392 2203 510 2278 mines
534 2205 702 2299 audaces,
726 2205 823 2280 unde
848 2205 1037 2303 Virgilius:
1072 2212 1309 2294 meorumque
1341 2205 1435 2274 molo
1471 2204 1561 2292 lmu-

393 2341 481 2413 rem,
506 2323 608 2418 idest,
634 2324 741 2418 bello,
758 2323 886 2419 labori,
904 2324 1104 2400 latrocinio.
1123 2324 1167 2397 Et
1189 2323 1285 2398 idem
1307 2321 1429 2396 Livius
1453 2319 1558 2396 dicit:

394 2445 593 2516 maeonio
617 2445 778 2534 ligoram.
805 2445 850 2518 lit
873 2445 1033 2541 assignat
1057 2451 1166 2518 autor
1182 2463 1341 2518 causam
1362 2443 1473 2537 juslae
1503 2441 1559 2514 iu-

394 2563 545 2638 vectirae
571 2562 675 2638 lacte
699 2571 826 2639 contra
846 2566 1057 2660 januenses,
1081 2564 1223 2640 dicens:
1241 2566 1313 2656 cte,
1331 2563 1433 2657 idest,
1460 2561 1559 2655 quia,

393 2686 510 2756 crocci
533 2686 571 2758 di
593 2686 652 2756 voi
674 2704 723 2757 uo
747 2688 809 2776 tol,
827 2683 962 2759 scilicet
978 2684 1158 2759 Braucam
1179 2683 1406 2780 predictum,
1424 2685 1484 2755 cte
1498 2671 1561 2773 oid

393 2806 425 2875 si
447 2803 566 2894 damea
588 2807 627 2876 io
652 2807 773 2878 aromo
796 2808 834 2878 io
860 2807 988 2895 coeo,
1007 2805 1092 2898 quia
1109 2804 1232 2878 anima
1253 2803 1333 2878 eius
1353 2809 1440 2878 ante
1456 2820 1559 2877 mor·

394 2927 468 2996 tem
493 2923 682 2998 cruciatur
697 2915 733 3015 (¹)
761 2922 797 2997 in
822 2923 940 3020 glacie
953 2925 1045 3019 jem,
1060 2945 1126 3016 per
1145 2945 1211 2996 suo
1230 2943 1334 3016 opro,
1353 2922 1455 3015 idest,
1473 2941 1558 3015 per·

392 3041 464 3116 lida
488 3042 701 3138 proditione,
726 3051 759 3116 et
781 3048 818 3117 ia
842 3063 952 3136 corpo
971 3065 1046 3136 por
1070 3046 1149 3116 otoo
1166 3063 1279 3115 crrcor
1294 3044 1332 3116 di
1346 3061 1471 3134 sopra,
1488 3037 1558 3113 sci·

391 3163 476 3240 licet
498 3163 536 3236 in
560 3171 686 3238 nostro
712 3164 850 3238 muudo
876 3164 1095 3258 viventium
1121 3171 1158 3240 et
1181 3163 1244 3238 dat
1258 3153 1295 3255 (Β)
1320 3161 1387 3236 sibi
1414 3159 1554 3234 socium

391 3283 542 3380 dignum
569 3303 610 3358 se
634 3303 721 3359 cum
747 3284 854 3359 dicit:
880 3288 938 3358 col
955 3288 1125 3377 pecctore
1154 3287 1266 3376 spirlo
1296 3285 1334 3356 di
1357 3287 1557 3370 Romaene,

389 3402 523 3477 scillcet
549 3402 662 3478 fratre
686 3404 865 3498 diberico,
883 3405 946 3498 qui
964 3404 1047 3479 lecit
1072 3402 1224 3478 interfici
1242 3399 1557 3498 consanguineum

390 3543 500 3596 suum
525 3523 572 3598 ad
598 3543 762 3599 mensam
789 3523 951 3620 appetitu
969 3523 1155 3617 vindictae3
1176 3528 1214 3597 et
1229 3510 1267 3614 (⁸)
1285 3521 1426 3596 Brunca
1445 3539 1558 3594 manu

389 3644 536 3739 propria
565 3644 744 3718 interiecit
774 3663 945 3720 socerum
976 3633 1023 3719 ad
1056 3663 1222 3719 mensam
1254 3642 1416 3738 appetitu
1447 3661 1560 3736 pecu-

391 3765 477 3858 uiae3
503 3764 586 3839 ideo
611 3771 770 3858 uterque
793 3767 961 3860 perinsus
977 3765 1156 3861 sanguiue
1173 3763 1289 3838 calido
1306 3782 1460 3837 suorum
1480 3762 1559 3836 bel·

390 3888 476 3957 neat
500 3890 538 3957 et
562 3883 660 3957 lavat
683 3903 724 3958 se
748 3884 786 3955 in
811 3885 947 3978 Cocyto
973 3884 1112 3980 frigido.
1140 3886 1185 3956 Et
1216 3884 1274 3958 bic
1304 3883 1434 3956 ultimo
1459 3887 1557 3974 uota,

390 4000 515 4094 lector,
542 4000 641 4096 quod
665 4001 712 4076 ed
738 4002 990 4076 renovandum
1008 4009 1045 4078 et
1064 4001 1355 4077 confirmandum
1383 3999 1557 4095 quicquid

388 4121 475 4196 dicit
498 4120 731 4216 autumabas
755 4123 897 4198 Brauca
923 4123 1088 4198 novellus
1105 4122 1152 4197 de
1171 4121 1299 4197 eadem
1327 4122 1474 4216 familia,
1491 4121 1556 4196 sed

390 4241 549 4338 spurius,
566 4241 744 4318 interiecit
764 4242 916 4318 fratrem
943 4243 1131 4338 proprium
1148 4234 1186 4334 (ὅ)
1204 4241 1409 4339 legitimum
1430 4242 1478 4317 de
1494 4261 1557 4317 ea-

389 4363 475 4438 dem
502 4361 678 4457 Sardinia,
704 4369 746 4437 ut
771 4363 924 4438 heberet
947 4362 1151 4439 dominium
1182 4361 1242 4456 ibi,
1267 4361 1362 4436 sicut
1386 4360 1508 4436 audivi
1534 4381 1557 4436 a

391 4471 462 4558 ilde
486 4481 603 4580 dignis
623 4482 874 4577 januensibus.

450 4701 478 4763 tl
493 4701 526 4750 E.
541 4703 567 4752 ln
582 4701 633 4752 boc
648 4700 718 4752 neri.
874 4700 901 4763 (¹)
917 4700 949 4752 li.
961 4701 1016 4766 jam
1033 4701 1167 4752 crucium
1184 4700 1210 4751 in
1227 4699 1317 4764 glscie,
1330 4713 1378 4764 per
1391 4712 1440 4748 m
1454 4712 1526 4762 φη,

450 4777 478 4840 (¹)
494 4779 525 4829 B.
541 4784 567 4830 el
582 4778 645 4829 dens
660 4779 716 4829 sibl.
874 4779 901 4841 (⁸)
918 4778 949 4828 Β.
964 4783 991 4830 et
1005 4780 1054 4830 isle
1069 4777 1177 4829 Brunca.

450 4853 479 4918 (⁸)
495 4855 522 4906 S.
538 4869 615 4906 suum
631 4857 777 4921 legitimum
794 4855 821 4908 ln
837 4857 936 4908 udam.
