4580 6844
723 953 799 1022 386
1123 967 1328 1025 counuruu
1353 971 1506 1026 munnur

728 1130 835 1186 nonae
859 1110 1005 1207 bulgiae,
1030 1131 1050 1184 e
1074 1113 1105 1184 te
1129 1113 1265 1186 cliuoso
1278 1117 1422 1206 propte,
1439 1115 1542 1212 idest,
1560 1113 1752 1190 diversitas
1769 1113 1903 1189 vulue-

729 1251 828 1324 rum,
854 1250 968 1304 aaron
991 1221 1022 1302 sl
1045 1231 1213 1306 inebriate
1231 1235 1262 1306 te
1286 1235 1353 1306 mie
1371 1237 1449 1328 rua,
1467 1234 1572 1328 idest,
1588 1234 1639 1310 ita
1655 1238 1904 1330 gravaverant

729 1371 834 1426 meos
857 1351 985 1425 oculos
1014 1350 1287 1447 intellectuales,
1312 1354 1373 1428 cle
1403 1375 1492 1427 eruo
1517 1355 1629 1446 rapte
1653 1355 1698 1428 do
1720 1356 1755 1428 to
1779 1359 1856 1426 sto'r
1879 1371 1906 1426 o

724 1475 915 1564 plangere:
940 1470 1026 1565 quia
1051 1478 1191 1565 quanto
1216 1473 1333 1570 magis
1357 1473 1597 1549 scrutabatur
1611 1465 1648 1566 (¹)
1679 1474 1776 1549 iuter
1807 1473 1904 1566 istos,

730 1596 832 1664 tanto
859 1589 975 1686 magis
999 1581 1274 1684 invitabaturff)
1294 1593 1340 1667 ad
1365 1593 1552 1688 planctum
1578 1613 1626 1668 ex
1652 1591 1905 1688 compassione

729 1711 906 1805 bumana,
932 1709 1057 1785 videns
1082 1717 1136 1785 tot
1161 1711 1317 1786 vulnera
1346 1719 1385 1788 et
1415 1718 1559 1787 tantum
1592 1712 1808 1810 sanguinem
1834 1712 1907 1786 hu·

730 1851 884 1906 manum
914 1831 1037 1905 lusum
1068 1851 1165 1926 saepe
1191 1832 1277 1906 vitio
1303 1853 1427 1927 pravae
1451 1833 1600 1929 liuguae,
1620 1817 1670 1909 ¹et
1701 1831 1905 1928 specialiter

730 1951 951 2026 aucurrebat
975 1951 1041 2025 sibi
1067 1972 1165 2025 unus
1190 1951 1237 2026 de
1262 1973 1330 2026 sua
1347 1951 1470 2047 stirpe,
1488 1972 1600 2048 super
1617 1952 1722 2028 cuius
1744 1959 1903 2028 mortem

731 2070 929 2146 violentam
959 2070 1244 2166 lacrymabatur.
1276 2071 1319 2144 Et
1351 2069 1410 2144 bio
1441 2081 1539 2165 nota,
1571 2071 1670 2166 quod
1694 2091 1761 2167 per
1790 2071 1905 2147 verba

729 2191 901 2288 predicta
925 2199 1035 2266 autor
1060 2192 1139 2265 uult
1154 2190 1278 2266 dicero
1293 2188 1332 2265 in
1348 2191 1503 2268 ellectu:
1522 2212 1594 2288 ego
1612 2211 1716 2268 eram
1737 2181 1905 2282 adhucl³l

731 2318 830 2386 totus
862 2311 1023 2387 intentus
1057 2330 1145 2386 cum
1179 2311 1304 2386 animo
1337 2311 1436 2386 oiroa
1470 2311 1605 2388 uicum
1631 2311 1839 2405 materiam,
1868 2318 1907 2385 ot

731 2432 849 2506 multa
875 2431 1063 2506 restabant
1087 2429 1239 2506 dicenda
1270 2437 1421 2525 propter
1453 2431 1741 2527 magnitudinem
1757 2419 1793 2523 (⁴)
1824 2449 1907 2504 ma·

733 2551 946 2645 teriae;''sed
971 2551 1142 2648 Virgilius
1168 2550 1322 2626 retraxit
1347 2571 1448 2646 eum,
1476 2553 1563 2646 quia
1588 2551 1681 2627 liber
1709 2570 1783 2627 nou
1814 2550 1909 2646 pati·

733 2680 795 2745 tur
809 2662 846 2763 (⁵)
865 2671 964 2765 quod
981 2671 1063 2766 plus
1078 2669 1233 2764 dicatur,
1250 2667 1448 2765 potissime,
1466 2671 1555 2764 qula
1571 2677 1683 2746 autor
1696 2677 1772 2747 tam
1791 2670 1907 2744 multa

731 2789 1006 2886 comprehendit
1037 2790 1074 2863 in
1105 2809 1179 2864 uuo
1208 2790 1377 2886 capitulo.
1404 2790 1507 2867 Unde
1537 2798 1594 2866 est
1619 2791 1725 2866 valde
1755 2790 1907 2887 dignum

732 2910 929 3003 notatione,
955 2909 1055 3003 quod
1079 2915 1190 2984 autor
1214 2910 1251 2984 in
1276 2910 1678 3006 praecedentioapitulo
1695 2911 1731 2984 iu
1749 2931 1826 2986 uno
1841 2929 1909 3007 ge-

732 3051 823 3106 nere
840 3029 915 3104 vitii
932 3029 1053 3123 posuit
1070 3035 1123 3103 tot
1141 3029 1281 3124 species
1297 3049 1494 3125 poenarum
1512 3029 1743 3105 diversarum
1758 3020 1808 3123 (⁸),
1821 3029 1908 3124 quia

731 3149 853 3245 posuit
877 3149 1149 3224 Maoomethum
1177 3155 1297 3224 toturn
1322 3148 1481 3224 divisum
1511 3147 1682 3224 omnibus
1709 3147 1909 3224 visceribus
2013 3191 2016 3196 ,

732 3268 955 3343 horribiliter
969 3258 1006 3360 (⁷)
1025 3267 1302 3363 apparentibus;
1320 3267 1388 3364 Aly
1401 3268 1439 3340 iu
1455 3267 1548 3342 facie
1564 3267 1738 3362 scissum3
1756 3267 1908 3342 Petrum

732 3389 779 3464 de
803 3387 979 3463 Medicina
1006 3387 1167 3464 foratum
1193 3388 1230 3460 in
1261 3393 1416 3484 gutture
1441 3387 1520 3462 sino
1551 3407 1641 3462 naso
1672 3395 1710 3463 et
1734 3387 1909 3481 auribus3

733 3508 931 3582 Curionem
957 3506 1035 3582 siue
1060 3507 1205 3604 liugua3
1238 3509 1400 3582 Muscam
1434 3508 1513 3584 sine
1545 3507 1735 3602 manibus,
1761 3508 1911 3584 Bertra·

736 3649 839 3702 mum
854 3618 891 3720 (⁸)
920 3627 998 3703 sine
1022 3627 1294 3722 rapite-llo.
1320 3627 1386 3704 llic
1409 3635 1520 3703 autor
1545 3628 1701 3703 ostendit
1725 3628 1911 3722 quomodo

734 3748 906 3844 Virgilius
931 3749 1099 3846 arguerit
1122 3769 1211 3826 eum
1239 3749 1286 3824 de
1310 3769 1416 3823 mora
1446 3755 1484 3822 et
1513 3747 1719 3823 invitaverit
1750 3748 1912 3824 eumad

734 3867 971 3944 celeritatem.
1006 3867 1108 3943 Unde
1133 3867 1243 3942 dicit:
1272 3873 1333 3941 llo
1365 3871 1508 3960 Virgilio
1532 3871 1582 3942 mi
1610 3871 1725 3942 disse:
1754 3869 1815 3940 olo
1841 3887 1913 3960 por

733 3993 864 4078 pout?
880 3985 983 4080 idest,
1001 3986 1089 4080 quid
1109 3988 1267 4082 amplius
1283 3987 1422 4062 trustra
1443 3988 1613 4083 respicis?
1628 3983 1756 4080 percle*
1771 3991 1808 4062 lo
1824 3990 1913 4061 voto

732 4115 806 4199 tuo,
832 4106 935 4200 idest,
961 4106 1161 4202 speculatio
1188 4115 1263 4202 tua,
1287 4110 1416 4200 parsi
1445 4111 1594 4202 sossotpe
1618 4098 1655 4182 td
1678 4103 1752 4200 pti,
1778 4103 1913 4182 scilicet

734 4226 771 4301 in
791 4227 906 4301 fundo
925 4225 1059 4322 bulgiae
1079 4247 1197 4320 nonae,
1218 4235 1278 4300 tro
1298 4227 1458 4300 tumore
1474 4230 1570 4301 triste
1590 4230 1824 4302 snrozzicute?
1842 4225 1914 4300 soi-

733 4345 828 4441 lioet‚
854 4346 1146 4422 scismaticorum
1172 4346 1404 4442 privatorum
1428 4346 1581 4424 diversis
1612 4345 1806 4440 membris;
1832 4344 1914 4420 ideo

732 4465 829 4540 bene
863 4465 996 4558 tristes,
1026 4464 1114 4559 quia
1146 4465 1269 4540 nullus
1300 4473 1356 4541 est
1383 4466 1528 4564 integer
1560 4485 1726 4562 corpore,
1764 4472 1806 4539 ut
1832 4465 1911 4561 jam

735 4591 924 4659 ostensum
951 4591 1006 4659 est
1030 4585 1270 4661 discurrendo
1296 4606 1362 4682 per
1387 4587 1535 4661 multos.
1557 4587 1601 4660 Et
1622 4585 1737 4683 tangit
1761 4605 1913 4662 caumm

797 4773 824 4834 (¹)
840 4771 872 4822 li.
890 4773 1082 4823 scrutabantur.
1413 4773 1441 4837 l')
1458 4775 1489 4826 li.
1506 4774 1689 4825 invitabuntur.

796 4848 823 4909 (⁸)
839 4848 870 4898 Ε.
887 4849 972 4898 adhue
987 4849 1102 4900 intentus
1118 4849 1188 4900 circa
1205 4849 1356 4912 pradictum
1372 4851 1519 4911 motorium,
1537 4851 1597 4914 quin
1615 4849 1707 4900 multu.

798 4925 826 4984 (·)
841 4923 867 4975 S.
884 4924 1087 4974 multitudinum.
1413 4927 1441 4988 (¹)
1457 4925 1483 4976 S.
1499 4927 1653 4989 patiemim.

800 5000 827 5060 (⁸)
843 5001 869 5050 S.
886 5001 1069 5064 praedicturum
1084 5001 1255 5054 diremtum.
1414 5002 1441 5066 (³)
1458 5001 1484 5052 S.
1502 5001 1623 5066 turpiter.

800 5077 827 5140 (¹)
844 5077 874 5127 li.
890 5077 1067 5130 Boltrnndum.
