4534 6842
707 961 777 1027 irs
1097 917 1301 1028 mmm
1325 973 1476 1028 namsi

703 1119 787 1192 terit
811 1117 984 1212 prodesse
1012 1117 1088 1212 tibi,
1118 1119 1205 1213 quia
1230 1119 1349 1194 babeo
1374 1118 1462 1212 alas,
1486 1137 1525 1190 se
1553 1117 1743 1206 ditionii,
1769 1113 1871 1206 idest,

703 1237 732 1310 si
764 1244 803 1312 tu
836 1237 1039 1334 praecipitas
1070 1245 1108 1314 te
1136 1259 1203 1334 per
1232 1239 1364 1335 ripam,
1391 1237 1495 1332 quasi
1524 1237 1631 1332 dicat,
1657 1235 1745 1308 nihil
1770 1235 1872 1331 cogi·

704 1357 797 1452 lasti,
822 1357 910 1451 quia
935 1379 1009 1432 non
1033 1359 1179 1454 evades,
1204 1381 1263 1432 mo
1288 1351 1422 1432 bound
1456 1360 1539 1431 tali
1566 1379 1675 1449 sopra
1711 1359 1747 1428 lo
1776 1375 1873 1448 poce,

704 1479 808 1574 quasi
825 1478 943 1554 dicat:
962 1499 1164 1574 persequar
1188 1487 1225 1554 te
1251 1479 1417 1573 volando,
1435 1479 1484 1552 ita
1511 1477 1609 1571 quod
1626 1477 1774 1571 quando
1791 1495 1874 1550 crc-

705 1601 769 1676 des
793 1619 873 1674 esse
898 1600 968 1673 sub
994 1599 1083 1694 pice,
1101 1601 1173 1674 eris
1193 1601 1289 1675 inter
1315 1619 1459 1695 ungues
1486 1618 1599 1693 meos,
1621 1618 1735 1694 ergo:
1757 1599 1875 1670 lusan

705 1721 846 1811 limile,
863 1719 967 1813 quasi
984 1718 1102 1795 dicat:
1120 1719 1325 1795 dimittatur
1341 1719 1488 1793 culmen
1509 1717 1587 1792 sive
1611 1735 1727 1814 agger
1745 1717 1782 1790 in
1799 1736 1875 1810 quo

706 1860 848 1930 sumus,
874 1846 912 1914 ei
935 1839 1081 1913 deiicias
1112 1845 1149 1914 te
1183 1859 1247 1936 per
1273 1840 1403 1934 ripam,
1429 1837 1527 1912 unde
1559 1837 1667 1911 dicit:
1693 1857 1711 1908 e
1736 1839 1773 1908 lo
1797 1839 1876 1928 ripn

704 1963 760 2032 sia
786 1960 843 2034 sel
864 1962 915 2052 fio
940 1962 1060 2050 sendo,
1085 1961 1190 2053 quasi
1215 1960 1332 2036 dicat:
1360 1960 1618 2054 reparaculum
1649 1963 1687 2032 et
1714 1956 1875 2032 defensio

706 2087 782 2174 tna,
809 2079 896 2174 quia
924 2099 1058 2174 parum
1088 2079 1151 2154 libi
1184 2079 1357 2176 proderit,
1383 2079 1470 2173 quia
1500 2079 1594 2154 benc
1609 2070 1645 2170 (¹)
1673 2078 1875 2154 concorda-

706 2200 827 2274 bimus
852 2199 947 2274 inter
979 2199 1095 2294 ripam
1128 2205 1165 2274 et
1194 2200 1356 2294 bulgiam
1383 2205 1577 2294 postquam
1607 2204 1646 2271 tu
1675 2199 1728 2272 vis
1753 2199 1876 2273 iacere

706 2321 752 2396 ad
777 2320 925 2415 capillos
956 2339 1042 2394 cum
1075 2319 1228 2394 diabolo.
1256 2318 1357 2395 Unde
1389 2319 1498 2395 dicit:
1524 2341 1549 2392 a
1574 2321 1678 2392 ceder
1702 2340 1739 2391 se
1763 2327 1798 2392 tu
1822 2321 1878 2391 sol

707 2443 780 2514 voli
792 2435 853 2532 pti
873 2443 911 2514 di
934 2443 1006 2531 noi,
1024 2441 1127 2533 quasi
1146 2439 1264 2514 dicat:
1282 2441 1376 2514 bene
1402 2439 1471 2514 erit
1491 2439 1658 2512 mirabile
1678 2439 1706 2511 si
1725 2444 1764 2512 tu
1783 2439 1875 2513 scies

707 2561 902 2656 plusquam
923 2566 975 2634 toi
1000 2559 1132 2635 diaboli
1153 2561 1248 2635 bene
1271 2560 1404 2635 armati
1422 2566 1459 2634 et
1484 2559 1578 2633 bene
1598 2558 1737 2653 albati,
1755 2565 1792 2632 et
1812 2558 1875 2652 qui

708 2686 890 2754 noverunt
921 2686 1065 2754 totum:
1098 2687 1135 2754 et
1159 2686 1284 2755 tamen
1309 2681 1390 2776 plus
1426 2680 1513 2755 sciet
1539 2685 1576 2753 et
1608 2679 1752 2775 poterit7
1783 2679 1877 2752 sicut

708 2799 829 2876 statim
853 2799 906 2874 rei
932 2799 1099 2894 probabit
1124 2807 1288 2876 eventus.
1303 2804 1400 2874 —0
1424 2809 1459 2872 tu
1484 2803 1545 2873 cie
1568 2803 1668 2891 ἱεραί.
1687 2801 1791 2874 Nunc
1808 2819 1878 2874 au·

709 2927 768 2994 tor
787 2918 959 2993 describit
983 2939 1096 2993 unam
1119 2939 1281 3015 pugnam
1302 2921 1468 3016 jocosam
1490 2939 1574 3012 quae
1599 2925 1685 2993 nata
1710 2927 1765 2993 est
1783 2920 1877 2994 inter

708 3040 893 3114 demones
910 3059 956 3114 er
982 3039 1170 3114 delusione
1186 3039 1289 3113 istius
1304 3039 1479 3114 daemonis
1499 3038 1688 3132 Ciampoli3
1706 3044 1743 3112 et
1760 3039 1878 3134 primo

710 3167 820 3234 autor
845 3158 1011 3234 tacturus
1037 3159 1240 3235 mirabilem
1269 3159 1451 3234 fictionem
1478 3159 1604 3234 invitat
1630 3159 1805 3234 lectorem
1831 3159 1877 3234 ad

708 3279 1007 3355 considerandam
1031 3280 1160 3375 rixam,
1172 3301 1284 3375 quam
1302 3288 1407 3375 parat
1422 3279 1641 3354 describere.
1661 3279 1750 3355 llicit
1771 3299 1878 3375 ergo:

710 3421 731 3472 ο
758 3407 793 3473 tu
817 3403 877 3474 clte
901 3401 1004 3491 loppa)
1031 3399 1174 3494 idest‚o
1199 3408 1239 3474 tu
1266 3402 1392 3494 lector,
1420 3400 1484 3493 qui
1510 3399 1645 3493 quaeris
1670 3399 1882 3474 delectatio-

711 3541 795 3594 nem
814 3541 861 3594 οι
877 3521 948 3594 boc
968 3538 1080 3615 opere
1105 3520 1249 3596 latuoso
1266 3513 1315 3615 (¹),
1332 3523 1452 3596 udoni
1476 3541 1568 3592 novo
1593 3523 1687 3610 ludo,
1706 3519 1809 3614 idest,
1830 3519 1881 3592 ri-

710 3640 910 3714 diculosam
928 3660 1090 3736 pugnam
1110 3639 1252 3715 noviter
1271 3660 1294 3713 a
1315 3659 1375 3714 me
1397 3639 1531 3733 liciam,
1544 3659 1610 3734 per
1627 3659 1740 3732 quam
1758 3645 1881 3712 osten-

711 3759 796 3834 dam
815 3759 878 3833 iibi
904 3760 1061 3854 qualiter
1080 3781 1175 3834 unus
1201 3759 1321 3834 minor
1345 3759 1486 3854 decepit
1500 3750 1537 3850 (³)
1559 3760 1693 3832 multus
1711 3757 1881 3853 maiores,

712 3887 749 3955 ei
780 3880 966 3975 quomodo
995 3880 1246 3956 inlrascaverit
1280 3899 1344 3956 eos
1375 3879 1495 3954 simul.
1534 3880 1577 3952 Et
1615 3879 1735 3952 statim
1767 3878 1882 3975 tangit

713 4001 922 4076 evasionem
949 3999 1136 4096 Ciampoli,
1162 4001 1246 4095 quia
1274 3999 1460 4075 daemones
1482 4005 1689 4094 querentes
1713 3998 1883 4093 decipere

713 4141 800 4196 eum
831 4121 971 4215 decepti
1006 4129 1091 4194 sunt
1121 4121 1169 4195 ab
1199 4141 1263 4217 θος
1289 4121 1388 4196 unde
1413 4119 1520 4194 dicit:
1552 4123 1704 4210 dacum
1734 4119 1880 4211 scilicet,

713 4242 868 4337 daemon,
891 4245 984 4315 nobe
1007 4245 1057 4333 pli
1081 4245 1176 4315 occdi
1200 4245 1248 4315 dn
1273 4245 1400 4316 t'ollra
1425 4249 1535 4333 costo,
1552 4241 1654 4335 idest,
1673 4241 1883 4317 transvertit

713 4363 833 4436 vnum
863 4361 909 4436 ad
940 4361 1050 4435 aliam
1080 4369 1223 4456 partem
1250 4364 1296 4439 de
1321 4362 1509 4457 industria,
1537 4367 1578 4436 ut
1610 4361 1819 4437 ostenderet
1844 4381 1885 4435 se

712 4481 808 4556 velle
824 4481 913 4555 dare
938 4481 1147 4556 dilationem
1175 4481 1234 4576 illi,
1253 4488 1294 4556 ut
1320 4481 1428 4556 tertio
1452 4482 1669 4576 loqueretur
1693 4501 1781 4556 cum
1801 4481 1885 4554 Vir·

712 4599 809 4696 gilio,
836 4603 915 4692 quel
931 4603 1053 4692 primo
1077 4603 1199 4674 cli'ero
1219 4597 1282 4695 pid
1308 4603 1432 4693 crudo,
1453 4601 1555 4695 idest,
1582 4601 1698 4697 magis
1724 4600 1883 4676 crudelis

713 4731 751 4796 et
774 4739 1003 4814 accensus,a
1025 4725 1089 4815 sar
1113 4713 1180 4813 eid,
1198 4727 1234 4796 et
1259 4721 1317 4796 bic
1338 4727 1418 4796 crat
1443 4721 1626 4796 dlicbinus
1651 4720 1714 4814 qui
1739 4721 1885 4795 animo·

671 4944 674 4950 Ι
714 4827 826 4932 susl⁸l
844 4839 1053 4914 minabatur
1078 4839 1157 4936 sibi,
1179 4849 1220 4915 ut
1244 4841 1394 4936 audisii;
1412 4841 1475 4917 sed
1492 4839 1701 4936 Ciampolus
1725 4841 1789 4934 qui
1816 4859 1884 4916 nc-

775 5025 805 5090 l¹l
819 5025 845 5077 S·
862 5027 965 5092 quando
981 5027 1054 5080 bene
1365 5025 1393 5088 (¹)
1408 5028 1443 5088 s..
1461 5029 1491 5079 ii.
1508 5041 1524 5080 ο
1541 5032 1595 5088 ild.
1612 5027 1757 5079 fructuoso.

778 5101 806 5166 Γ)
823 5107 876 5164 iit,
893 5101 1032 5168 deceperit.
1365 5102 1392 5166 ι’)
1409 5109 1464 5165 iio,
1481 5105 1629 5156 animosius
