4566 6844
717 970 788 1038 mc
933 933 935 938 ’
1051 1012 1054 1021 ·
1113 980 1319 1038 comaron
1343 981 1496 1038 numm
1560 1002 1563 1011 ‹

715 1145 784 1222 pur
816 1124 1060 1222 pessimorum
1090 1124 1263 1221 fratrum,
1290 1124 1355 1221 qui
1385 1132 1462 1200 tam
1491 1123 1689 1200 cmdeliter
1722 1143 1763 1202 se
1796 1124 1891 1205 inri-

716 1265 798 1321 cem
813 1238 1239 1341 pemusserautt⁴).-ltt
1251 1266 1311 1320 ao.
1324 1245 1390 1322 llic
1409 1251 1519 1322 autor
1539 1243 1737 1323 introducit
1756 1266 1892 1342 quem

716 1365 801 1440 dam
816 1355 854 1457 (¹)
875 1363 1027 1440 tertium
1045 1364 1269 1459 proditorem
1296 1365 1360 1460 qui
1385 1364 1593 1440 manifestat
1608 1364 1800 1460 predictos
1817 1366 1893 1442 lm-

717 1491 792 1559 tres
825 1489 863 1559 et
896 1483 1076 1578 quosdam
1109 1484 1211 1578 alios,
1243 1489 1279 1560 et
1313 1504 1354 1559 se
1386 1483 1517 1581 ipsum.
1548 1484 1594 1557 llt
1627 1483 1747 1580 primo
1780 1495 1893 1564 autor

716 1601 924 1678 describens
949 1601 1069 1700 ipsum
1094 1624 1118 1678 u
1144 1601 1332 1680 nimietate
1357 1603 1512 1700 trigoris,
1539 1601 1644 1678 dicit:
1669 1610 1703 1676 ct
1729 1623 1791 1696 ua,
1822 1603 1894 1680 sci-

716 1722 810 1818 licet,
837 1743 995 1819 maguus
1020 1721 1194 1818 proditor,
1220 1725 1373 1797 cb’uocu
1391 1723 1535 1816 podati
1558 1723 1730 1816 nonupli
1753 1725 1890 1798 orcocdt

712 1863 779 1935 per
803 1844 840 1914 tu
861 1843 1051 1935 srcddwn
1069 1862 1155 1917 nam
1181 1847 1350 1918 extrema
1375 1841 1538 1917 maxime
1563 1840 1748 1916 laeduntur
1772 1863 1797 1917 a
1822 1840 1888 1916 iri·

714 1981 817 2056 gere,
848 1958 943 2035 sicut
974 1960 1141 2035 videmus
1172 1962 1271 2055 quod
1304 1962 1403 2058 apud
1433 1962 1573 2035 lanam
1600 1961 1784 2059 peregrini
1814 1981 1888 2036 nou

714 2079 851 2154 assueti
875 2078 1034 2174 perdunt
1050 2078 1235 2156 interdum
1254 2079 1506 2156 extremitates
1527 2079 1725 2178 digitorum
1750 2079 1888 2176 pedum

715 2205 753 2273 et
778 2219 970 2292 manuum,
997 2203 1033 2272 et
1058 2217 1156 2295 saepe
1185 2199 1311 2294 vitam,
1333 2218 1406 2293 pur
1431 2201 1488 2273 col
1519 2202 1593 2272 orbo
1619 2201 1775 2292 inpiae,
1800 2199 1888 2294 quia

715 2339 789 2394 nou
807 2318 941 2394 levavit
958 2317 1089 2394 taciem
1106 2319 1201 2394 sicut
1216 2318 1384 2395 iecerunt
1401 2319 1452 2394 illi
1469 2319 1543 2394 duo
1560 2317 1702 2414 iratres,
1721 2320 1769 2394 itu
1789 2320 1888 2415 quod

715 2439 835 2512 stabat
858 2437 954 2514 bene
978 2438 1112 2514 affixus
1136 2438 1278 2536 glaciei,
1303 2437 1407 2533 idest,
1433 2437 1637 2533 proditioni,
1667 2439 1778 2512 dese:
1800 2459 1885 2532 pcr-

716 2549 779 2632 ctc¹
800 2563 938 2630 calamo
961 2559 999 2630 in
1023 2560 1086 2630 noi
1109 2560 1136 2630 ti
1157 2559 1321 2650 speculi?
1352 2558 1458 2652 quasi
1483 2557 1601 2634 dicat:
1629 2557 1717 2652 quid
1743 2563 1887 2634 mutum

717 2676 846 2772 fatigas
871 2676 1157 2773 speculationem
1183 2683 1287 2753 tuam
1310 2677 1357 2753 ad
1373 2676 1619 2774 cognitionem
1644 2677 1886 2774 proditorum,

718 2815 878 2890 quorum
905 2801 960 2868 est
985 2795 1043 2869 bic
1069 2816 1204 2891 magua
1229 2795 1360 2892 cupiat
1385 2795 1467 2871 ideo
1492 2795 1611 2870 dicam
1645 2795 1709 2870 tibi
1741 2797 1813 2872 cito
1842 2796 1888 2873 de

716 2913 897 3010 predictis
921 2920 959 2989 et
983 2914 1081 2989 aliis:
1108 2915 1278 2990 describit
1309 2922 1435 2990 autem
1466 2915 1553 2992 istos
1583 2915 1676 2990 duos
1708 2916 1887 2992 tratresa

714 3033 808 3128 loco,
833 3055 856 3108 a
881 3032 1092 3129 parentibus
1117 3039 1156 3109 et
1179 3055 1202 3110 a
1227 3033 1432 3130 parricidio.
1458 3033 1512 3109 nd
1543 3033 1649 3110 cuius
1680 3034 1733 3108 rei
1759 3031 1902 3132 cogni-“l

713 3155 851 3232 tionem
878 3160 933 3230 est
957 3153 1158 3248 sciendum,
1180 3154 1279 3248 quod
1295 3155 1354 3229 isti
1371 3154 1523 3230 luerunt
1539 3152 1613 3229 duo
1630 3153 1772 3248 trabes,
1791 3173 1885 3252 quo·

715 3295 800 3348 rum
818 3295 916 3348 unus
931 3279 1084 3348 vocatus
1100 3279 1156 3348 est
1172 3273 1366 3369 Neapoleo,
1379 3279 1418 3348 et
1431 3273 1527 3350 alter
1538 3273 1755 3368 Alexander,
1772 3271 1884 3360 ambo

713 3393 777 3470 lilii
800 3393 942 3469 comitis
966 3391 1104 3468 Alberti
1127 3391 1174 3467 de
1198 3392 1393 3468 comitibus
1416 3393 1582 3488 Albertis,
1607 3394 1671 3488 qui
1696 3393 1883 3470 uenientes

687 3513 759 3614 3ud
777 3511 994 3588 discordiam
1012 3519 1161 3608 propter
1182 3512 1435 3607 hereditatem,
1456 3533 1497 3588 se
1517 3513 1673 3588 invicem
1690 3514 1904 3625 interiecey

713 3637 812 3705 runt.
838 3631 931 3705 Dicit
955 3651 1046 3728 ergo
1072 3632 1132 3706 ille
1157 3631 1340 3727 proditor:
1360 3653 1398 3704 sc
1422 3635 1503 3704 ouoi
1524 3652 1633 3724 super
1657 3633 1711 3705 cdi
1733 3653 1800 3704 son
1823 3653 1885 3704 co-

714 3753 789 3824 arn
811 3752 890 3842 date,
916 3749 1019 3844 idest,
1036 3750 1094 3824 isti
1119 3749 1193 3826 duo
1217 3749 1349 3824 tratres
1369 3748 1666 3844 coniunctissimi,
1683 3747 1802 3826 dicam
1820 3747 1885 3824 tibi

712 3869 897 3946 breviter:
930 3872 967 3942 tu
1003 3872 1105 3962 calb,
1137 3872 1227 3944 uode
1256 3871 1419 3942 libonio
1450 3869 1482 3942 ci
1513 3870 1675 3962 diuitum
1704 3866 1887 3944 nisentms

713 3995 769 4066 est
793 3989 927 4064 fluvius
951 3991 1128 4086 parvulus
1154 3989 1218 4084 qui
1240 3989 1359 4064 oritur
1385 3989 1422 4062 iu
1448 3988 1634 4064 montibus
1650 3989 1688 4063 iu
1708 3988 1887 4065 comitatu

713 4110 916 4205 Florentiae,
943 4109 1007 4204 qui
1036 4109 1172 4186 labitur
1197 4110 1307 4203 juxta
1335 4110 1501 4204 Pratum,
1530 4109 1719 4184 castellum
1735 4099 1772 4201 (³)
1804 4109 1887 4205 pul·-

713 4230 915 4306 cerrimum
947 4229 1042 4305 inter
1074 4229 1295 4304 Florentium
1329 4235 1367 4304 et
1398 4229 1606 4322 Pistorium,
1640 4234 1678 4304 et
1714 4229 1825 4325 longe
1860 4248 1885 4302 u

713 4349 894 4426 Florentia
919 4368 986 4444 per
1010 4369 1076 4424 sex
1102 4348 1270 4424 milliaria
1294 4347 1390 4423 cadit
1410 4347 1448 4422 iu
1465 4345 1619 4422 tluuium
1641 4347 1802 4440 Arnum3
1825 4350 1886 4440 lite

713 4473 771 4544 dcl
786 4471 905 4563 padre
929 4472 1007 4542 loro
1024 4469 1165 4543 Albcrto
1180 4490 1200 4542 c
1215 4470 1254 4542 di
1272 4471 1340 4562 lor,
1365 4466 1429 4562 qui
1448 4466 1600 4543 luerunt
1621 4466 1774 4542 heredes
1791 4465 1881 4540 eius.

713 4591 758 4664 nt
782 4596 960 4685 aggravat
983 4588 1156 4664 delictum
1182 4588 1351 4682 istorum,
1376 4586 1522 4663 dicens:
1556 4587 1614 4662 isti
1643 4589 1679 4660 d
1691 4607 1740 4660 uo
1772 4605 1883 4678 corpo

713 4711 843 4798 uculo,
870 4707 974 4800 quasi
998 4706 1113 4783 dicat:
1140 4706 1290 4780 luerunt
1311 4706 1443 4781 iratres
1468 4705 1601 4783 uteriui
1616 4693 1653 4798 (⁸)
1671 4710 1708 4779 et
1733 4703 1885 4802 sangui-

777 4997 803 5060 t')
819 4997 845 5048 S.
861 5003 1054 5062 percusserunt.
1149 4997 1219 5062 (¹)S.
1236 5011 1319 5048 unum
1336 4997 1443 5048 tertium
1459 4997 1598 5060 pessimum
1616 4993 1784 5058 proditorem.

777 5073 803 5138 t')
819 5076 851 5126 ll.
868 5081 993 5129 castrum.
1149 5075 1177 5138 (⁸)
1193 5075 1223 5126 ll.
1240 5079 1359 5140 uterque,
1375 5079 1402 5124 et
1418 5073 1610 5138 competunt.
