4580 6844
711 987 849 1045 caurus
873 989 1064 1045 vincamus
1089 987 1260 1044 cerasus.
1502 979 1573 1048 337

402 1131 456 1226 tit,
481 1130 634 1208 llumina
658 1135 868 1209 retrovertit
883 1127 932 1230 (¹),
953 1135 1046 1232 juga
1072 1133 1253 1209 montium
1270 1134 1460 1210 subvertit.
1479 1135 1575 1212 Con·

400 1251 470 1345 sul,
496 1249 602 1326 cuius
627 1251 833 1330 temeritate
850 1253 1035 1330 exercitus
1051 1261 1132 1329 erat
1148 1254 1348 1350 perductus
1364 1253 1410 1330 ad
1428 1259 1572 1330 tantum

398 1370 606 1467 discrimen,
632 1372 806 1448 ardenter
821 1384 859 1451 et
875 1373 1019 1452 sortiter
1036 1373 1223 1472 pugnavit,
1241 1373 1359 1450 donec
1377 1374 1575 1448 transfixus

400 1491 469 1566 tuit
493 1492 596 1566 basta
620 1513 643 1568 a
668 1491 829 1587 quodam
847 1494 973 1589 equite
987 1486 1025 1587 (²)
1045 1495 1174 1570 italicae
1193 1493 1362 1590 originis;
1380 1513 1455 1588 quo
1472 1513 1575 1567 mor·-

400 1618 478 1705 tuo,
503 1609 592 1707 luga
616 1610 783 1686 omnium
808 1611 903 1688 lacta
921 1618 977 1688 est
1001 1612 1126 1687 multis
1151 1611 1331 1708 periculis.
1358 1611 1574 1701 Quindecim

403 1729 513 1805 millia
531 1750 772 1807 romanorum
794 1731 833 1807 in
849 1753 896 1808 eo
912 1733 1042 1828 proelio
1058 1733 1250 1829 perierunt
1269 1731 1473 1808 secundum
1492 1751 1575 1807 sen-

403 1849 554 1926 tentiam
568 1840 605 1941 (³)
633 1850 699 1927 Titi
723 1850 832 1945 Livii3
856 1851 918 1926 alii
942 1857 1068 1928 umen
1088 1851 1315 1947 scripserunt
1338 1851 1575 1948 vigintiquin-

403 1988 501 2065 que,
525 1967 655 2043 decem
682 1969 792 2044 millia
817 1970 1013 2047 evadentes
1040 1973 1198 2047 Romam
1213 1959 1249 2062 (⁴)
1284 1971 1497 2047 redierunt:
1527 1990 1575 2046 er

402 2086 568 2162 hostibus
592 2087 713 2162 solum
739 2087 838 2165 mille
864 2089 1054 2186 quingenti
1079 2089 1305 2184 ceciderunt,
1336 2095 1374 2164 et
1402 2088 1475 2164 tale
1507 2088 1577 2162 tuit

404 2206 554 2282 tertium
579 2206 751 2301 proeHum
769 2199 805 2299 (⁶)
832 2208 1052 2284 Hannibalis.
1078 2209 1261 2296 Quartum
1293 2208 1467 2305 proelium
1492 2229 1576 2304 pes-

403 2325 538 2400 simum
563 2325 730 2400 omnium
755 2325 824 2400 luit
848 2327 946 2422 apud
972 2327 1114 2403 Cannas
1140 2328 1249 2403 vilem
1277 2328 1401 2404 vicum
1422 2326 1575 2423 Apuliae,

404 2444 468 2540 qui
491 2444 703 2520 nobilitatus
728 2452 783 2521 est
808 2447 911 2522 clade
937 2467 1189 2522 romanorum.
1209 2447 1258 2522 lbi
1277 2446 1454 2522 Hannibal
1476 2447 1577 2520 loca-

403 2571 509 2640 verat
533 2570 654 2642 castra
678 2564 777 2660 apud
803 2565 921 2662 ripam
947 2565 1106 2642 tluminis
1121 2566 1241 2642 Aulidi
1264 2585 1395 2641 versus
1418 2572 1578 2662 septem-

404 2683 575 2779 trionem,
603 2685 652 2760 ita
677 2691 719 2760 ut
745 2686 937 2762 babereta
962 2692 1068 2783 tergo
1094 2686 1222 2782 solem,
1248 2692 1287 2761 et
1310 2692 1463 2762 ventum
1482 2685 1578 2761 illius

405 2803 576 2900 nogionis,
601 2805 664 2899 qui
678 2794 714 2898 (⁶)
741 2806 917 2882 continuo
941 2805 990 2882 ibi
1010 2805 1100 2902 iacit
1130 2825 1283 2882 arenam
1313 2811 1351 2882 et
1384 2807 1576 2901 pulverem

403 2921 556 2997 aridam.
573 2922 729 2999 Romani
747 2944 837 3000 vero
853 2925 1030 3002 babentes
1046 2931 1166 3000 castra
1184 2925 1221 2998 in
1238 2924 1367 3000 eadem
1386 2925 1463 3021 ripa
1482 2925 1577 3000 illins

404 3042 564 3118 lluminis
589 3044 907 3138 percontrarium
933 3044 1147 3120 babuemnt
1170 3044 1294 3120 omnia
1319 3043 1485 3120 adversa.
1504 3043 1575 3118 Sed

405 3162 492 3238 nibil
525 3161 689 3238 infestius
723 3162 791 3238 luit
823 3183 936 3257 quam
966 3163 1145 3240 discordia
1174 3164 1387 3259 consulum
1413 3183 1576 3258 quorum

404 3283 499 3358 alter
516 3283 652 3358 Lucios
668 3281 836 3356 AEmilius
853 3282 1002 3378 Paulus,
1019 3283 1077 3359 vir
1094 3303 1183 3358 rere
1203 3281 1333 3359 nobilis
1350 3291 1387 3360 et
1403 3283 1576 3380 prudens,

404 3400 535 3496 etqui,
561 3401 764 3478 secundum
782 3401 974 3477 consilium
995 3403 1230 3478 sanissimum
1248 3403 1315 3478 sibi
1331 3404 1459 3481 datum
1477 3426 1500 3480 a
1517 3425 1578 3480 sa-

404 3519 628 3616 pientissimo
652 3520 764 3596 Fabio
788 3521 958 3616 Haxlmo,
983 3521 1184 3599 deliberate
1215 3529 1254 3598 et
1276 3522 1430 3619 provide
1453 3523 1578 3599 omnia

404 3641 568 3736 volebat3
599 3643 694 3717 alter
718 3661 809 3718 vero
832 3643 962 3718 consul
987 3643 1105 3718 Varro
1130 3643 1295 3739 plebeius
1319 3643 1413 3718 lilius
1439 3644 1578 3721 macel-

404 3760 496 3855 larii,
514 3767 552 3836 et
568 3761 646 3856 ipse
670 3761 915 3857 macellarius,
937 3761 994 3836 vir
1018 3782 1193 3858 preceps,
1211 3763 1445 3859 temerarius,
1464 3784 1577 3858 quem

405 3899 540 3976 magna
577 3899 662 3975 pars
700 3879 886 3956 exercitus
923 3880 1159 3975 sequebatur.
1189 3881 1369 3958 Hannibal
1399 3881 1578 3959 astutissi-

405 4019 490 4074 mus
514 3999 578 4093 qui
603 3999 691 4074 nibil
717 3997 921 4096 ignorabat,
938 3999 1059 4094 primo
1083 3998 1262 4095 dispositis
1286 3999 1333 4076 de
1357 4020 1464 4075 more
1489 3999 1577 4074 insi·-

404 4119 483 4214 diis,
512 4119 726 4214 provocarit
759 4117 964 4194 Varronem
993 4117 1033 4192 in
1068 4139 1230 4215 pugnam
1263 4118 1323 4196 die
1355 4140 1430 4215 qua
1462 4119 1577 4196 babe-

405 4239 469 4315 bat
493 4237 703 4334 imperium,
721 4257 833 4332 quem
859 4237 997 4313 Paulus
1021 4237 1134 4312 invite
1149 4227 1186 4330 (l
1203 4237 1424 4315 subsecutus
1446 4243 1512 4333 est,
1530 4259 1578 4316 ne

406 4357 672 4454 rempublicam
696 4357 885 4434 desereret
909 4362 1131 4432 trementem
1157 4356 1194 4432 in
1224 4357 1321 4432 illins
1346 4357 1575 4452 temeritate3

405 4479 555 4556 crudele
586 4484 624 4554 et
656 4482 853 4554 cruentum
885 4477 1058 4572 proelium
1089 4476 1229 4552 lactum
1263 4484 1318 4554 est
1349 4497 1424 4554 non
1455 4478 1576 4552 solnm

405 4617 519 4694 opera
532 4595 836 4694 providentissimi
846 4586 883 4689 (⁸)
896 4596 1116 4692 Hannibalis,
1131 4597 1195 4673 sed
1208 4597 1505 4674 incommoditate
1517 4615 1579 4674 so-

466 4869 493 4931 (¹)
510 4867 542 4919 Ε.
557 4869 662 4919 dirertlt
1004 4869 1073 4933 (²)S.
1090 4869 1173 4920 milita
1189 4869 1291 4920 ltrllca.

466 4942 493 5008 (¹)
509 4943 535 4995 S.
551 4957 688 4995 summam.
1003 4945 1031 5008 (l)
1047 4945 1078 4995 Ε.
1094 4945 1213 4996 ltomml.

466 5021 494 5082 ι’)
510 5021 536 5072 S.
552 5032 568 5071 e
584 5019 615 5070 li.
632 5020 740 5072 ballum.
1006 5020 1034 5081 ι’)
1049 5021 1080 5072 B.
1097 5021 1158 5085 qula
1174 5021 1298 5072 munuc
1313 5019 1350 5071 lbl
1362 5019 1441 5083 iamt.

466 5099 493 5163 Γ)
510 5103 565 5160 tlt,
581 5097 700 5149 invicem.
1007 5096 1034 5159 (¹)
1053 5097 1083 5148 E.
1100 5097 1302 5161 prudentissimi.

539 5205 570 5250 11.
1413 5204 1441 5247 21
