4526 6836
719 963 765 1028 16
1113 975 1317 1030 COMENTUM
1341 975 1492 1028 luseum

717 1139 815 1213 nam,
830 1137 940 1212 ,nunc
964 1137 1052 1192 cum
1077 1118 1183 1212 suste,
1201 1139 1300 1193 nunc
1325 1137 1412 1193 cum
1437 1118 1548 1211 terro,
1570 1115 1657 1210 quia
1681 1114 1802 1211 gladio
1827 1114 1886 1231 rel

717 1259 805 1313 ense
829 1238 961 1332 terreo,
979 1257 1078 1312 nuuc
1094 1238 1234 1334 pugnis
1246 1244 1283 1313 et
1302 1237 1473 1331 calcibus,
1490 1235 1638 1331 quamn
1658 1255 1731 1310 nou
1756 1253 1889 1308 occur-

717 1364 805 1433 runt
830 1358 897 1432 sibi
921 1359 991 1432 alia
1016 1377 1138 1454 arma,
1155 1350 1227 1432 cosi
1247 1359 1441 1451 portando,
1458 1355 1551 1432 idest
1568 1355 1630 1431 illo
1647 1353 1819 1430 Venetioo
1836 1352 1886 1427 ita

568 1469 570 1472 ’
716 1480 901 1574 loquente,
927 1479 1038 1554 etita
1063 1478 1162 1554 dedit
1186 1478 1252 1553 sibi
1282 1477 1476 1574 praemium
1506 1475 1724 1552 narrationis
1749 1493 1889 1567 suae;.c

716 1602 827 1673 dnae:
852 1603 911 1673 orb
934 1603 1074 1692 rustico,
1093 1600 1198 1694 quasi
1222 1600 1335 1675 dicat:
1355 1597 1487 1674 recede
1507 1597 1590 1672 binc
1610 1597 1648 1671 in
1667 1596 1764 1671 mala
1782 1597 1885 1688 bora,

716 1741 789 1795 oon
805 1712 841 1812 (¹)
868 1720 966 1795 dicas
990 1722 1072 1815 plus
1096 1721 1143 1796 de
1167 1719 1237 1796 ista
1263 1719 1429 1813 materia,
1454 1717 1541 1813 quia
1567 1717 1654 1792 uibil
1678 1735 1802 1811 posses
1828 1716 1888 1789 lu-

717 1841 813 1916 crari
839 1840 897 1915 iric
922 1840 989 1915 nisi
1013 1841 1182 1935 verbera,
1198 1840 1303 1934 quia:
1324 1843 1383 1933 poi
1397 1859 1470 1914 noo
1484 1859 1551 1912 son
1563 1840 1690 1932 somne
1705 1840 1755 1912 do
1770 1838 1886 1927 amato,

716 1961 809 2036 idest
833 1961 880 2036 ad
904 1962 1064 2057 lucrum,
1088 1961 1135 2036 ad
1160 1961 1340 2056 denarios,
1369 1959 1416 2035 ¹ad
1445 1957 1651 2055 pecuniam.
1682 1958 1727 2031 Et
1756 1957 1814 2031 bic
1838 1977 1885 2032 ex

716 2080 887 2156 omnibus
910 2081 1013 2158 dictis
1042 2087 1144 2176 potes
1175 2080 1357 2177 colligere,
1391 2080 1490 2174 quod
1522 2086 1632 2155 autor
1656 2083 1781 2152 noster
1813 2097 1885 2151 uon

716 2208 819 2276 notat
843 2202 1094 2296 bononienses,
1111 2201 1178 2276 nisi
1205 2201 1242 2275 in
1260 2201 1408 2275 infamia
1426 2199 1613 2276 minorum
1635 2198 1831 2274 criminum
1849 2203 1886 2273 et

717 2321 864 2396 lerioris
888 2323 1022 2420 culpae3
1048 2322 1134 2416 quia
1158 2322 1205 2397 de
1231 2321 1285 2396 rei
1301 2321 1456 2396 veritate
1472 2320 1713 2395 bononienses
1726 2339 1799 2394 nou
1818 2340 1886 2395 no·

720 2450 855 2518 rerunt
879 2441 1026 2516 fraudes
1052 2441 1287 2538 serpentinas,
1305 2461 1374 2516 uec
1399 2440 1588 2517 violentias
1610 2440 1790 2534 crudeles,
1802 2439 1886 2533 qui-

722 2560 792 2635 bus
816 2568 925 2636 autur
949 2562 1102 2637 iniamat
1126 2562 1261 2636 multas
1286 2561 1461 2637 nationes.
1479 2561 1524 2635 Et
1540 2579 1629 2636 vere
1645 2561 1887 2636 bononienses

719 2688 806 2756 sunt
828 2681 995 2757 homines
1020 2683 1183 2757 carnales
1198 2673 1248 2777 (¹),
1271 2682 1386 2757 dulcis
1409 2681 1608 2780 sanguinis,
1625 2687 1662 2757 et
1681 2683 1803 2757 suavis
1820 2704 1887 2757 na-

720 2807 831 2896 turae3
845 2802 909 2896 qui
922 2823 1033 2898 super
1046 2809 1198 2878 caeteros
1216 2802 1353 2877 italicos
1368 2801 1581 2876 familiarius
1592 2807 1751 2876 tractant
1763 2802 1887 2877 loren-

714 2941 785 3016 ses,
802 2931 839 2999 et
855 2921 1046 3019 benignius
1059 2923 1184 2998 fovent
1201 2930 1238 2998 et
1251 2923 1447 3018 honorant3
1462 2927 1500 2996 et
1509 2928 1552 2995 ut
1564 2927 1649 2995 utar
1664 2928 1885 3018 argumento

715 3041 855 3116 Dentis:
883 3064 955 3118 non
978 3063 1105 3138 quaero
1122 3043 1231 3118 aliam
1249 3043 1404 3138 probam
1422 3042 1491 3116 nisi
1506 3041 1780 3137 experientiam,
1798 3043 1884 3138 quia

717 3161 768 3235 lui
793 3161 841 3236 ibi
867 3183 933 3259 per
958 3163 1188 3239 decennium.

787 3285 829 3354 Io
846 3303 899 3356 me
914 3287 1108 3376 rapotone.
1131 3285 1202 3358 lsta
1227 3290 1282 3358 est
1308 3281 1414 3362 tertia
1440 3302 1523 3377 pars
1543 3281 1736 3379 generalis,
1756 3281 1792 3356 iu
1811 3303 1883 3377 qua

713 3411 823 3480 autor
848 3427 948 3480 nunc
965 3411 1096 3481 tractat
1112 3406 1159 3480 de
1175 3405 1436 3501 decipientibus
1454 3405 1628 3480 mulieres
1645 3425 1711 3500 pro
1729 3425 1769 3479 se
1789 3404 1882 3498 ipsis.
1912 3445 1919 3458 ·

713 3525 758 3598 lit
781 3524 900 3619 primo
925 3532 1044 3620 autor,
1062 3525 1278 3600 continuans
1302 3524 1397 3600 dicta
1421 3524 1591 3619 dicendis,
1612 3523 1768 3598 ostendit
1793 3545 1888 3619 quo·

715 3647 824 3721 modo
855 3654 1102 3742 pervenerunt
1133 3646 1179 3721 ad
1213 3647 1540 3722 considerationem
1576 3645 1746 3720 secundae
1776 3651 1885 3720 sectae

714 3766 880 3861 istorum,
907 3765 1048 3841 diceus:
1066 3771 1108 3840 lo
1133 3789 1187 3840 me
1210 3771 1396 3858 repplens
1410 3789 1477 3840 corr
1494 3769 1531 3841 lc
1546 3775 1665 3840 scorta
1688 3770 1774 3860 mic,
1792 3766 1883 3840 idest

713 3907 800 3962 cum
827 3887 976 3983 Virgilio
1001 3887 1065 3982 qui
1091 3893 1318 3964 remanserat
1343 3893 1380 3963 et
1404 3888 1619 3983 expectabat
1634 3879 1671 3979 (³)
1697 3907 1797 3982 eum,
1816 3908 1885 3981 po-

713 4012 787 4082 stia
803 4011 1010 4082 dioenimnro
1027 4030 1092 4082 con
1103 4011 1208 4102 pocbt
1214 4011 1317 4101 possi
1331 4011 1419 4082 dove
1435 4031 1505 4084 ono
1521 4011 1664 4102 scopite,
1679 4008 1769 4084 idest
1788 4029 1884 4082 unus

713 4119 821 4204 arcus
837 4129 967 4224 pontis,
983 4133 1080 4204 uscia
1096 4133 1139 4204 de
1156 4131 1192 4204 la
1208 4133 1301 4224 mac,
1320 4130 1407 4225 quia
1428 4130 1619 4226 incipiebat
1635 4131 1684 4204 ab
1700 4131 1776 4204 imo
1798 4130 1886 4224 ripas

708 4247 794 4325 'nte
810 4257 848 4324 et
867 4249 1087 4325 extendebat
1104 4271 1144 4325 se
1163 4249 1209 4326 ad
1227 4249 1425 4325 secundam
1443 4251 1573 4346 ripam,
1590 4250 1638 4324 ita
1656 4239 1694 4343 (⁸)
1711 4250 1811 4344 quod
1828 4255 1884 4324 te-

712 4370 822 4465 gebat
847 4369 1003 4464 primam
1028 4368 1202 4466 bulgiarn.
1221 4369 1323 4444 Unde
1339 4370 1528 4445 considera
1551 4371 1608 4445 bic
1629 4369 1734 4464 bene,
1753 4371 1880 4464 lector,

712 4508 760 4562 ne
784 4487 930 4583 fallaris,
955 4487 1049 4562 sicut
1072 4488 1178 4563 multi
1203 4487 1434 4584 decipiuntur
1456 4490 1526 4586 hic,
1551 4490 1650 4585 quod
1676 4497 1785 4566 autor
1811 4511 1884 4565 non

712 4609 913 4682 intraverat
945 4606 1065 4683 adbuc
1096 4609 1256 4705 primurn
1286 4615 1447 4706 pontem,
1473 4611 1549 4686 imo
1581 4618 1662 4686 erat
1692 4611 1812 4686 adbuc
1846 4611 1882 4684 iu

713 4727 790 4823 ripa
816 4729 887 4802 alta
913 4747 997 4822 quae
1023 4729 1181 4804 continet
1197 4749 1326 4804 omnes
1342 4729 1496 4826 bulgias,
1517 4737 1555 4806 et
1572 4751 1640 4827 per
1656 4751 1888 4826 consequeus

711 4846 847 4923 claudit
871 4847 976 4924 istam
1002 4848 1177 4943 primam3
1204 4856 1241 4924 et
1266 4848 1388 4924 eundo
1418 4871 1483 4946 per
1512 4870 1596 4925 eam
1622 4850 1668 4926 ad
1698 4852 1881 4926 sinistram

773 5035 802 5098 (⁸)
819 5036 849 5086 Β.
868 5049 917 5086 nec
933 5035 1009 5087 dicu.
1233 5035 1260 5099 (¹)
1277 5035 1308 5088 E.
1326 5037 1445 5088 curiales.
1522 5045 1526 5052 ’
1938 5096 1941 5102 1

773 5113 800 5176 (⁸)
818 5117 872 5174 trs,
889 5119 1077 5178 expectarent.
1234 5114 1261 5179 (¹)
1277 5113 1302 5166 S.
1319 5116 1355 5167 ita
1372 5117 1442 5180 qood
1457 5117 1586 5182 tangebat.
1596 5119 1663 5170 -u
1680 5119 1715 5169 lta
1731 5115 1844 5183 tegebat.
