4550 6844
703 955 844 1012 CAN'l'US
868 955 1087 1012 retenemus
1110 954 1256 1010 namus.
1494 939 1561 1005 471

391 1104 499 1179 theus
525 1099 641 1176 tessus
665 1099 843 1195 inpugna
863 1117 910 1174 ex
930 1104 1102 1175 contactu
1122 1103 1232 1173 terre
1252 1095 1374 1170 statim
1395 1112 1566 1170 resum-

391 1225 454 1299 bat
467 1221 582 1314 vires3
596 1219 659 1296 sed
673 1239 830 1316 magnus
841 1219 1019 1294 Hercules
1034 1239 1122 1294 oum
1139 1217 1300 1293 venisset
1315 1214 1362 1290 ad
1375 1219 1565 1290 certamen

393 1360 533 1434 secum,
547 1339 593 1415 de
607 1339 677 1412 hoc
693 1337 932 1434 perpendens,
946 1339 1082 1414 levavit
1098 1338 1219 1434 ipsum
1237 1336 1274 1410 in
1290 1353 1417 1410 aerem
1432 1339 1469 1408 et
1487 1331 1567 1406 sui-

393 1458 527 1537 iocavit
551 1458 646 1534 inter
670 1456 820 1533 brachia
844 1477 931 1551 sua;
949 1477 1017 1553 per
1041 1456 1141 1551 quod
1159 1457 1269 1532 datur
1285 1453 1446 1550 intelligi,
1466 1450 1567 1546 quod

395 1579 559 1654 datheus
575 1583 656 1653 erat
672 1575 886 1652 invincibilis
902 1577 939 1651 in
956 1584 1057 1652 terra
1073 1597 1154 1670 sua,
1167 1577 1262 1652 siout
1276 1573 1453 1650 Hannibal
1471 1571 1566 1646 diri-

396 1717 527 1774 cauus:
554 1702 592 1774 et
617 1697 692 1791 ipse
717 1716 875 1792 magnus
900 1696 1004 1793 gigas
1028 1695 1172 1772 dicebat
1186 1688 1222 1789 (¹)
1249 1692 1566 1791 percontrarium

394 1821 442 1897 de
460 1818 633 1912 romanis,
652 1816 752 1912 quod
764 1808 801 1909 (²)
820 1818 963 1893 romani
977 1837 1050 1892 non
1062 1821 1231 1913 poterant
1247 1815 1318 1891 vici
1336 1815 1402 1888 nisi
1415 1813 1453 1888 in
1467 1819 1566 1887 terra

396 1959 475 2033 sua,
497 1939 632 2013 scilicet
657 1937 753 2011 intra
778 1937 938 2030 ltaliam;
963 1936 1027 2012 sed
1053 1936 1090 2010 in
1114 1937 1233 2012 aliena
1254 1941 1354 2011 terra
1379 1940 1418 2008 et
1441 1931 1568 2007 alienis
1712 1997 1729 2022 ‚

396 2059 510 2135 armis
536 2058 637 2133 nullo
655 2056 774 2134 modo.
793 2056 977 2131 lloraliter
1001 2063 1127 2132 numm
1153 2055 1338 2150 loquendo
1362 2052 1567 2128 secundum

396 2178 643 2275 dulgentiam,
656 2177 818 2252 dntlreus
833 2175 984 2271 ponitur
1000 2176 1038 2250 in
1055 2176 1173 2273 &vura
1192 2175 1357 2269 libidinis,
1374 2194 1459 2268 quae
1478 2191 1568 2248 oon·

396 2297 509 2374 trahit
533 2297 631 2372 vires
655 2316 678 2371 a
702 2301 815 2390 terra,
835 2295 978 2389 idesta
998 2315 1110 2371 carne
1135 2302 1171 2371 et
1195 2315 1219 2369 a
1243 2293 1424 2370 fructibus
1445 2298 1567 2367 terrae.

398 2417 484 2492 ideo
507 2415 603 2490 bene
626 2414 790 2490 Antheus
814 2413 948 2490 dicitur
977 2435 1150 2512 regnasse
1184 2416 1221 2490 in
1250 2414 1373 2511 Lybie,
1399 2433 1484 2507 quse
1513 2417 1570 2488 est

239 2523 248 2532 ’
400 2543 501 2612 terra
531 2534 656 2629 calida,
683 2535 746 2612 sed
776 2535 953 2611 Hercules
982 2536 1190 2611 contrarius
1217 2535 1371 2628 Anthou,
1396 2532 1489 2609 idest
1512 2532 1571 2606 uir

400 2653 504 2730 tortis
527 2660 567 2730 et
590 2654 744 2748 sapiens,
764 2654 942 2729 abstrahit
970 2656 1156 2730 carnalem
1187 2653 1516 2750 concupiscentiam
1547 2673 1569 2725 a

400 2778 501 2848 terra
526 2779 564 2848 et
588 2773 686 2848 levat
711 2793 860 2848 sursum
886 2793 973 2848 cunr
999 2774 1135 2848 virtute
1156 2795 1234 2867 sua,
1256 2781 1294 2848 et
1316 2775 1367 2848 sic
1392 2771 1572 2869 extinguit

401 2898 439 2966 et
453 2890 648 2966 mortificat
665 2911 768 2985 eam3
780 2892 827 2966 de
841 2913 916 2986 qno
934 2892 1020 2968 dicit
1032 2893 1171 2968 Seneca
1188 2893 1224 2966 in
1242 2890 1449 2990 tragoediis:
1468 2893 1571 2964 suo-

401 3013 451 3084 vit
470 3011 637 3084 Anticum
662 3011 781 3100 lybt'css
804 3015 945 3106 urum
962 3018 1001 3088 et
1026 3013 1173 3087 Boetius
1193 3009 1571 3106 sequenseum.1deo

401 3129 496 3206 bene
521 3129 638 3205 dictus
663 3135 719 3204 est
742 3130 918 3207 Hercules
943 3131 1047 3226 quasi
1072 3133 1230 3207 heroum
1260 3131 1371 3224 cleos,
1395 3129 1488 3204 idest
1517 3128 1572 3202 vi·

401 3267 531 3323 rorum
558 3247 708 3322 tortium
733 3248 861 3345 gloria.
880 3249 1018 3326 Deinde
1034 3251 1205 3347 Virgilius
1221 3271 1309 3326 cum
1330 3249 1477 3324 dixisset
1502 3267 1572 3322 au-

402 3367 473 3442 tori
498 3368 544 3442 de
569 3366 711 3444 dntheo
732 3368 855 3443 laturo
880 3387 944 3444 eos
969 3370 1006 3444 in
1030 3375 1197 3465 puteum,
1217 3369 1411 3464 respondet
1436 3367 1502 3442 sibi
1526 3366 1573 3442 de

402 3486 554 3562 Briareo
574 3477 626 3579 (³),
656 3486 703 3562 de
734 3507 809 3581 quo
843 3487 920 3583 ipse
952 3488 1197 3584 principaliter
1227 3489 1392 3583 petierat
1426 3487 1572 3562 dicens:

403 3609 484 3699 puel
496 3609 557 3681 cte
572 3614 608 3680 tu
632 3609 714 3680 vuol
737 3610 874 3700 vedere
895 3607 1042 3702 scilicet,
1060 3609 1243 3703 Briareus,
1262 3627 1374 3703 quem
1395 3615 1499 3704 optas
1519 3607 1575 3682 vi-

404 3727 504 3818 dere,
529 3719 567 3800 c'e
590 3727 697 3799 molto
716 3721 780 3820 piri
805 3717 854 3816 id,
880 3746 949 3802 nec
973 3733 1029 3802 est
1053 3733 1201 3824 tempus
1219 3717 1381 3820 eundii‘)
1402 3726 1575 3802 modoad

405 3863 513 3936 eum3
538 3843 622 3919 ideo
646 3843 733 3919 dicit
757 3843 825 3918 sibi
849 3844 1024 3938 breuiter,
1048 3853 1082 3918 et
1104 3841 1141 3919 e'c
1164 3850 1285 3938 liparo,
1311 3848 1446 3922 scilicet
1468 3847 1576 3940 quin-

406 3962 510 4057 quies
534 3981 620 4037 cunr
648 3969 789 4056 catena,
814 3985 834 4036 e
854 3967 944 4056 sulio
968 3983 1065 4036 come
1089 3971 1219 4060 poan,
1235 3965 1338 4060 idest,
1366 3971 1441 4040 tarn
1468 3965 1576 4039 terri-

404 4080 485 4157 bilis
509 4087 547 4156 et
571 4079 692 4156 socius
716 4080 783 4154 sibi
808 4080 845 4154 in
871 4099 992 4175 poena,
1012 4081 1108 4157 sicut
1131 4083 1199 4157 luit
1219 4083 1256 4158 in
1272 4085 1395 4180 culpa3
1413 4091 1451 4158 et
1474 4083 1576 4158 exci-

404 4201 467 4298 pit,
483 4205 584 4276 saluo
608 4203 669 4276 cite
690 4195 751 4294 ptri
773 4204 891 4293 saoce
910 4221 985 4294 par
1011 4205 1070 4276 net
1092 4204 1198 4296 cotto,
1217 4204 1303 4298 quia
1319 4203 1388 4278 luit
1403 4204 1577 4280 audacior

402 4321 441 4396 in
465 4341 587 4418 pugna
613 4341 726 4416 quam
757 4320 875 4396 dictus
906 4320 1099 4416 Ephialtes.
1122 4363 1173 4378 -
1194 4327 1275 4397 Non
1296 4328 1347 4418 fn.
1377 4325 1443 4400 llic
1467 4332 1577 4400 autor

405 4441 561 4516 ostendit
586 4440 772 4536 quomodo
796 4459 838 4516 se
862 4439 1031 4514 habuerit
1056 4440 1117 4516 ille
1141 4443 1324 4537 Ephialtes
1353 4450 1434 4540 post
1463 4446 1577 4520 verba

407 4560 554 4657 Virgilii.
572 4562 616 4635 Et
635 4560 796 4636 breviter
822 4558 906 4635 dicit
931 4559 1031 4654 quod
1051 4559 1119 4637 iste
1135 4561 1249 4659 gigas,
1268 4562 1402 4638 auditis
1422 4564 1577 4659 hisquae

409 4679 580 4775 Virgilius
592 4671 778 4772 ἀίιοτεῑ(“)
793 4684 922 4756 contra
934 4699 1035 4774 eum,
1050 4687 1173 4755 motus
1186 4681 1291 4757 estin
1308 4683 1497 4759 iracundia
1511 4705 1578 4759 sua

475 4893 504 4954 (¹)
521 4896 575 4954 ¹¹⁰.
592 4893 692 4948 ΜΗ
708 4896 877 4946 convniam·
1085 4895 1113 4958 i’l
1129 4897 1160 4947 E.
1176 4896 1247 4961 quod
1263 4897 1361 4948 scilieet
1376 4898 1487 4948 romani.

474 4968 502 5032 (¹)
518 4969 549 5021 ll.
566 4970 682 5030 Briareo,
698 4971 807 5034 quiade
823 4972 878 5034 ipso
894 4969 1072 5034 principaliter
1088 4973 1206 5035 petierat.

475 5045 502 5110 tt
519 5047 549 5098 E
566 5047 744 5111 mponuenn.
1087 5048 1115 5111 ct
1132 5049 1164 5100 n
1179 5049 1342 5102 aarum
