4606 6840
711 947 782 1016 2Βο
1105 959 1309 1018 consummi
1333 961 1484 1016 INFERNI

710 1105 815 1180 minis
839 1107 1011 1201 percussi.
1038 1107 1083 1180 Et
1106 1122 1195 1183 vere
1220 1106 1278 1181 irio
1300 1111 1358 1182 est
1371 1125 1464 1201 opus
1480 1104 1642 1180 maxima
1662 1103 1874 1198 attentione,

709 1225 795 1318 qnia
825 1225 893 1300 ista
923 1231 1092 1321 pareest
1123 1225 1407 1302 intricatissima:
1437 1225 1557 1321 primo
1586 1235 1677 1321 ergo
1706 1225 1876 1322 proponit

709 1344 824 1440 ipsam
840 1337 876 1437 (⁴)
903 1346 1272 1440 transformationem,
1298 1346 1439 1422 dicens:
1462 1365 1612 1441 serpens
1636 1350 1674 1420 et
1699 1346 1876 1439 homost

709 1466 885 1557 risposero
900 1467 1054 1555 insinua,
1071 1465 1207 1542 scilicet
1223 1464 1501 1542 transmutando
1516 1485 1568 1558 se,
1586 1485 1611 1538 o
1629 1468 1722 1538 notui
1736 1485 1874 1556 nonne,

710 1583 812 1678 idest,
836 1583 882 1660 od
908 1586 998 1660 tates
1023 1587 1171 1682 regulas
1195 1585 1321 1681 quales
1346 1585 1514 1662 dicentur
1538 1585 1680 1679 statim3
1699 1592 1736 1660 et
1752 1584 1876 1680 incipit

710 1703 829 1797 primo
853 1725 877 1780 a
902 1703 985 1799 tine,
1006 1723 1029 1780 a
1052 1711 1156 1799 parte
1180 1705 1298 1780 viliori
1322 1712 1361 1780 et
1388 1711 1567 1798 extrema,
1591 1723 1729 1799 ponens
1754 1709 1875 1779 trans-

712 1823 952 1901 mutationem
976 1825 1104 1900 oandae
1135 1825 1173 1900 in
1204 1833 1373 1921 serpente
1404 1831 1442 1900 et
1472 1844 1627 1900 crurum
1659 1824 1874 1900 innomine

709 1944 855 2020 dicens:
881 1947 979 2018 cire'l
999 1952 1155 2038 soprato
1175 1949 1265 2039 sessa
1290 1949 1326 2018 to
1349 1948 1440 2020 oodu
1463 1947 1502 2018 iu
1523 1948 1640 2038 sorra,
1657 1943 1759 2038 idest,
1780 1943 1874 2018 divi·

709 2063 755 2136 sit
778 2063 815 2136 in
834 2063 926 2139 duas
942 2071 1075 2159 partes,
1094 2065 1192 2159 quia,
1210 2064 1356 2159 scilieet,
1372 2064 1420 2140 de
1436 2065 1554 2140 canda
1571 2063 1655 2138 iecit
1669 2063 1744 2138 dno
1760 2082 1873 2137 crura
1996 2129 1998 2134 .

708 2183 870 2258 hnmana
885 2174 921 2274 (¹)
947 2203 1033 2258 oum
1059 2183 1180 2277 oossis,
1206 2187 1240 2257 et
1258 2187 1387 2277 seruo,
1412 2183 1515 2278 idest,
1540 2184 1652 2258 homo
1677 2201 1873 2277 percussus

707 2325 729 2378 a
755 2309 923 2399 serpente
939 2325 1006 2400 per
1025 2304 1243 2398 oppositum,
1264 2307 1426 2378 rr'strtme
1449 2305 1582 2378 forare
1599 2305 1753 2393 numme,
1769 2301 1873 2394 idest,

707 2423 895 2500 coniunxit
919 2445 988 2501 sua
1012 2445 1123 2500 crura
1147 2425 1257 2499 simui
1281 2424 1417 2500 iaciens
1441 2423 1487 2498 de
1518 2423 1585 2498 iilis
1611 2423 1766 2498 caudam
1793 2439 1873 2496 ser-

708 2544 893 2638 pentinam
909 2535 958 2636 (³).
983 2545 1027 2617 Et
1053 2544 1167 2641 tangit
1193 2544 1344 2618 modum
1369 2543 1644 2637 ooninnotionis,
1669 2542 1815 2617 dicens:
1842 2545 1873 2615 te

707 2665 832 2756 parate
855 2683 921 2736 coo
946 2667 977 2737 te
1000 2685 1099 2737 cosor
1120 2666 1328 2757 s'appr'omr
1351 2675 1430 2737 seeo
1453 2672 1569 2756 siesse,
1586 2663 1688 2758 idest,
1709 2663 1874 2758 ipsaemet

709 2783 787 2858 sine
817 2803 930 2879 opera
966 2784 1137 2877 alterius3
1164 2790 1202 2858 et
1238 2783 1332 2859 bene
1367 2782 1462 2878 dicit,
1488 2784 1575 2877 qnia
1604 2784 1716 2858 homo
1740 2783 1873 2858 voiun-

709 2903 801 2978 tarie
825 2891 1030 2996 efficitnri‘)
1055 2921 1216 2998 serpens,
1234 2903 1381 2997 qnando
1398 2904 1517 2998 primo
1532 2902 1688 2998 disponit
1702 2920 1872 2998 gressum

708 3044 829 3117 suurn,
856 3023 919 3117 qni
945 3023 1157 3119 designatur
1181 3043 1247 3118 per
1272 3023 1423 3118 vestigia
1447 3022 1494 3097 ad
1522 3022 1677 3115 turtum,
1701 3013 1744 3111 si,
1769 3020 1871 3114 idest,

707 3149 784 3216 tam
818 3142 971 3237 fortiter,
1003 3145 1104 3217 oii'irr
1128 3163 1233 3236 pono,
1267 3140 1369 3236 idest,
1405 3141 1442 3215 in
1469 3141 1592 3216 brevi:
1624 3143 1660 3214 lu
1693 3143 1871 3232 ptmucra,

706 3261 808 3355 idest,
832 3261 1051 3356 coniunctio,
1076 3282 1148 3334 noa
1170 3265 1274 3355 [oreo
1296 3281 1404 3353 sepno
1434 3263 1537 3335 olona
1566 3262 1627 3334 oto
1654 3262 1686 3333 si
1713 3279 1871 3352 parasse,

706 3381 810 3475 qnasi
835 3381 952 3456 dicat:
983 3380 1083 3474 quod
1108 3399 1181 3454 non
1210 3379 1427 3456 videbantur
1458 3379 1615 3474 amplius
1643 3378 1718 3453 duo
1747 3396 1870 3470 crura,

705 3500 780 3574 imo
805 3521 880 3575 una
904 3500 1148 3597 caudalonga
1173 3507 1212 3577 et
1236 3500 1412 3593 mtunda3
1430 3506 1467 3574 et
1487 3498 1688 3592 dicitquod
1705 3518 1727 3575 e
1744 3503 1872 3572 oontra

706 3618 816 3695 flebat
840 3641 886 3694 ex
911 3627 1015 3714 parte
1040 3621 1227 3715 serpentis,
1244 3621 1332 3714 quia
1348 3619 1493 3713 scilicet,
1511 3622 1549 3693 lo
1566 3621 1656 3693 oodu
1674 3622 1781 3712 sessu
1802 3616 1872 3691 sci-

706 3741 801 3833 licet,
820 3739 1007 3834 serpentis,
1025 3741 1173 3831 toplr'eoo
1198 3741 1234 3812 lo
1255 3742 1387 3832 fipuro,
1408 3737 1511 3832 idest,
1532 3738 1689 3813 formam
1714 3755 1867 3812 crurum

707 3859 968 3954 humanorum,
993 3863 1053 3934 rte
1076 3863 1108 3933 si
1126 3861 1263 3953 perdes
1283 3861 1321 3933 di
1343 3850 1392 3952 td,
1422 3859 1567 3953 seilicet,
1599 3879 1647 3934 ex
1676 3865 1780 3955 parte
1804 3859 1872 3932 ho-

707 3979 824 4072 minis,
843 3979 906 4074 qni
930 3979 977 4055 de
1000 3980 1145 4055 duobus
1174 3980 1344 4055 cruribus
1369 3979 1525 4054 iaciebat
1549 3999 1663 4052 unam
1689 3976 1869 4053 caudam:

706 4105 743 4176 et
767 4099 852 4175 dicit
876 4099 976 4195 quod
992 4099 1101 4174 simul
1120 4100 1222 4196 petiis
1239 4099 1453 4174 mutabatur
1470 4119 1516 4174 ex
1533 4105 1639 4195 parte
1657 4098 1870 4191 utriusque3

705 4219 804 4294 unde
818 4211 855 4312 (⁵)
879 4220 987 4295 dicits
1012 4242 1032 4294 e
1056 4223 1093 4294 to
1116 4241 1182 4294 suo
1202 4222 1304 4314 pelte,
1322 4220 1544 4317 idestjpeiiis
1569 4219 1756 4316 serpentis,
1783 4239 1868 4313 quaa

705 4340 921 4415 naturaliter
953 4346 1008 4414 est
1038 4341 1143 4434 dura,
1172 4343 1204 4414 υἱ
1229 4344 1332 4434 [areo
1364 4343 1478 4432 motio,
1509 4339 1612 4435 idest,
1645 4341 1819 4433 hnmana,
1852 4361 1871 4413 o

704 4461 818 4550 ᾳυυὶἱα
842 4461 879 4532 di
902 4448 951 4550 ld,
981 4459 1083 4554 idest,
1113 4458 1214 4554 pellis
1244 4460 1417 4553 humana,
1452 4479 1536 4553 quae
1566 4464 1621 4534 est
1654 4458 1871 4534 naturaiiter

704 4577 833 4672 mollis,
857 4581 889 4652 st
909 4582 1013 4672 socon
1036 4581 1143 4669 dura,
1169 4577 1271 4674 idest,
1296 4580 1515 4675 serpentina,
1542 4596 1738 4673 squamosa
1755 4570 1805 4672 (⁰).
1822 4617 1872 4634 -

703 4701 744 4770 lo
770 4699 850 4770 υἱώ
876 4697 942 4772 Hic
965 4704 1074 4772 autor
1098 4697 1268 4774 describit
1293 4699 1491 4774 secundam
1513 4689 1870 4790 transmutationem,

765 4915 792 4979 (¹)
809 4919 863 4974 ¹¹⁸·
881 4915 964 4966 hilm·
1322 4917 1350 4982 (¹)
1367 4917 1397 4968 E.
1413 4917 1535 4978 hnmana,
1551 4921 1578 4968 ot
1593 4929 1686 4975 emm,
1703 4917 1735 4968 et.

765 4991 989 5056 oli-arpenta
1325 4993 1447 5057 pianr

766 5067 793 5131 (¹)
810 5069 840 5120 li.
856 5073 884 5119 et
899 5069 964 5120 irene
980 5069 1049 5121 dicit.
1325 5069 1353 5132 (⁸)
1369 5069 1395 5121 S.
1410 5075 1435 5119 et
1453 5081 1597 5134 squamus.
