4550 6844
737 935 878 995 neurus
903 939 1097 996 muamus
1121 939 1253 996 nonus.
1511 927 1583 996 ³97

406 1077 606 1154 mabautur
622 1100 699 1155 uno
716 1093 820 1180 regu·
837 1085 998 1159 etmulti
1016 1084 1258 1162 remanebant
1277 1083 1459 1179 insepulti.
1481 1084 1584 1158 l'uu'c

407 1217 473 1274 rex
490 1199 801 1278 recusaremus
818 1210 919 1280 tanta
935 1210 1060 1302 strage
1076 1205 1255 1300 omnium,
1274 1205 1418 1303 rogavit
1442 1205 1584 1298 lovem,

406 1325 447 1393 ut
462 1320 532 1395 uel
557 1320 727 1398 redderet
751 1323 819 1398 sibi
852 1345 951 1418 suos,
977 1326 1036 1402 vel
1051 1319 1087 1419 (¹)
1115 1326 1285 1402 redderet
1308 1346 1397 1402 eum
1423 1345 1584 1400 numero

404 1438 575 1514 aliorum.
602 1442 740 1520 Deinde
765 1445 891 1522 ridens
916 1467 1099 1541 quercum
1125 1466 1298 1544 magnam
1325 1452 1581 1522 consecratam

405 1558 498 1654 lori,
531 1581 598 1668 per
631 1583 743 1657 quam
779 1565 1025 1643 ascendebant
1057 1567 1096 1641 et
1119 1565 1389 1642 descendebant
1418 1565 1583 1642 tormicoe

405 1685 594 1774 portantes
623 1703 742 1780 vgrana
777 1685 885 1782 longa
918 1685 1010 1780 acie,
1048 1705 1209 1780 quarum
1242 1685 1513 1760 multitudinem
1542 1674 1582 1776 (¹)

408 1799 527 1875 Eunus
552 1800 707 1877 miratus
724 1804 867 1901 rogavit
887 1805 1016 1880 torem
1039 1810 1080 1879 ut
1096 1805 1201 1882 daret
1217 1804 1285 1879 sibi
1303 1804 1451 1880 totidem
1470 1803 1582 1878 cives.

408 1920 632 1998 Adveniente
657 1943 748 1998 reno
773 1935 881 2002 nocte
905 1945 990 2000 cum
1019 1945 1085 2000 rer
1110 1924 1354 2000 obdormisset
1366 1913 1404 2016 (³)
1432 1923 1520 1998 vidit
1544 1922 1583 1997 iu

409 2040 547 2116 somnis
571 2040 783 2136 predictam
809 2064 991 2138 quercum
1018 2043 1057 2118 in
1082 2044 1201 2139 prima
1219 2032 1256 2136 (⁸)
1289 2042 1410 2118 forma
1435 2043 1582 2138 plenam

408 2159 579 2255 formicis,
606 2181 690 2255 quae
717 2169 816 2237 mota
841 2163 1050 2239 excutiebat
1074 2162 1248 2238 formicas
1277 2183 1299 2236 a
1333 2181 1384 2256 se,
1411 2182 1495 2257 quae
1520 2181 1585 2235 ca·

408 2279 537 2356 dentes
570 2281 608 2356 in
646 2293 784 2359 terram
819 2282 1038 2359 videbantur
1067 2283 1188 2358 subito
1222 2301 1448 2378 consurgere
1474 2273 1511 2374 (⁵)
1547 2287 1584 2354 et

410 2402 584 2497 paulatim
617 2423 786 2480 crescere
818 2402 854 2476 iu
889 2409 1033 2479 rectum
1065 2407 1295 2478 assumentes
1325 2423 1460 2477 novam
1488 2401 1584 2498 figu-

410 2539 492 2595 ram
514 2511 564 2616 (⁶),
589 2520 815 2617 deponentes
840 2523 997 2598 maciem
1014 2512 1050 2615 (⁶²)
1078 2528 1116 2598 et
1140 2522 1252 2618 pedes
1276 2528 1313 2597 et
1340 2522 1503 2597 colorem
1529 2520 1586 2594 ni-

407 2660 532 2736 grum.
558 2641 635 2715 Rex
663 2641 810 2716 tandem
837 2642 1029 2737 excitatus,
1042 2642 1131 2719 dum
1149 2641 1320 2718 crederet
1345 2641 1530 2716 somnium
1545 2629 1582 2732 (⁸)

408 2759 521 2836 luisse
545 2781 696 2856 vanum,
714 2763 850 2857 reperit
875 2763 912 2837 iu
937 2763 1092 2839 veritate
1110 2763 1207 2837 viros
1224 2769 1373 2837 renatos
1390 2753 1427 2854 (⁰)
1445 2781 1489 2836 er
1508 2759 1586 2835 lor·

409 2879 523 2975 micis,
549 2883 615 2976 qui
639 2882 758 2978 primo
783 2883 1039 2959 salutaverunt
1062 2883 1201 2956 uacum
1230 2901 1373 2978 regem.
1390 2881 1468 2955 Rex
1495 2899 1585 2954 vero

408 2999 528 3076 divisit
552 3001 736 3078 civitatem
762 3024 859 3078 noro
883 3003 1030 3100 populo,
1048 3010 1086 3078 et
1104 3002 1203 3078 cives
1231 3021 1319 3076 suos
1335 3001 1479 3076 vocavit
1498 2999 1585 3074 llir·

410 3119 591 3215 midones3
617 3142 704 3196 uam
729 3122 921 3198 llirmidon
945 3143 1078 3220 grace,
1099 3122 1211 3196 labne
1225 3113 1282 3214 (¹⁰)
1309 3120 1473 3196 formica.
1499 3121 1584 3194 llaec

410 3247 466 3314 est
490 3241 652 3315 breviter
676 3241 784 3337 fictio,
810 3261 895 3337 quae
920 3262 988 3338 pro
1012 3261 1147 3338 magua
1163 3245 1268 3337 parte
1285 3238 1446 3316 continet
1470 3239 1586 3314 bisto-

411 3359 505 3435 riam
540 3380 680 3436 veram.
718 3363 764 3436 lit
800 3363 919 3458 primo
960 3361 1109 3458 quidem
1136 3361 1204 3435 ista
1249 3360 1360 3456 pestis
1393 3359 1461 3436 luit
1496 3358 1584 3433 olim

410 3501 557 3579 magua,
591 3503 676 3577 quae
721 3483 887 3579 spoliavit
927 3482 1033 3578 quasi
1071 3489 1187 3558 totam
1226 3481 1361 3556 dictam
1400 3479 1585 3555 civitatem

408 3603 675 3678 habitatoribus
701 3603 848 3700 primis3
875 3603 969 3679 sicut
993 3602 1110 3679 simile
1128 3602 1286 3679 vidimus
1299 3592 1352 3694 (¹¹)
1371 3600 1501 3676 diebus
1517 3619 1587 3675 uo-

409 3722 492 3796 stris
521 3722 558 3795 iu
589 3722 713 3797 multis
738 3723 860 3818 terris,
894 3729 933 3799 et
961 3722 1008 3799 de
1032 3722 1216 3818 aliquibus
1240 3721 1462 3815 audivimus,
1490 3719 1585 3794 sicut

409 3841 447 3913 in
483 3841 739 3916 llOthXlalllll
753 3834 806 3934 (¹¹)
832 3863 917 3937 quae
942 3849 1025 3917 orta
1063 3842 1295 3938 inpartibus
1332 3841 1500 3934 Orientis,
1535 3840 1585 3916 ita

410 3959 573 4057 fatigavit
604 3959 809 4036 humanum
848 3981 977 4058 genus,
1011 3961 1110 4056 quod
1148 3962 1275 4036 multae
1313 3968 1423 4035 terrae
1458 3959 1581 4036 deser·

410 4089 458 4156 tae
476 4070 529 4171 (¹³)
555 4089 640 4156 sunt
666 4080 776 4154 etiam
802 4080 840 4154 in
865 4080 1058 4155 Occidente
1085 4086 1228 4174 nostr03
1254 4086 1291 4156 et
1315 4079 1499 4176 praecipue
1528 4077 1586 4153 Si-

410 4199 491 4276 cilia
517 4199 585 4276 luit
609 4205 742 4274 vexata
767 4200 835 4274 ista
861 4199 1051 4295 epidemia,
1078 4205 1115 4275 et
1149 4199 1314 4276 Sardinia
1345 4200 1461 4273 multo
1491 4199 1585 4294 plus,

410 4321 497 4415 quia
534 4339 581 4395 ex
619 4319 761 4416 decem,
800 4341 933 4398 novem
972 4320 1123 4416 periisse
1157 4321 1340 4396 dicuntur.
1380 4321 1510 4394 Postea
1548 4319 1586 4394 in

472 4510 499 4570 (¹)
516 4509 546 4558 E.
563 4509 604 4558 vel
621 4509 757 4560 recederet
772 4524 834 4561 cunr
850 4525 970 4560 numero.

427 4658 434 4672 ο
472 4583 500 4644 (¹)
516 4583 548 4633 lt.
564 4584 731 4636 multitudine
752 4585 837 4636 huus
857 4585 967 4636 nntrntun
988 4587 1089 4650 rogarit
1108 4585 1206 4636 lterum
1225 4583 1318 4636 torem
1338 4589 1367 4635 ut
1388 4583 1464 4635 daret
1482 4582 1531 4633 sibi
1546 4585 1587 4634 tot

452 4671 480 4709 es

471 4695 497 4795 (ἑ)
514 4735 545 4786 E.
561 4737 761 4790 obdormuisset.
886 4737 914 4801 (¹)
931 4743 985 4799 tlt,
1002 4739 1080 4788 dicta.
1215 4737 1242 4798 (¹)
1260 4743 1315 4798 tlt,
1332 4751 1450 4802 surgere.

471 4811 498 4870 Γ)
514 4811 544 4862 Ε.
560 4811 682 4874 sormam,
699 4815 857 4878 deponentes
873 4816 992 4877 menbra,
1009 4814 1102 4879 marn
1117 4817 1152 4865 et.
1216 4815 1242 4874 ζ’)
1260 4818 1313 4874 tte,
1331 4827 1422 4864 manus
1437 4817 1464 4864 et
1480 4811 1566 4878 pedes.

472 4888 499 4950 (¹)
514 4887 539 4938 S.
556 4891 687 4942 somnium
702 4893 794 4943 vidisse
809 4906 914 4945 renum.
1217 4891 1244 4952 Ρ)
1259 4889 1286 4940 S.
1301 4895 1384 4941 natos.

459 4968 497 5030 (¹⁸)
513 4968 539 5020 S.
557 4970 636 5022 latine
652 4972 749 5024 dicitur
764 4973 884 5025 tormlcn.
1206 4971 1243 5032 (¹¹)
1261 4975 1315 5028 tte.
1332 4971 1458 5020 ridemus.

461 5043 500 5106 (⁸¹)
517 5049 571 5106 111,
589 5051 658 5099 lass.
1207 5043 1245 5107 (³⁸)
1262 5045 1292 5096 li.
1308 5046 1456 5097 destructe.
