<?xml version="1.0" encoding="UTF-8"?>
<!DOCTYPE html PUBLIC "-//W3C//DTD XHTML 1.0 Transitional//EN"
    "http://www.w3.org/TR/xhtml1/DTD/xhtml1-transitional.dtd">
<html xmlns="http://www.w3.org/1999/xhtml" xml:lang="en" lang="en">
 <head>
  <title>
</title>
<meta http-equiv="Content-Type" content="text/html;charset=utf-8" />
  <meta name='ocr-system' content='tesseract 3.04.00' />
  <meta name='ocr-capabilities' content='ocr_page ocr_carea ocr_par ocr_line ocrx_word'/>
</head>
<body>
  <div class='ocr_page' id='page_1' title='image "./comentumsuperda01benvgoog_0564.png"; bbox 0 0 4566 6844; ppageno 0'>
   <div class='ocr_carea' id='block_1_1' title="bbox 698 964 1573 1044">
    <p class='ocr_par' dir='ltr' id='par_1_1' title="bbox 698 964 1573 1044">
     <span class='ocr_line' id='line_1_1' title="bbox 698 964 1573 1044; baseline 0.002 -14"><span class='ocrx_word' id='word_1_1' title='bbox 698 975 836 1032; x_wconf 75' lang='lat' dir='ltr'><strong>camus</strong></span> <span class='ocrx_word' id='word_1_2' title='bbox 860 978 1077 1034; x_wconf 80' lang='lat' dir='ltr'><strong>mannsmus</strong></span> <span class='ocrx_word' id='word_1_3' title='bbox 1101 977 1277 1044; x_wconf 78' lang='lat' dir='ltr'><strong>cusanus.</strong></span> <span class='ocrx_word' id='word_1_4' title='bbox 1503 964 1573 1032; x_wconf 72' lang='lat' dir='ltr'><strong>tlt</strong></span> 
     </span>
    </p>
   </div>
   <div class='ocr_carea' id='block_1_2' title="bbox 366 1112 1576 4936">
    <p class='ocr_par' dir='ltr' id='par_1_2' title="bbox 366 1112 1576 4936">
     <span class='ocr_line' id='line_1_2' title="bbox 406 1112 1572 1218; baseline -0.002 -22"><span class='ocrx_word' id='word_1_5' title='bbox 406 1125 598 1198; x_wconf 68' lang='lat' dir='ltr'><strong>contamino</strong></span> <span class='ocrx_word' id='word_1_6' title='bbox 612 1143 638 1194; x_wconf 86' lang='lat' dir='ltr'><strong>c</strong></span> <span class='ocrx_word' id='word_1_7' title='bbox 657 1128 753 1196; x_wconf 80' lang='lat' dir='ltr'><strong>tanto</strong></span> <span class='ocrx_word' id='word_1_8' title='bbox 777 1125 918 1214; x_wconf 79' lang='lat' dir='ltr'><strong>amello,</strong></span> <span class='ocrx_word' id='word_1_9' title='bbox 936 1123 1029 1198; x_wconf 89' lang='lat' dir='ltr'><strong>idest</strong></span> <span class='ocrx_word' id='word_1_10' title='bbox 1046 1129 1121 1197; x_wconf 91' lang='lat' dir='ltr'><strong>tam</strong></span> <span class='ocrx_word' id='word_1_11' title='bbox 1140 1140 1287 1218; x_wconf 82' lang='lat' dir='ltr'><strong>magno,</strong></span> <span class='ocrx_word' id='word_1_12' title='bbox 1306 1121 1393 1215; x_wconf 86' lang='lat' dir='ltr'><strong>qula</strong></span> <span class='ocrx_word' id='word_1_13' title='bbox 1408 1112 1447 1214; x_wconf 82' lang='lat'><strong>(¹)</strong></span> <span class='ocrx_word' id='word_1_14' title='bbox 1461 1119 1572 1196; x_wconf 86' lang='lat' dir='ltr'><strong>habet</strong></span> 
     </span>
     <span class='ocr_line' id='line_1_3' title="bbox 403 1242 1572 1340; baseline -0.003 -21"><span class='ocrx_word' id='word_1_15' title='bbox 403 1245 481 1320; x_wconf 86' lang='lat' dir='ltr'><strong>alas</strong></span> <span class='ocrx_word' id='word_1_16' title='bbox 506 1243 639 1338; x_wconf 87' lang='lat' dir='ltr'><strong>quibus</strong></span> <span class='ocrx_word' id='word_1_17' title='bbox 665 1242 775 1336; x_wconf 74' lang='lat' dir='ltr'><strong>volat,</strong></span> <span class='ocrx_word' id='word_1_18' title='bbox 796 1249 832 1318; x_wconf 92' lang='lat' dir='ltr'><strong>et</strong></span> <span class='ocrx_word' id='word_1_19' title='bbox 853 1263 997 1340; x_wconf 83' lang='lat' dir='ltr'><strong>ungues</strong></span> <span class='ocrx_word' id='word_1_20' title='bbox 1022 1243 1156 1338; x_wconf 87' lang='lat' dir='ltr'><strong>quibus</strong></span> <span class='ocrx_word' id='word_1_21' title='bbox 1180 1242 1274 1336; x_wconf 83' lang='lat' dir='ltr'>rapit</span> <span class='ocrx_word' id='word_1_22' title='bbox 1298 1249 1337 1317; x_wconf 90' lang='lat' dir='ltr'><strong>el</strong></span> <span class='ocrx_word' id='word_1_23' title='bbox 1361 1247 1572 1336; x_wconf 79' lang='lat' dir='ltr'><strong>aucupatur</strong></span> 
     </span>
     <span class='ocr_line' id='line_1_4' title="bbox 403 1362 1573 1460; baseline -0.005 -21"><span class='ocrx_word' id='word_1_24' title='bbox 403 1385 550 1460; x_wconf 79' lang='lat' dir='ltr'><strong>semper</strong></span> <span class='ocrx_word' id='word_1_25' title='bbox 574 1363 746 1460; x_wconf 81' lang='lat' dir='ltr'><strong>praedam.</strong></span> <span class='ocrx_word' id='word_1_26' title='bbox 764 1364 808 1437; x_wconf 89' lang='lat' dir='ltr'><strong>Et</strong></span> <span class='ocrx_word' id='word_1_27' title='bbox 832 1363 1015 1457; x_wconf 84' lang='lat' dir='ltr'><strong>specificat</strong></span> <span class='ocrx_word' id='word_1_28' title='bbox 1033 1362 1322 1460; x_wconf 78' lang='lat' dir='ltr'><strong>magnitudinem</strong></span> <span class='ocrx_word' id='word_1_29' title='bbox 1341 1362 1485 1436; x_wconf 87' lang='lat' dir='ltr'><strong>alarum</strong></span> <span class='ocrx_word' id='word_1_30' title='bbox 1505 1381 1573 1455; x_wconf 88' lang='lat' dir='ltr'><strong>per</strong></span> 
     </span>
     <span class='ocr_line' id='line_1_5' title="bbox 406 1481 1576 1580; baseline -0.003 -22"><span class='ocrx_word' id='word_1_31' title='bbox 406 1505 518 1560; x_wconf 86' lang='lat' dir='ltr'><strong>unam</strong></span> <span class='ocrx_word' id='word_1_32' title='bbox 548 1483 859 1580; x_wconf 87' lang='lat' dir='ltr'><strong>comparationem</strong></span> <span class='ocrx_word' id='word_1_33' title='bbox 890 1483 1131 1577; x_wconf 79' lang='lat' dir='ltr'><strong>manifestam,</strong></span> <span class='ocrx_word' id='word_1_34' title='bbox 1156 1481 1301 1558; x_wconf 87' lang='lat' dir='ltr'><strong>diceus:</strong></span> <span class='ocrx_word' id='word_1_35' title='bbox 1333 1485 1403 1556; x_wconf 86' lang='lat' dir='ltr'><strong>vele</strong></span> <span class='ocrx_word' id='word_1_36' title='bbox 1432 1483 1470 1556; x_wconf 84' lang='lat' dir='ltr'><strong>dt</strong></span> <span class='ocrx_word' id='word_1_37' title='bbox 1494 1502 1576 1554; x_wconf 86' lang='lat' dir='ltr'><strong>mar</strong></span> 
     </span>
     <span class='ocr_line' id='line_1_6' title="bbox 404 1601 1575 1696; baseline 0 -18"><span class='ocrx_word' id='word_1_38' title='bbox 404 1625 477 1678; x_wconf 84' lang='lat' dir='ltr'><strong>non</strong></span> <span class='ocrx_word' id='word_1_39' title='bbox 503 1607 571 1678; x_wconf 79' lang='lat' dir='ltr'><strong>vid</strong></span> <span class='ocrx_word' id='word_1_40' title='bbox 583 1607 619 1677; x_wconf 86' lang='lat' dir='ltr'><strong>to</strong></span> <span class='ocrx_word' id='word_1_41' title='bbox 643 1607 716 1676; x_wconf 83' lang='lat' dir='ltr'><strong>mot</strong></span> <span class='ocrx_word' id='word_1_42' title='bbox 739 1607 863 1696; x_wconf 85' lang='lat' dir='ltr'><strong>cotult‚·</strong></span> <span class='ocrx_word' id='word_1_43' title='bbox 889 1610 927 1678; x_wconf 92' lang='lat' dir='ltr'><strong>et</strong></span> <span class='ocrx_word' id='word_1_44' title='bbox 951 1604 1046 1678; x_wconf 86' lang='lat' dir='ltr'><strong>bene</strong></span> <span class='ocrx_word' id='word_1_45' title='bbox 1066 1602 1169 1695; x_wconf 90' lang='lat' dir='ltr'><strong>dioit;</strong></span> <span class='ocrx_word' id='word_1_46' title='bbox 1191 1603 1290 1676; x_wconf 88' lang='lat' dir='ltr'><strong>nulla</strong></span> <span class='ocrx_word' id='word_1_47' title='bbox 1308 1602 1405 1678; x_wconf 91' lang='lat' dir='ltr'><strong>enim</strong></span> <span class='ocrx_word' id='word_1_48' title='bbox 1426 1603 1506 1678; x_wconf 86' lang='lat' dir='ltr'><strong>vela</strong></span> <span class='ocrx_word' id='word_1_49' title='bbox 1524 1601 1575 1678; x_wconf 84' lang='lat' dir='ltr'><strong>tm</strong></span> 
     </span>
     <span class='ocr_line' id='line_1_7' title="bbox 405 1722 1574 1817; baseline -0.003 -19"><span class='ocrx_word' id='word_1_50' title='bbox 405 1729 563 1798; x_wconf 90' lang='lat' dir='ltr'><strong>currunt</strong></span> <span class='ocrx_word' id='word_1_51' title='bbox 586 1742 653 1817; x_wconf 90' lang='lat' dir='ltr'><strong>per</strong></span> <span class='ocrx_word' id='word_1_52' title='bbox 676 1742 826 1817; x_wconf 84' lang='lat' dir='ltr'><strong>aquam,</strong></span> <span class='ocrx_word' id='word_1_53' title='bbox 852 1723 945 1798; x_wconf 88' lang='lat' dir='ltr'><strong>sicut</strong></span> <span class='ocrx_word' id='word_1_54' title='bbox 969 1724 1038 1798; x_wconf 83' lang='lat' dir='ltr'><strong>alae</strong></span> <span class='ocrx_word' id='word_1_55' title='bbox 1066 1722 1197 1796; x_wconf 89' lang='lat' dir='ltr'><strong>diaboli</strong></span> <span class='ocrx_word' id='word_1_56' title='bbox 1225 1742 1291 1816; x_wconf 91' lang='lat' dir='ltr'><strong>per</strong></span> <span class='ocrx_word' id='word_1_57' title='bbox 1317 1728 1435 1797; x_wconf 92' lang='lat' dir='ltr'><strong>totum</strong></span> <span class='ocrx_word' id='word_1_58' title='bbox 1462 1742 1574 1796; x_wconf 90' lang='lat' dir='ltr'><strong>mun-</strong></span> 
     </span>
     <span class='ocr_line' id='line_1_8' title="bbox 405 1842 1574 1936; baseline 0 -20"><span class='ocrx_word' id='word_1_59' title='bbox 405 1843 495 1917; x_wconf 93' lang='lat' dir='ltr'><strong>dum</strong></span> <span class='ocrx_word' id='word_1_60' title='bbox 520 1861 704 1936; x_wconf 87' lang='lat' dir='ltr'><strong>amarum,</strong></span> <span class='ocrx_word' id='word_1_61' title='bbox 723 1861 790 1916; x_wconf 90' lang='lat' dir='ltr'><strong>nec</strong></span> <span class='ocrx_word' id='word_1_62' title='bbox 808 1843 880 1916; x_wconf 89' lang='lat' dir='ltr'><strong>ulla</strong></span> <span class='ocrx_word' id='word_1_63' title='bbox 902 1843 983 1918; x_wconf 89' lang='lat' dir='ltr'><strong>vela</strong></span> <span class='ocrx_word' id='word_1_64' title='bbox 1006 1842 1193 1918; x_wconf 91' lang='lat' dir='ltr'><strong>deducunt</strong></span> <span class='ocrx_word' id='word_1_65' title='bbox 1218 1844 1341 1918; x_wconf 87' lang='lat' dir='ltr'><strong>navim</strong></span> <span class='ocrx_word' id='word_1_66' title='bbox 1358 1842 1406 1917; x_wconf 87' lang='lat' dir='ltr'><strong>ad</strong></span> <span class='ocrx_word' id='word_1_67' title='bbox 1423 1848 1476 1917; x_wconf 90' lang='lat' dir='ltr'><strong>tot</strong></span> <span class='ocrx_word' id='word_1_68' title='bbox 1491 1862 1574 1916; x_wconf 90' lang='lat' dir='ltr'><strong>soo-</strong></span> 
     </span>
     <span class='ocr_line' id='line_1_9' title="bbox 405 1960 1573 2058; baseline -0.001 -22"><span class='ocrx_word' id='word_1_69' title='bbox 405 1963 522 2058; x_wconf 88' lang='lat' dir='ltr'><strong>pulos,</strong></span> <span class='ocrx_word' id='word_1_70' title='bbox 546 1960 592 2036; x_wconf 87' lang='lat' dir='ltr'><strong>ad</strong></span> <span class='ocrx_word' id='word_1_71' title='bbox 619 1967 672 2036; x_wconf 89' lang='lat' dir='ltr'><strong>tot</strong></span> <span class='ocrx_word' id='word_1_72' title='bbox 697 1961 1039 2058; x_wconf 58' lang='lat' dir='ltr'><strong>contractandum</strong></span> <span class='ocrx_word' id='word_1_73' title='bbox 1063 1962 1227 2056; x_wconf 86' lang='lat' dir='ltr'><strong>pericula</strong></span> <span class='ocrx_word' id='word_1_74' title='bbox 1253 1969 1290 2038; x_wconf 90' lang='lat' dir='ltr'><strong>et</strong></span> <span class='ocrx_word' id='word_1_75' title='bbox 1314 1961 1460 2055; x_wconf 88' lang='lat' dir='ltr'><strong>damna,</strong></span> <span class='ocrx_word' id='word_1_76' title='bbox 1479 1961 1573 2036; x_wconf 89' lang='lat' dir='ltr'><strong>sicut</strong></span> 
     </span>
     <span class='ocr_line' id='line_1_10' title="bbox 404 2080 1574 2176; baseline -0.002 -20"><span class='ocrx_word' id='word_1_77' title='bbox 404 2083 474 2156; x_wconf 83' lang='lat' dir='ltr'><strong>alae</strong></span> <span class='ocrx_word' id='word_1_78' title='bbox 503 2080 636 2156; x_wconf 86' lang='lat' dir='ltr'><strong>diaboli</strong></span> <span class='ocrx_word' id='word_1_79' title='bbox 666 2080 853 2156; x_wconf 89' lang='lat' dir='ltr'><strong>deducunt</strong></span> <span class='ocrx_word' id='word_1_80' title='bbox 882 2081 994 2155; x_wconf 87' lang='lat' dir='ltr'><strong>vitam</strong></span> <span class='ocrx_word' id='word_1_81' title='bbox 1026 2082 1197 2175; x_wconf 86' lang='lat' dir='ltr'><strong>hominis,</strong></span> <span class='ocrx_word' id='word_1_82' title='bbox 1228 2082 1292 2176; x_wconf 88' lang='lat' dir='ltr'><strong>qni</strong></span> <span class='ocrx_word' id='word_1_83' title='bbox 1321 2101 1411 2158; x_wconf 88' lang='lat' dir='ltr'><strong>vere</strong></span> <span class='ocrx_word' id='word_1_84' title='bbox 1441 2087 1496 2156; x_wconf 88' lang='lat' dir='ltr'><strong>est</strong></span> <span class='ocrx_word' id='word_1_85' title='bbox 1525 2081 1574 2156; x_wconf 90' lang='lat' dir='ltr'><strong>si·</strong></span> 
     </span>
     <span class='ocr_line' id='line_1_11' title="bbox 406 2200 1575 2300; baseline -0.001 -23"><span class='ocrx_word' id='word_1_86' title='bbox 406 2207 469 2277; x_wconf 90' lang='lat' dir='ltr'><strong>cut</strong></span> <span class='ocrx_word' id='word_1_87' title='bbox 495 2200 596 2276; x_wconf 85' lang='lat' dir='ltr'><strong>navis</strong></span> <span class='ocrx_word' id='word_1_88' title='bbox 621 2200 768 2298; x_wconf 79' lang='lat' dir='ltr'><strong>fragilis,</strong></span> <span class='ocrx_word' id='word_1_89' title='bbox 795 2201 981 2296; x_wconf 82' lang='lat' dir='ltr'><strong>instabilis,</strong></span> <span class='ocrx_word' id='word_1_90' title='bbox 1006 2222 1118 2296; x_wconf 85' lang='lat' dir='ltr'><strong>quam</strong></span> <span class='ocrx_word' id='word_1_91' title='bbox 1145 2208 1340 2300; x_wconf 84' lang='lat' dir='ltr'><strong>vagantem</strong></span> <span class='ocrx_word' id='word_1_92' title='bbox 1366 2222 1432 2297; x_wconf 86' lang='lat' dir='ltr'><strong>per</strong></span> <span class='ocrx_word' id='word_1_93' title='bbox 1452 2203 1575 2278; x_wconf 87' lang='lat' dir='ltr'><strong>varios</strong></span> 
     </span>
     <span class='ocr_line' id='line_1_12' title="bbox 405 2313 1575 2418; baseline 0.002 -26"><span class='ocrx_word' id='word_1_94' title='bbox 405 2319 537 2394; x_wconf 89' lang='lat' dir='ltr'><strong>lluctus</strong></span> <span class='ocrx_word' id='word_1_95' title='bbox 566 2320 644 2394; x_wconf 79' lang='lat' dir='ltr'><strong>istm</strong></span> <span class='ocrx_word' id='word_1_96' title='bbox 679 2320 748 2394; x_wconf 83' lang='lat' dir='ltr'><strong>alae</strong></span> <span class='ocrx_word' id='word_1_97' title='bbox 783 2328 956 2418; x_wconf 83' lang='lat' dir='ltr'><strong>mergunt</strong></span> <span class='ocrx_word' id='word_1_98' title='bbox 970 2313 1007 2414; x_wconf 77' lang='lat'><strong>(²)</strong></span> <span class='ocrx_word' id='word_1_99' title='bbox 1042 2321 1079 2396; x_wconf 90' lang='lat' dir='ltr'><strong>in</strong></span> <span class='ocrx_word' id='word_1_100' title='bbox 1110 2321 1295 2418; x_wconf 83' lang='lat' dir='ltr'><strong>abyssum.</strong></span> <span class='ocrx_word' id='word_1_101' title='bbox 1329 2322 1373 2395; x_wconf 86' lang='lat' dir='ltr'><strong>Et</strong></span> <span class='ocrx_word' id='word_1_102' title='bbox 1402 2321 1575 2397; x_wconf 84' lang='lat' dir='ltr'><strong>describit</strong></span> 
     </span>
     <span class='ocr_line' id='line_1_13' title="bbox 405 2439 1571 2538; baseline 0.001 -23"><span class='ocrx_word' id='word_1_103' title='bbox 405 2447 515 2515; x_wconf 85' lang='lat' dir='ltr'><strong>autor</strong></span> <span class='ocrx_word' id='word_1_104' title='bbox 540 2459 677 2534; x_wconf 87' lang='lat' dir='ltr'><strong>pennas</strong></span> <span class='ocrx_word' id='word_1_105' title='bbox 701 2439 846 2515; x_wconf 69' lang='lat' dir='ltr'><strong>marum</strong></span> <span class='ocrx_word' id='word_1_106' title='bbox 862 2440 1002 2516; x_wconf 89' lang='lat' dir='ltr'><strong>diaboli</strong></span> <span class='ocrx_word' id='word_1_107' title='bbox 1029 2462 1095 2537; x_wconf 91' lang='lat' dir='ltr'><strong>per</strong></span> <span class='ocrx_word' id='word_1_108' title='bbox 1122 2463 1232 2516; x_wconf 90' lang='lat' dir='ltr'><strong>unam</strong></span> <span class='ocrx_word' id='word_1_109' title='bbox 1260 2442 1571 2538; x_wconf 84' lang='lat' dir='ltr'><strong>comparationem</strong></span> 
     </span>
     <span class='ocr_line' id='line_1_14' title="bbox 405 2560 1574 2656; baseline 0.003 -22"><span class='ocrx_word' id='word_1_110' title='bbox 405 2561 584 2656; x_wconf 88' lang='lat' dir='ltr'><strong>pulcram,</strong></span> <span class='ocrx_word' id='word_1_111' title='bbox 610 2560 755 2636; x_wconf 90' lang='lat' dir='ltr'><strong>dicens:</strong></span> <span class='ocrx_word' id='word_1_112' title='bbox 782 2581 992 2636; x_wconf 77' lang='lat' dir='ltr'><strong>amomon</strong></span> <span class='ocrx_word' id='word_1_113' title='bbox 1006 2584 1132 2656; x_wconf 78' lang='lat' dir='ltr'><strong>penne,</strong></span> <span class='ocrx_word' id='word_1_114' title='bbox 1149 2563 1287 2638; x_wconf 86' lang='lat' dir='ltr'><strong>scilicet</strong></span> <span class='ocrx_word' id='word_1_115' title='bbox 1311 2563 1380 2636; x_wconf 85' lang='lat' dir='ltr'><strong>illae</strong></span> <span class='ocrx_word' id='word_1_116' title='bbox 1406 2564 1474 2636; x_wconf 78' lang='lat' dir='ltr'><strong>alte</strong></span> <span class='ocrx_word' id='word_1_117' title='bbox 1500 2583 1574 2637; x_wconf 92' lang='lat' dir='ltr'><strong>non</strong></span> 
     </span>
     <span class='ocr_line' id='line_1_15' title="bbox 406 2680 1575 2777; baseline 0.003 -23"><span class='ocrx_word' id='word_1_118' title='bbox 406 2680 589 2756; x_wconf 85' lang='lat' dir='ltr'><strong>habebant</strong></span> <span class='ocrx_word' id='word_1_119' title='bbox 606 2682 752 2776; x_wconf 84' lang='lat' dir='ltr'><strong>proprie</strong></span> <span class='ocrx_word' id='word_1_120' title='bbox 768 2700 917 2777; x_wconf 89' lang='lat' dir='ltr'><strong>pennas,</strong></span> <span class='ocrx_word' id='word_1_121' title='bbox 938 2681 1025 2776; x_wconf 84' lang='lat' dir='ltr'><strong>qnia</strong></span> <span class='ocrx_word' id='word_1_122' title='bbox 1043 2682 1216 2777; x_wconf 74' lang='lat' dir='ltr'><strong>occultae,</strong></span> <span class='ocrx_word' id='word_1_123' title='bbox 1232 2705 1292 2756; x_wconf 87' lang='lat' dir='ltr'><strong>ma</strong></span> <span class='ocrx_word' id='word_1_124' title='bbox 1312 2686 1351 2757; x_wconf 83' lang='lat' dir='ltr'><strong>dl</strong></span> <span class='ocrx_word' id='word_1_125' title='bbox 1368 2684 1575 2776; x_wconf 68' lang='lat' dir='ltr'><strong>visputrello</strong></span> 
     </span>
     <span class='ocr_line' id='line_1_16' title="bbox 406 2800 1575 2898; baseline 0.005 -25"><span class='ocrx_word' id='word_1_126' title='bbox 406 2821 470 2873; x_wconf 81' lang='lat' dir='ltr'><strong>orn</strong></span> <span class='ocrx_word' id='word_1_127' title='bbox 495 2804 551 2874; x_wconf 88' lang='lat' dir='ltr'><strong>lor</strong></span> <span class='ocrx_word' id='word_1_128' title='bbox 576 2803 693 2893; x_wconf 88' lang='lat' dir='ltr'><strong>modo,</strong></span> <span class='ocrx_word' id='word_1_129' title='bbox 720 2800 822 2894; x_wconf 83' lang='lat' dir='ltr'><strong>idest,</strong></span> <span class='ocrx_word' id='word_1_130' title='bbox 849 2803 915 2876; x_wconf 85' lang='lat' dir='ltr'><strong>nisi</strong></span> <span class='ocrx_word' id='word_1_131' title='bbox 941 2804 1063 2878; x_wconf 89' lang='lat' dir='ltr'><strong>solum-</strong></span> <span class='ocrx_word' id='word_1_132' title='bbox 1087 2805 1190 2898; x_wconf 86' lang='lat' dir='ltr'><strong>tales,</strong></span> <span class='ocrx_word' id='word_1_133' title='bbox 1220 2805 1348 2898; x_wconf 90' lang='lat' dir='ltr'><strong>quales</strong></span> <span class='ocrx_word' id='word_1_134' title='bbox 1373 2805 1484 2880; x_wconf 85' lang='lat' dir='ltr'><strong>habet</strong></span> <span class='ocrx_word' id='word_1_135' title='bbox 1509 2824 1575 2879; x_wconf 89' lang='lat' dir='ltr'><strong>ve-</strong></span> 
     </span>
     <span class='ocr_line' id='line_1_17' title="bbox 406 2921 1573 3019; baseline -0.001 -22"><span class='ocrx_word' id='word_1_136' title='bbox 406 2921 576 3018; x_wconf 86' lang='lat' dir='ltr'><strong>spertilio.</strong></span> <span class='ocrx_word' id='word_1_137' title='bbox 595 2921 647 2996; x_wconf 86' lang='lat' dir='ltr'><strong>Ad</strong></span> <span class='ocrx_word' id='word_1_138' title='bbox 665 2922 763 3015; x_wconf 89' lang='lat' dir='ltr'><strong>quod</strong></span> <span class='ocrx_word' id='word_1_139' title='bbox 780 2921 968 2998; x_wconf 88' lang='lat' dir='ltr'><strong>sciendum</strong></span> <span class='ocrx_word' id='word_1_140' title='bbox 986 2922 1085 3017; x_wconf 84' lang='lat' dir='ltr'><strong>quod</strong></span> <span class='ocrx_word' id='word_1_141' title='bbox 1100 2923 1306 3019; x_wconf 85' lang='lat' dir='ltr'><strong>vespertilio</strong></span> <span class='ocrx_word' id='word_1_142' title='bbox 1323 2922 1454 2998; x_wconf 90' lang='lat' dir='ltr'><strong>dicitur</strong></span> <span class='ocrx_word' id='word_1_143' title='bbox 1468 2923 1573 3016; x_wconf 87' lang='lat' dir='ltr'><strong>quasi</strong></span> 
     </span>
     <span class='ocr_line' id='line_1_18' title="bbox 406 3031 1574 3137; baseline 0.001 -21"><span class='ocrx_word' id='word_1_144' title='bbox 406 3061 560 3136; x_wconf 81' lang='lat' dir='ltr'><strong>vespam</strong></span> <span class='ocrx_word' id='word_1_145' title='bbox 585 3047 691 3115; x_wconf 87' lang='lat' dir='ltr'><strong>utens</strong></span> <span class='ocrx_word' id='word_1_146' title='bbox 706 3031 743 3133; x_wconf 79' lang='lat'><strong>(³)</strong></span> <span class='ocrx_word' id='word_1_147' title='bbox 769 3041 926 3136; x_wconf 83' lang='lat' dir='ltr'><strong>animal3</strong></span> <span class='ocrx_word' id='word_1_148' title='bbox 947 3062 992 3117; x_wconf 87' lang='lat' dir='ltr'><strong>eo</strong></span> <span class='ocrx_word' id='word_1_149' title='bbox 1017 3043 1117 3135; x_wconf 86' lang='lat' dir='ltr'><strong>quod</strong></span> <span class='ocrx_word' id='word_1_150' title='bbox 1141 3061 1294 3137; x_wconf 88' lang='lat' dir='ltr'><strong>vespere</strong></span> <span class='ocrx_word' id='word_1_151' title='bbox 1320 3043 1429 3137; x_wconf 87' lang='lat' dir='ltr'><strong>volat,</strong></span> <span class='ocrx_word' id='word_1_152' title='bbox 1455 3049 1492 3117; x_wconf 88' lang='lat' dir='ltr'><strong>et</strong></span> <span class='ocrx_word' id='word_1_153' title='bbox 1518 3049 1574 3117; x_wconf 89' lang='lat' dir='ltr'><strong>est</strong></span> 
     </span>
     <span class='ocr_line' id='line_1_19' title="bbox 406 3160 1574 3255; baseline 0.002 -21"><span class='ocrx_word' id='word_1_154' title='bbox 406 3160 511 3253; x_wconf 87' lang='lat' dir='ltr'><strong>quasi</strong></span> <span class='ocrx_word' id='word_1_155' title='bbox 537 3160 662 3234; x_wconf 91' lang='lat' dir='ltr'><strong>volans</strong></span> <span class='ocrx_word' id='word_1_156' title='bbox 689 3180 781 3234; x_wconf 88' lang='lat' dir='ltr'><strong>mus.</strong></span> <span class='ocrx_word' id='word_1_157' title='bbox 808 3161 925 3236; x_wconf 87' lang='lat' dir='ltr'><strong>Habet</strong></span> <span class='ocrx_word' id='word_1_158' title='bbox 956 3161 1054 3236; x_wconf 92' lang='lat' dir='ltr'><strong>enim</strong></span> <span class='ocrx_word' id='word_1_159' title='bbox 1090 3169 1201 3255; x_wconf 89' lang='lat' dir='ltr'><strong>caput</strong></span> <span class='ocrx_word' id='word_1_160' title='bbox 1230 3161 1359 3254; x_wconf 86' lang='lat' dir='ltr'><strong>muris,</strong></span> <span class='ocrx_word' id='word_1_161' title='bbox 1389 3167 1426 3236; x_wconf 91' lang='lat' dir='ltr'><strong>et</strong></span> <span class='ocrx_word' id='word_1_162' title='bbox 1455 3167 1511 3236; x_wconf 89' lang='lat' dir='ltr'><strong>est</strong></span> <span class='ocrx_word' id='word_1_163' title='bbox 1536 3161 1574 3236; x_wconf 93' lang='lat' dir='ltr'><strong>iu</strong></span> 
     </span>
     <span class='ocr_line' id='line_1_20' title="bbox 406 3279 1574 3375; baseline -0.001 -19"><span class='ocrx_word' id='word_1_164' title='bbox 406 3279 526 3375; x_wconf 80' lang='lat' dir='ltr'><strong>ligura</strong></span> <span class='ocrx_word' id='word_1_165' title='bbox 550 3281 675 3374; x_wconf 89' lang='lat' dir='ltr'><strong>capitis</strong></span> <span class='ocrx_word' id='word_1_166' title='bbox 700 3281 811 3374; x_wconf 87' lang='lat' dir='ltr'><strong>canis,</strong></span> <span class='ocrx_word' id='word_1_167' title='bbox 829 3286 866 3355; x_wconf 88' lang='lat' dir='ltr'><strong>et</strong></span> <span class='ocrx_word' id='word_1_168' title='bbox 883 3281 1079 3374; x_wconf 84' lang='lat' dir='ltr'><strong>aliquando</strong></span> <span class='ocrx_word' id='word_1_169' title='bbox 1096 3281 1282 3358; x_wconf 90' lang='lat' dir='ltr'><strong>invenitur</strong></span> <span class='ocrx_word' id='word_1_170' title='bbox 1301 3302 1399 3357; x_wconf 72' lang='lat' dir='ltr'><strong>cum..</strong></span> <span class='ocrx_word' id='word_1_171' title='bbox 1413 3289 1574 3374; x_wconf 88' lang='lat' dir='ltr'><strong>quatuor</strong></span> 
     </span>
     <span class='ocr_line' id='line_1_21' title="bbox 405 3400 1572 3496; baseline -0.002 -20"><span class='ocrx_word' id='word_1_172' title='bbox 405 3400 574 3494; x_wconf 88' lang='lat' dir='ltr'><strong>auribus;</strong></span> <span class='ocrx_word' id='word_1_173' title='bbox 594 3401 720 3476; x_wconf 88' lang='lat' dir='ltr'><strong>dentes</strong></span> <span class='ocrx_word' id='word_1_174' title='bbox 737 3401 848 3476; x_wconf 89' lang='lat' dir='ltr'><strong>habet</strong></span> <span class='ocrx_word' id='word_1_175' title='bbox 868 3401 1064 3496; x_wconf 81' lang='lat' dir='ltr'><strong>serratiles,</strong></span> <span class='ocrx_word' id='word_1_176' title='bbox 1080 3408 1119 3478; x_wconf 92' lang='lat' dir='ltr'><strong>et</strong></span> <span class='ocrx_word' id='word_1_177' title='bbox 1138 3402 1302 3478; x_wconf 88' lang='lat' dir='ltr'><strong>imitatur</strong></span> <span class='ocrx_word' id='word_1_178' title='bbox 1318 3402 1356 3476; x_wconf 93' lang='lat' dir='ltr'><strong>iu</strong></span> <span class='ocrx_word' id='word_1_179' title='bbox 1376 3421 1468 3477; x_wconf 80' lang='lat' dir='ltr'><strong>voca</strong></span> <span class='ocrx_word' id='word_1_180' title='bbox 1488 3401 1572 3476; x_wconf 79' lang='lat' dir='ltr'><strong>exili</strong></span> 
     </span>
     <span class='ocr_line' id='line_1_22' title="bbox 366 3521 1573 3617; baseline 0.002 -23"><span class='ocrx_word' id='word_1_181' title='bbox 366 3561 369 3568; x_wconf 93' lang='lat'>·</span> <span class='ocrx_word' id='word_1_182' title='bbox 406 3521 525 3616; x_wconf 91' lang='lat' dir='ltr'><strong>potius</strong></span> <span class='ocrx_word' id='word_1_183' title='bbox 542 3522 716 3596; x_wconf 89' lang='lat' dir='ltr'><strong>latratum</strong></span> <span class='ocrx_word' id='word_1_184' title='bbox 734 3540 882 3616; x_wconf 82' lang='lat' dir='ltr'><strong>canum,</strong></span> <span class='ocrx_word' id='word_1_185' title='bbox 900 3543 1012 3617; x_wconf 86' lang='lat' dir='ltr'><strong>quam</strong></span> <span class='ocrx_word' id='word_1_186' title='bbox 1032 3522 1225 3598; x_wconf 88' lang='lat' dir='ltr'><strong>stridorem</strong></span> <span class='ocrx_word' id='word_1_187' title='bbox 1246 3543 1416 3614; x_wconf 90' lang='lat' dir='ltr'><strong>murum;</strong></span> <span class='ocrx_word' id='word_1_188' title='bbox 1439 3542 1573 3616; x_wconf 90' lang='lat' dir='ltr'><strong>corpus</strong></span> 
     </span>
     <span class='ocr_line' id='line_1_23' title="bbox 405 3640 1572 3737; baseline -0.002 -19"><span class='ocrx_word' id='word_1_189' title='bbox 405 3641 514 3718; x_wconf 83' lang='lat' dir='ltr'><strong>habet</strong></span> <span class='ocrx_word' id='word_1_190' title='bbox 539 3641 695 3735; x_wconf 91' lang='lat' dir='ltr'><strong>pilosum</strong></span> <span class='ocrx_word' id='word_1_191' title='bbox 722 3640 821 3716; x_wconf 89' lang='lat' dir='ltr'><strong>lulvo</strong></span> <span class='ocrx_word' id='word_1_192' title='bbox 845 3642 932 3737; x_wconf 89' lang='lat' dir='ltr'><strong>pilo;</strong></span> <span class='ocrx_word' id='word_1_193' title='bbox 953 3644 1030 3717; x_wconf 86' lang='lat' dir='ltr'><strong>ales</strong></span> <span class='ocrx_word' id='word_1_194' title='bbox 1047 3643 1156 3717; x_wconf 88' lang='lat' dir='ltr'><strong>habet</strong></span> <span class='ocrx_word' id='word_1_195' title='bbox 1179 3643 1458 3736; x_wconf 64' lang='lat' dir='ltr'><strong>membranalen</strong></span> <span class='ocrx_word' id='word_1_196' title='bbox 1480 3641 1572 3716; x_wconf 90' lang='lat' dir='ltr'><strong>etin</strong></span> 
     </span>
     <span class='ocr_line' id='line_1_24' title="bbox 404 3761 1573 3860; baseline -0.002 -22"><span class='ocrx_word' id='word_1_197' title='bbox 404 3762 535 3838; x_wconf 88' lang='lat' dir='ltr'><strong>cubitis</strong></span> <span class='ocrx_word' id='word_1_198' title='bbox 559 3761 704 3836; x_wconf 89' lang='lat' dir='ltr'><strong>alarum</strong></span> <span class='ocrx_word' id='word_1_199' title='bbox 722 3761 831 3836; x_wconf 89' lang='lat' dir='ltr'><strong>habet</strong></span> <span class='ocrx_word' id='word_1_200' title='bbox 849 3783 966 3836; x_wconf 92' lang='lat' dir='ltr'><strong>unum</strong></span> <span class='ocrx_word' id='word_1_201' title='bbox 984 3764 1138 3860; x_wconf 87' lang='lat' dir='ltr'><strong>digitum</strong></span> <span class='ocrx_word' id='word_1_202' title='bbox 1157 3785 1232 3858; x_wconf 79' lang='lat' dir='ltr'><strong>quo</strong></span> <span class='ocrx_word' id='word_1_203' title='bbox 1252 3771 1352 3840; x_wconf 91' lang='lat' dir='ltr'><strong>tenet</strong></span> <span class='ocrx_word' id='word_1_204' title='bbox 1369 3783 1409 3838; x_wconf 86' lang='lat' dir='ltr'><strong>se</strong></span> <span class='ocrx_word' id='word_1_205' title='bbox 1425 3762 1573 3856; x_wconf 88' lang='lat' dir='ltr'><strong>quando</strong></span> 
     </span>
     <span class='ocr_line' id='line_1_25' title="bbox 407 3881 1574 3977; baseline 0 -21"><span class='ocrx_word' id='word_1_206' title='bbox 407 3884 520 3958; x_wconf 82' lang='lat' dir='ltr'><strong>lraerat</strong></span> <span class='ocrx_word' id='word_1_207' title='bbox 541 3881 757 3977; x_wconf 80' lang='lat' dir='ltr'><strong>parietibus3</strong></span> <span class='ocrx_word' id='word_1_208' title='bbox 775 3881 932 3956; x_wconf 88' lang='lat' dir='ltr'><strong>caudam</strong></span> <span class='ocrx_word' id='word_1_209' title='bbox 952 3883 1061 3958; x_wconf 85' lang='lat' dir='ltr'><strong>habet</strong></span> <span class='ocrx_word' id='word_1_210' title='bbox 1074 3883 1180 3958; x_wconf 89' lang='lat' dir='ltr'><strong>valde</strong></span> <span class='ocrx_word' id='word_1_211' title='bbox 1197 3883 1306 3958; x_wconf 88' lang='lat' dir='ltr'><strong>latam</strong></span> <span class='ocrx_word' id='word_1_212' title='bbox 1327 3889 1365 3958; x_wconf 92' lang='lat' dir='ltr'><strong>et</strong></span> <span class='ocrx_word' id='word_1_213' title='bbox 1385 3882 1574 3958; x_wconf 86' lang='lat' dir='ltr'><strong>membre-</strong></span> 
     </span>
     <span class='ocr_line' id='line_1_26' title="bbox 404 3999 1572 4097; baseline 0.002 -23"><span class='ocrx_word' id='word_1_214' title='bbox 404 4001 538 4095; x_wconf 89' lang='lat' dir='ltr'><strong>nalem‚</strong></span> <span class='ocrx_word' id='word_1_215' title='bbox 573 4007 609 4075; x_wconf 91' lang='lat' dir='ltr'><strong>et</strong></span> <span class='ocrx_word' id='word_1_216' title='bbox 643 4000 680 4074; x_wconf 92' lang='lat' dir='ltr'><strong>in</strong></span> <span class='ocrx_word' id='word_1_217' title='bbox 716 4000 834 4076; x_wconf 87' lang='lat' dir='ltr'><strong>cauda</strong></span> <span class='ocrx_word' id='word_1_218' title='bbox 874 4008 929 4076; x_wconf 85' lang='lat' dir='ltr'><strong>est</strong></span> <span class='ocrx_word' id='word_1_219' title='bbox 963 3999 1082 4097; x_wconf 82' lang='lat' dir='ltr'><strong>figura</strong></span> <span class='ocrx_word' id='word_1_220' title='bbox 1116 4000 1276 4076; x_wconf 86' lang='lat' dir='ltr'><strong>duorum</strong></span> <span class='ocrx_word' id='word_1_221' title='bbox 1312 4000 1446 4095; x_wconf 92' lang='lat' dir='ltr'><strong>pedum</strong></span> <span class='ocrx_word' id='word_1_222' title='bbox 1485 4021 1572 4076; x_wconf 90' lang='lat' dir='ltr'><strong>cum</strong></span> 
     </span>
     <span class='ocr_line' id='line_1_27' title="bbox 404 4119 1574 4218; baseline 0.002 -22"><span class='ocrx_word' id='word_1_223' title='bbox 404 4121 567 4215; x_wconf 87' lang='lat' dir='ltr'><strong>quinque</strong></span> <span class='ocrx_word' id='word_1_224' title='bbox 592 4120 722 4216; x_wconf 85' lang='lat' dir='ltr'><strong>digitis,</strong></span> <span class='ocrx_word' id='word_1_225' title='bbox 749 4127 787 4196; x_wconf 89' lang='lat' dir='ltr'><strong>et</strong></span> <span class='ocrx_word' id='word_1_226' title='bbox 810 4121 927 4196; x_wconf 90' lang='lat' dir='ltr'><strong>acutis</strong></span> <span class='ocrx_word' id='word_1_227' title='bbox 958 4119 1154 4218; x_wconf 85' lang='lat' dir='ltr'><strong>unguibus,</strong></span> <span class='ocrx_word' id='word_1_228' title='bbox 1181 4121 1314 4214; x_wconf 89' lang='lat' dir='ltr'><strong>quibus</strong></span> <span class='ocrx_word' id='word_1_229' title='bbox 1343 4120 1508 4196; x_wconf 85' lang='lat' dir='ltr'><strong>similiter</strong></span> <span class='ocrx_word' id='word_1_230' title='bbox 1533 4141 1574 4198; x_wconf 91' lang='lat' dir='ltr'><strong>se</strong></span> 
     </span>
     <span class='ocr_line' id='line_1_28' title="bbox 405 4239 1572 4336; baseline -0.002 -18"><span class='ocrx_word' id='word_1_231' title='bbox 405 4247 514 4336; x_wconf 86' lang='lat' dir='ltr'><strong>tenet,</strong></span> <span class='ocrx_word' id='word_1_232' title='bbox 540 4239 688 4334; x_wconf 87' lang='lat' dir='ltr'><strong>quando</strong></span> <span class='ocrx_word' id='word_1_233' title='bbox 714 4242 828 4316; x_wconf 83' lang='lat' dir='ltr'><strong>haeret</strong></span> <span class='ocrx_word' id='word_1_234' title='bbox 854 4241 989 4334; x_wconf 90' lang='lat' dir='ltr'><strong>muris;</strong></span> <span class='ocrx_word' id='word_1_235' title='bbox 1009 4261 1083 4315; x_wconf 93' lang='lat' dir='ltr'><strong>nou</strong></span> <span class='ocrx_word' id='word_1_236' title='bbox 1108 4241 1207 4318; x_wconf 86' lang='lat' dir='ltr'><strong>euim</strong></span> <span class='ocrx_word' id='word_1_237' title='bbox 1228 4241 1337 4318; x_wconf 86' lang='lat' dir='ltr'><strong>habet</strong></span> <span class='ocrx_word' id='word_1_238' title='bbox 1354 4247 1492 4316; x_wconf 87' lang='lat' dir='ltr'><strong>statum</strong></span> <span class='ocrx_word' id='word_1_239' title='bbox 1514 4243 1572 4318; x_wconf 89' lang='lat' dir='ltr'><strong>vel</strong></span> 
     </span>
     <span class='ocr_line' id='line_1_29' title="bbox 404 4359 1573 4455; baseline -0.002 -19"><span class='ocrx_word' id='word_1_240' title='bbox 404 4360 600 4436; x_wconf 85' lang='lat' dir='ltr'><strong>sessionem</strong></span> <span class='ocrx_word' id='word_1_241' title='bbox 636 4360 729 4436; x_wconf 90' lang='lat' dir='ltr'><strong>sicut</strong></span> <span class='ocrx_word' id='word_1_242' title='bbox 763 4360 833 4436; x_wconf 85' lang='lat' dir='ltr'><strong>alia</strong></span> <span class='ocrx_word' id='word_1_243' title='bbox 866 4361 1051 4454; x_wconf 87' lang='lat' dir='ltr'><strong>animalia,</strong></span> <span class='ocrx_word' id='word_1_244' title='bbox 1084 4361 1147 4436; x_wconf 88' lang='lat' dir='ltr'><strong>sed</strong></span> <span class='ocrx_word' id='word_1_245' title='bbox 1179 4359 1326 4454; x_wconf 84' lang='lat' dir='ltr'><strong>quaudo</strong></span> <span class='ocrx_word' id='word_1_246' title='bbox 1357 4380 1432 4435; x_wconf 95' lang='lat' dir='ltr'><strong>non</strong></span> <span class='ocrx_word' id='word_1_247' title='bbox 1463 4363 1573 4455; x_wconf 90' lang='lat' dir='ltr'><strong>volat,</strong></span> 
     </span>
     <span class='ocr_line' id='line_1_30' title="bbox 403 4469 1572 4578; baseline 0 -22"><span class='ocrx_word' id='word_1_248' title='bbox 403 4487 469 4557; x_wconf 84' lang='lat' dir='ltr'><strong>eut</strong></span> <span class='ocrx_word' id='word_1_249' title='bbox 493 4480 707 4576; x_wconf 85' lang='lat' dir='ltr'><strong>supenditur</strong></span> <span class='ocrx_word' id='word_1_250' title='bbox 732 4480 931 4576; x_wconf 85' lang='lat' dir='ltr'><strong>parietibus</strong></span> <span class='ocrx_word' id='word_1_251' title='bbox 956 4481 992 4555; x_wconf 96' lang='lat' dir='ltr'><strong>iu</strong></span> <span class='ocrx_word' id='word_1_252' title='bbox 1007 4469 1044 4573; x_wconf 70' lang='lat'><strong>(⁴)</strong></span> <span class='ocrx_word' id='word_1_253' title='bbox 1064 4481 1166 4556; x_wconf 76' lang='lat' dir='ltr'><strong>umis</strong></span> <span class='ocrx_word' id='word_1_254' title='bbox 1185 4480 1378 4576; x_wconf 89' lang='lat' dir='ltr'><strong>umbrosis,</strong></span> <span class='ocrx_word' id='word_1_255' title='bbox 1395 4488 1461 4558; x_wconf 83' lang='lat' dir='ltr'><strong>aut</strong></span> <span class='ocrx_word' id='word_1_256' title='bbox 1471 4483 1572 4578; x_wconf 84' lang='lat' dir='ltr'><strong>jacet</strong></span> 
     </span>
     <span class='ocr_line' id='line_1_31' title="bbox 404 4591 1573 4696; baseline 0.002 -20"><span class='ocrx_word' id='word_1_257' title='bbox 404 4601 440 4676; x_wconf 93' lang='lat' dir='ltr'><strong>in</strong></span> <span class='ocrx_word' id='word_1_258' title='bbox 465 4599 656 4677; x_wconf 82' lang='lat' dir='ltr'><strong>cavernis:</strong></span> <span class='ocrx_word' id='word_1_259' title='bbox 683 4599 786 4674; x_wconf 88' lang='lat' dir='ltr'><strong>cibus</strong></span> <span class='ocrx_word' id='word_1_260' title='bbox 811 4599 889 4676; x_wconf 89' lang='lat' dir='ltr'><strong>eius</strong></span> <span class='ocrx_word' id='word_1_261' title='bbox 915 4607 971 4676; x_wconf 87' lang='lat' dir='ltr'><strong>est</strong></span> <span class='ocrx_word' id='word_1_262' title='bbox 996 4621 1145 4694; x_wconf 73' lang='lat' dir='ltr'><strong>musea,</strong></span> <span class='ocrx_word' id='word_1_263' title='bbox 1170 4600 1306 4676; x_wconf 81' lang='lat' dir='ltr'><strong>culices</strong></span> <span class='ocrx_word' id='word_1_264' title='bbox 1321 4591 1371 4696; x_wconf 78' lang='lat'><strong>(⁵),</strong></span> <span class='ocrx_word' id='word_1_265' title='bbox 1406 4608 1443 4678; x_wconf 87' lang='lat' dir='ltr'><strong>al</strong></span> <span class='ocrx_word' id='word_1_266' title='bbox 1475 4603 1573 4678; x_wconf 85' lang='lat' dir='ltr'><strong>lruuc</strong></span> 
     </span>
     <span class='ocr_line' id='line_1_32' title="bbox 403 4719 1574 4816; baseline 0 -19"><span class='ocrx_word' id='word_1_267' title='bbox 403 4720 536 4814; x_wconf 80' lang='lat' dir='ltr'><strong>quaerit</strong></span> <span class='ocrx_word' id='word_1_268' title='bbox 561 4720 687 4794; x_wconf 87' lang='lat' dir='ltr'><strong>volans</strong></span> <span class='ocrx_word' id='word_1_269' title='bbox 711 4719 757 4795; x_wconf 89' lang='lat' dir='ltr'><strong>de</strong></span> <span class='ocrx_word' id='word_1_270' title='bbox 783 4726 898 4796; x_wconf 88' lang='lat' dir='ltr'><strong>nocte.</strong></span> <span class='ocrx_word' id='word_1_271' title='bbox 926 4722 970 4794; x_wconf 88' lang='lat' dir='ltr'><strong>Et</strong></span> <span class='ocrx_word' id='word_1_272' title='bbox 996 4721 1047 4796; x_wconf 89' lang='lat' dir='ltr'><strong>sic</strong></span> <span class='ocrx_word' id='word_1_273' title='bbox 1072 4727 1159 4798; x_wconf 90' lang='lat' dir='ltr'><strong>nota</strong></span> <span class='ocrx_word' id='word_1_274' title='bbox 1192 4729 1369 4816; x_wconf 70' lang='lat' dir='ltr'><strong>quonum</strong></span> <span class='ocrx_word' id='word_1_275' title='bbox 1404 4721 1574 4798; x_wconf 90' lang='lat' dir='ltr'><strong>similitu·</strong></span> 
     </span>
     <span class='ocr_line' id='line_1_33' title="bbox 402 4839 1571 4936; baseline 0.002 -20"><span class='ocrx_word' id='word_1_276' title='bbox 402 4840 523 4916; x_wconf 91' lang='lat' dir='ltr'><strong>dinem</strong></span> <span class='ocrx_word' id='word_1_277' title='bbox 542 4840 652 4914; x_wconf 86' lang='lat' dir='ltr'><strong>habet</strong></span> <span class='ocrx_word' id='word_1_278' title='bbox 668 4839 735 4914; x_wconf 90' lang='lat' dir='ltr'><strong>iste</strong></span> <span class='ocrx_word' id='word_1_279' title='bbox 752 4840 863 4916; x_wconf 88' lang='lat' dir='ltr'><strong>miser</strong></span> <span class='ocrx_word' id='word_1_280' title='bbox 880 4862 966 4915; x_wconf 89' lang='lat' dir='ltr'><strong>cum</strong></span> <span class='ocrx_word' id='word_1_281' title='bbox 985 4841 1240 4934; x_wconf 85' lang='lat' dir='ltr'><strong>vespertilione</strong></span> <span class='ocrx_word' id='word_1_282' title='bbox 1261 4863 1332 4918; x_wconf 86' lang='lat' dir='ltr'><strong>ave</strong></span> <span class='ocrx_word' id='word_1_283' title='bbox 1350 4842 1571 4936; x_wconf 87' lang='lat' dir='ltr'><strong>miserrima,</strong></span> 
     </span>
    </p>
   </div>
   <div class='ocr_carea' id='block_1_3' title="bbox 464 5026 1556 5166">
    <p class='ocr_par' dir='ltr' id='par_1_3' title="bbox 464 5026 1556 5166">
     <span class='ocr_line' id='line_1_34' title="bbox 465 5026 1556 5092; baseline 0 -14"><span class='ocrx_word' id='word_1_284' title='bbox 465 5027 492 5090; x_wconf 84' lang='lat'><strong>(¹)</strong></span> <span class='ocrx_word' id='word_1_285' title='bbox 509 5028 539 5077; x_wconf 82' lang='lat' dir='ltr'><strong>B.</strong></span> <span class='ocrx_word' id='word_1_286' title='bbox 554 5029 598 5092; x_wconf 80' lang='lat' dir='ltr'><strong>qul</strong></span> <span class='ocrx_word' id='word_1_287' title='bbox 614 5028 700 5078; x_wconf 78' lang='lat' dir='ltr'><strong>nubet.</strong></span> <span class='ocrx_word' id='word_1_288' title='bbox 885 5026 913 5091; x_wconf 63' lang='grc' dir='ltr'><strong>ξ’)</strong></span> <span class='ocrx_word' id='word_1_289' title='bbox 929 5029 959 5078; x_wconf 83' lang='grc' dir='ltr'><strong>Ε.</strong></span> <span class='ocrx_word' id='word_1_290' title='bbox 974 5027 1138 5090; x_wconf 63' lang='lat' dir='ltr'><strong>demetunt.</strong></span> <span class='ocrx_word' id='word_1_291' title='bbox 1310 5027 1337 5088; x_wconf 83' lang='lat'><strong>(⁸)</strong></span> <span class='ocrx_word' id='word_1_292' title='bbox 1354 5028 1385 5078; x_wconf 76' lang='grc' dir='ltr'><strong>Ε.</strong></span> <span class='ocrx_word' id='word_1_293' title='bbox 1401 5032 1476 5078; x_wconf 75' lang='lat' dir='ltr'><strong>alsus</strong></span> <span class='ocrx_word' id='word_1_294' title='bbox 1493 5028 1556 5078; x_wconf 77' lang='lat' dir='ltr'><strong>alna.</strong></span> 
     </span>
     <span class='ocr_line' id='line_1_35' title="bbox 464 5101 1546 5166; baseline 0.001 -13"><span class='ocrx_word' id='word_1_295' title='bbox 464 5103 491 5166; x_wconf 79' lang='lat'><strong>(⁸)</strong></span> <span class='ocrx_word' id='word_1_296' title='bbox 508 5104 539 5154; x_wconf 83' lang='lat' dir='ltr'><strong>E.</strong></span> <span class='ocrx_word' id='word_1_297' title='bbox 554 5108 581 5154; x_wconf 82' lang='lat' dir='ltr'><strong>et</strong></span> <span class='ocrx_word' id='word_1_298' title='bbox 597 5105 677 5156; x_wconf 76' lang='lat' dir='ltr'><strong>rimu.</strong></span> <span class='ocrx_word' id='word_1_299' title='bbox 687 5131 715 5142; x_wconf 88' lang='lat'><em>-</em></span> <span class='ocrx_word' id='word_1_300' title='bbox 726 5108 780 5165; x_wconf 75' lang='lat' dir='ltr'><strong>lle,</strong></span> <span class='ocrx_word' id='word_1_301' title='bbox 797 5103 824 5154; x_wconf 87' lang='lat' dir='ltr'><strong>lu</strong></span> <span class='ocrx_word' id='word_1_302' title='bbox 840 5103 924 5154; x_wconf 84' lang='lat' dir='ltr'><strong>rululs&#39;</strong></span> <span class='ocrx_word' id='word_1_303' title='bbox 938 5103 980 5155; x_wconf 84' lang='lat' dir='ltr'><strong>vel</strong></span> <span class='ocrx_word' id='word_1_304' title='bbox 995 5105 1079 5156; x_wconf 76' lang='lat' dir='ltr'><strong>marla</strong></span> <span class='ocrx_word' id='word_1_305' title='bbox 1094 5102 1231 5158; x_wconf 68' lang='lat' dir='ltr'><strong>unrado.</strong></span> <span class='ocrx_word' id='word_1_306' title='bbox 1309 5101 1338 5166; x_wconf 83' lang='lat'><strong>(⁸)</strong></span> <span class='ocrx_word' id='word_1_307' title='bbox 1353 5103 1384 5154; x_wconf 85' lang='lat' dir='ltr'><strong>ll.</strong></span> <span class='ocrx_word' id='word_1_308' title='bbox 1399 5107 1428 5155; x_wconf 79' lang='lat' dir='ltr'><strong>at</strong></span> <span class='ocrx_word' id='word_1_309' title='bbox 1442 5103 1546 5157; x_wconf 70' lang='lat' dir='ltr'><strong>mucan</strong></span> 
     </span>
    </p>
   </div>
   <div class='ocr_carea' id='block_1_4' title="bbox 0 0 2288 6838">
    <p class='ocr_par' dir='ltr' id='par_1_4' title="bbox 0 0 2288 6838">
     <span class='ocr_line' id='line_1_36' title="bbox 0 0 2288 6838; baseline 0 0"><span class='ocrx_word' id='word_1_310' title='bbox 0 0 2288 6838; x_wconf 95' lang='lat' dir='ltr'><strong> </strong></span> 
     </span>
    </p>
   </div>
  </div>
 </body>
</html>
