4534 6842
669 917 685 943 Q
715 864 854 924 CANTUS
878 867 1071 938 monemus
1095 867 1238 922 PRIMUS·
1491 859 1559 926 117

391 1011 529 1086 buisset
557 1012 688 1088 saitem
717 1017 913 1107 expectare
942 1012 1042 1108 quod
1073 1010 1260 1086 modicum
1292 1011 1481 1088 recederet
1512 1011 1565 1098 ab*

391 1151 448 1227 eo,
474 1151 522 1226 ne
546 1130 735 1206 videretur
758 1132 939 1228 particeps
963 1133 1167 1207 baratariae.

464 1253 531 1324 Poi
553 1253 653 1326 dure.
680 1253 751 1325 Ista
776 1258 832 1328 est
856 1258 990 1345 quarta
1010 1273 1095 1346 pars
1120 1251 1301 1348 generalis
1326 1250 1437 1325 huius
1461 1248 1562 1344 capi-

391 1371 468 1466 tuli,
494 1372 533 1446 in
558 1391 632 1466 qua
656 1377 765 1446 autor
797 1372 953 1448 ostendit
986 1372 1172 1467 quomodo
1203 1371 1373 1446 dominus
1405 1371 1559 1446 istorum

390 1490 657 1564 demoniorum
691 1490 890 1566 ostenderit
921 1490 974 1566 eis
1011 1491 1109 1567 viam
1145 1497 1181 1566 et
1214 1491 1356 1568 dederit
1389 1497 1560 1583 scortam,

391 1631 474 1705 quae
500 1610 656 1686 sociaret
686 1630 751 1685 eos
780 1617 885 1686 extra
918 1611 1094 1686 terminos
1115 1611 1227 1708 ¹requi
1258 1612 1326 1686 sui.
1352 1611 1444 1686 Dicit
1468 1629 1572 1706 ergo

390 1731 526 1826 primo:
552 1734 619 1804 Poi
641 1733 734 1806 dese
756 1753 782 1804 o
806 1733 876 1805 noi.
900 1731 994 1808 idest
1010 1732 1070 1808 ilie
1087 1732 1270 1808 Malacoda
1289 1737 1485 1826 postquam
1502 1749 1561 1806 se-

390 1851 542 1926 daverat
565 1851 732 1926 furorem
757 1852 942 1926 sociorum
968 1852 1057 1927 dixit
1082 1852 1209 1926 nobis:
1235 1873 1309 1926 non
1336 1856 1368 1926 si
1391 1843 1501 1944 potrd
1525 1856 1561 1928 ir

385 1991 455 2064 par
479 1977 595 2062 questo
618 1975 763 2064 scoptio,
788 1971 880 2047 idest
905 1992 971 2066 per
995 1978 1155 2066 pontem,
1168 1967 1232 2064 pat
1249 1974 1350 2064 oltre,
1370 1972 1505 2048 scilicet
1522 1972 1560 2046 in

390 2096 537 2164 sextum
554 2096 713 2185 pontem,
734 2091 839 2186 quasi
858 2091 970 2167 dicat:
989 2091 1049 2166 ria
1066 2098 1167 2167 recta
1184 2100 1240 2168 est
1260 2091 1319 2166 hio
1344 2091 1559 2186 interrupta,

391 2229 460 2286 nec
496 2211 645 2304 potestis
678 2211 890 2290 continuate
925 2211 1081 2288 transire
1116 2212 1162 2288 de
1195 2217 1306 2306 ponte
1339 2211 1375 2286 in
1410 2217 1560 2306 pontem

391 2329 485 2405 sicut
506 2329 627 2406 soletis
647 2332 726 2426 jam
751 2351 817 2426 per
836 2331 1000 2428 quinque
1016 2339 1161 2427 pontes3
1180 2339 1217 2408 et
1236 2352 1322 2408 eoce
1339 2352 1457 2427 quare
1475 2353 1560 2428 non,

389 2445 478 2544 perd
502 2455 562 2526 cte
586 2455 709 2526 turco
731 2459 835 2544 sesto,
861 2453 953 2530 idest
977 2474 1080 2549 pons,
1104 2456 1203 2545 piace
1227 2460 1310 2528 totto
1334 2459 1499 2546 spezzoto
1525 2455 1564 2526 at

390 2575 515 2666 londo,
541 2573 628 2666 quia
651 2573 787 2648 scilicet
811 2573 953 2650 corruit
976 2579 1142 2668 tempore
1166 2573 1341 2670 passionis
1365 2573 1495 2648 Christi
1511 2565 1560 2667 (⁴),

392 2699 434 2766 ut
466 2692 588 2766 statim
620 2691 771 2767 dicetur.
804 2693 849 2767 Et
879 2693 965 2768 dicit
997 2693 1192 2789 Matacoda,
1209 2694 1322 2788 ¹quod
1353 2693 1383 2768 si
1416 2699 1560 2768 tantum

392 2810 688 2888 deliberaverunt
717 2813 918 2906 procedere
940 2813 1115 2908 ,ulterius
1144 2819 1317 2909 poterunt
1338 2804 1374 2905 (²)
1409 2813 1467 2888 ire
1484 2832 1566 2907 ‚per

393 2931 592 3026 quamdam
613 2931 727 3006 aliam
752 2932 850 3008 viam
877 2933 1172 3027 transversatur,
1198 2933 1296 3008 undo
1320 2933 1423 3008 dicit:
1449 2953 1468 3006 e
1493 2953 1561 3006 aa·

390 3055 554 3126 dotem
587 3071 628 3126 ru
656 3075 725 3145 por
758 3060 879 3144 questo
912 3060 1045 3145 poca,
1078 3053 1170 3129 idest
1202 3073 1268 3148 per
1299 3053 1415 3130 istam¹
1443 3053 1560 3148 ripam

392 3179 546 3266 sextam,
565 3191 649 3266 quar
665 3172 702 3247 in
722 3172 878 3248 circuitu
900 3172 1035 3248 claudit
1060 3172 1167 3248 istam
1192 3172 1354 3268 bulgiam
1380 3172 1559 3268 quintam,

394 3313 431 3366 re
455 3295 610 3366 tendor
629 3287 692 3385 piri
717 3295 804 3368 ottre
825 3313 897 3384 pur
921 3295 956 3366 oi
974 3295 1087 3385 proca
1114 3294 1191 3368 Hoc
1215 3292 1300 3368 dicit
1324 3293 1412 3387 quia
1444 3292 1560 3388 Virgi-

393 3413 463 3488 lius
487 3412 631 3488 dixerat
655 3413 754 3506 quod
779 3413 937 3490 habehat
958 3413 1152 3488 ostendere
1167 3413 1272 3488 alteri
1289 3412 1384 3490 istud
1402 3413 1470 3488 iter
1486 3413 1566 3509 syl-.

394 3539 526 3626 vestre,
547 3539 585 3608 et
609 3533 708 3626 quod
733 3532 847 3609 libere
863 3539 1017 3609 venerat
1033 3553 1099 3628 per
1124 3539 1245 3608 totum
1267 3532 1450 3608 internum
1469 3533 1568 3622 huc<

381 3671 533 3746 ‚usque;
570 3652 653 3728 ideo
686 3652 871 3728 Maiacoda
901 3652 1101 3728 estimabat
1118 3643 1155 3745 (³)
1188 3651 1431 3729 verisimiliter
1462 3650 1562 3746 quod

393 3773 529 3848 vellem
545 3791 774 3867 percurrere
799 3777 919 3849 totum
944 3771 1140 3866 infernum,
1161 3772 1243 3848 ideo
1268 3771 1369 3846 dicit:
1394 3791 1443 3846 on
1468 3773 1561 3844 altro

392 3895 537 3984 scoqtio,
561 3892 664 3984 idest,
690 3913 792 3986 pons,
818 3888 855 3966 e'c
873 3913 1000 3986 presso
1019 3895 1079 3966 cde
1098 3895 1157 3966 oto
1171 3896 1260 3986 soce.
1279 3893 1323 3967 Et
1340 3891 1398 3966 hic
1413 3889 1561 3966 attende

394 4012 489 4086 bene
513 4010 613 4105 quod
637 4011 822 4087 Malacoda
847 4012 966 4108 primo
997 4011 1083 4088 dicit
1111 4031 1255 4104 vemm,
1280 4009 1411 4086 deinde
1438 4009 1560 4084 statim
1584 4048 1610 4136 r)

393 4130 621 4206 subannectit
647 4151 765 4205 unum
791 4131 936 4226 falsum,
962 4137 1004 4206 ut
1035 4130 1086 4206 sic
1111 4130 1251 4206 facilius
1276 4129 1361 4204 istos
1385 4127 1561 4224 improvi-
1614 4183 1620 4202 .

392 4250 458 4326 dos
487 4250 645 4346 implicet
676 4251 714 4324 in
748 4270 934 4346 errorem3
964 4273 1052 4328 nam
1080 4252 1175 4327 hene
1199 4257 1279 4326 erat
1303 4268 1436 4325 verum
1461 4247 1561 4342 quod

393 4391 505 4446 arcus
533 4377 646 4446 sextu
678 4371 823 4468 buigiae,
849 4372 886 4446 in
918 4393 993 4466 qua
1022 4372 1227 4469 puniuntur
1257 4369 1456 4467 hypocritae
1481 4375 1562 4444 erat

393 4489 532 4564 fractus
565 4490 613 4566 ad
643 4497 807 4585 terram;
838 4491 902 4566 sed
933 4513 1007 4566 non
1041 4498 1121 4567 erat
1152 4511 1286 4567 verum
1318 4489 1419 4583 quod
1449 4508 1570 4585 prope,

395 4615 491 4686 esset
513 4610 607 4684 alius
631 4631 722 4706 pons
747 4611 812 4705 qui
836 4611 934 4687 viam
958 4611 1107 4706 iaceret,
1125 4610 1219 4686 sicut
1234 4609 1371 4685 videbis
1391 4609 1485 4684 inira
1501 4628 1563 4684 ca-

397 4729 512 4824 pitulo
536 4729 667 4824 xxlu3
684 4737 723 4806 et
738 4731 789 4806 sic
809 4730 866 4806 isti
883 4751 949 4826 per
971 4731 1202 4806 mendacium
1222 4728 1416 4804 Maiacodae
1440 4747 1562 4803 reces-

347 4913 352 4922 '
456 4913 484 4978 ι’)
500 4915 531 4965 n
547 4915 671 4979 mono
686 4917 870 4980 pauonum
886 4915 1067 4980 aucupum
1083 4915 1165 4966 nem
1181 4913 1283 4964 nomm
1298 4912 1360 4963 rm
1375 4911 1478 4963 cunm.

457 4990 486 5054 (²)
502 4995 555 5054 rto,
572 4997 700 5056 poterant.
1065 4991 1092 5055 ι’)
1107 4991 1139 5043 li.
1155 4989 1316 5042 exodum
1330 4987 1477 5042 verisimile
