4606 6840
719 959 790 1030 236
1114 973 1318 1030 comarum
1341 973 1493 1030 nurnnrn

716 1120 764 1195 cit
788 1121 995 1196 auditorem
1021 1125 1202 1195 attentum
1228 1119 1334 1194 valde
1359 1119 1571 1212 artificiose;
1599 1118 1697 1193 unde
1721 1125 1890 1213 apostro-

716 1245 803 1338 pbat
826 1243 874 1317 ad
899 1244 1088 1336 lectorem,
1113 1241 1259 1316 dicens:
1287 1262 1310 1314 o
1335 1245 1448 1332 ledor,
1471 1263 1542 1314 unu
1565 1230 1648 1314 sert
1666 1242 1888 1332 medentia,

716 1387 754 1437 se
778 1372 813 1438 tu
837 1367 884 1436 se'
897 1385 941 1436 or
966 1367 1055 1436 lento
1080 1384 1104 1435 a
1129 1365 1253 1436 oredcr
1277 1355 1331 1434 oid
1355 1365 1453 1435 cd'io
1477 1353 1573 1451 dtrd,
1592 1359 1639 1435 de
1664 1366 1890 1435 transmuta-

718 1485 817 1560 tione
842 1484 952 1558 unius
977 1483 1144 1577 bominis,
1171 1482 1256 1576 quia
1288 1503 1361 1556 uon
1393 1481 1537 1555 videtur
1571 1481 1666 1556 bene
1704 1481 1888 1575 credibile,

720 1605 819 1699 quod
857 1625 902 1679 ex
938 1605 1083 1680 duobus
1117 1603 1337 1678 animalibus
1369 1608 1443 1676 tam
1477 1600 1597 1693 variis,
1630 1600 1705 1676 imo
1742 1608 1890 1676 contra·

721 1725 782 1800 riis
806 1731 844 1798 et
873 1724 1089 1798 naturaliter
1119 1723 1283 1816 inimicis,
1311 1723 1446 1797 scilicet
1470 1727 1640 1815 serpente
1665 1725 1702 1794 et
1729 1721 1887 1814 bomine,

720 1845 783 1920 fiat
809 1866 925 1918 unum
948 1865 1080 1939 cerpus
1101 1844 1150 1918 ita
1171 1843 1340 1936 mixtum,
1361 1842 1460 1935 qued
1478 1862 1593 1915 unum
1614 1862 1687 1917 non
1703 1841 1889 1918 discerna-

721 1973 783 2040 tur
808 1967 855 2040 ab
880 1966 968 2059 alio;
994 1972 1033 2040 et
1057 1985 1146 2038 vere
1178 1984 1249 2038 non
1284 1962 1446 2037 mirabor
1476 1963 1505 2035 si
1531 1964 1629 2038 lente
1653 1963 1781 2038 credas
1807 1983 1887 2037 rem

720 2086 937 2179 mirabilem,
964 2079 1025 2160 cdd
1046 2088 1095 2174 io,
1121 2086 1217 2157 obe'l
1241 2085 1323 2173 ordi,
1349 2103 1487 2175 oppone
1512 2083 1892 2158 natumnatum

720 2209 789 2282 boc
818 2207 911 2299 vide,
944 2207 1071 2299 lector,
1105 2204 1203 2297 quod
1238 2210 1347 2277 autor
1380 2203 1520 2278 extollit
1551 2225 1658 2278 suam
1694 2203 1888 2279 fictionem.

719 2327 921 2420 Aliquando
956 2326 1053 2400 enirn
1083 2323 1257 2420 contingit
1292 2323 1429 2396 bomini
1460 2324 1584 2419 magni
1618 2323 1764 2419 ingenii,
1790 2324 1889 2417 quod

719 2448 877 2523 miratur
901 2445 947 2520 de
960 2440 996 2538 (¹)
1025 2467 1064 2520 se
1089 2446 1166 2540 ipso
1183 2445 1314 2518 desua
1335 2443 1457 2537 aliqua
1476 2444 1684 2518 inventione
1699 2437 1736 2535 (²)
1753 2445 1888 2539 subtili,

719 2573 756 2642 et
781 2567 867 2640 dicit
891 2566 957 2640 sibi
983 2566 1065 2660 ipsi:
1083 2565 1138 2639 lu
1164 2565 1272 2656 Deus,
1300 2562 1386 2657 quid
1405 2563 1532 2638 iecisti!
1558 2571 1659 2638 certe
1682 2583 1885 2657 numquam

720 2687 852 2760 scirem
883 2685 1006 2761 iecere
1034 2686 1190 2760 similem
1221 2684 1420 2777 fictionem,
1447 2694 1484 2760 et
1512 2703 1579 2778 per
1608 2685 1677 2758 boc
1706 2704 1780 2758 non
1810 2685 1889 2761 vult

721 2805 820 2879 aliud
844 2805 967 2880 dicere
982 2796 1018 2896 (³)
1046 2805 1124 2898 nisi,
1151 2825 1241 2901 ergo
1264 2811 1336 2878 stes
1365 2805 1461 2880 bene
1484 2811 1656 2880 attentus.
1669 2845 1719 2860 -
1734 2808 1886 2878 Gom'io.

721 2925 786 3000 Hic
815 2931 924 2999 autor
953 2924 1123 3000 describit
1152 2925 1510 3000 transformationem
1541 2926 1665 2998 iurum
1700 2926 1802 3000 istius
1832 2945 1890 3000 se-

721 3046 851 3121 cundae
866 3045 1018 3139 speciei.
1036 3044 1090 3118 Ad
1115 3043 1221 3118 cuius
1246 3045 1519 3140 intelligentiam
1542 3045 1653 3120 debes
1678 3046 1797 3142 primo
1822 3066 1891 3121 no·

721 3175 812 3261 tare,
838 3165 937 3260 quod
960 3165 1073 3261 aliqui
1090 3171 1175 3239 sunt
1192 3165 1293 3240 iures
1310 3166 1498 3260 habituali,
1516 3167 1579 3259 qui
1600 3187 1806 3262 numquam
1829 3187 1891 3242 re-

719 3287 855 3362 cedunt
879 3306 902 3359 a
931 3286 994 3360 tali
1018 3285 1160 3380 babitu,
1191 3305 1276 3362 uam
1308 3305 1453 3380 semper
1484 3287 1707 3362 meditantur
1735 3287 1891 3382 lurtum,

720 3407 831 3482 etita
861 3412 1062 3501 operantur
1087 3425 1244 3500 semper,
1270 3406 1418 3499 quando
1448 3413 1486 3481 et
1515 3412 1696 3500 quantum
1726 3413 1889 3502 possunt,

720 3529 770 3602 ita
795 3527 894 3622 quod
919 3526 948 3598 si
973 3515 1144 3617 deficitl⁴l
1175 3526 1341 3621 incultas,
1368 3548 1573 3622 numquam
1603 3535 1728 3604 tanmn
1758 3531 1891 3604 volun-

722 3655 800 3741 tas3
830 3655 867 3721 et
901 3645 982 3720 ideo
1013 3652 1123 3720 autor
1151 3647 1255 3740 punit
1285 3648 1372 3722 istos
1406 3669 1492 3722 cum
1527 3651 1767 3745 serpentibus,
1803 3672 1890 3726 cum

721 3767 855 3862 quibus
881 3765 982 3862 lingit
1007 3785 1070 3840 eos
1096 3765 1321 3861 incorporari
1342 3775 1379 3842 et
1392 3767 1499 3862 uniri,
1518 3776 1556 3844 et
1579 3790 1603 3843 a
1627 3771 1691 3844 tali
1706 3773 1889 3867 oomposi-

722 3889 820 3964 tiene
846 3907 1051 3982 numquam
1077 3887 1262 3980 recedere,
1279 3887 1325 3962 ad
1356 3888 1605 3964 denotandum
1631 3891 1729 3984 quod
1755 3911 1888 3966 eorum

722 4009 928 4106 cogitamen
954 4009 1229 4083 iraudulentum
1263 4016 1301 4086 et
1330 4015 1547 4104 corruptum
1577 4011 1624 4086 ad
1648 4011 1802 4104 lurtum,
1835 4018 1893 4087 est

722 4151 867 4224 semper
892 4131 1107 4205 continuum
1133 4137 1170 4206 et
1194 4137 1415 4226 perpetuum
1437 4151 1554 4224 usque
1579 4131 1625 4206 ad
1651 4140 1823 4227 mortem,
1840 4133 1891 4209 ita

723 4252 821 4346 quod
846 4258 931 4326 sunt
955 4252 1248 4328 inemendabiles.
1275 4252 1367 4325 Dicit
1392 4271 1498 4347 ergo:
1521 4259 1554 4325 et
1571 4273 1619 4325 uo
1637 4261 1804 4348 serpente,
1822 4253 1891 4329 iste

723 4378 803 4446 erat
827 4370 962 4465 Gianla,
980 4371 1042 4464 qui
1068 4371 1184 4444 lactus
1204 4390 1353 4463 serpem
1373 4373 1564 4466 amplexus
1585 4380 1640 4446 est
1659 4374 1833 4470 angelum
1851 4377 1888 4447 et

723 4490 835 4566 traxit
850 4510 937 4565 eum
953 4489 990 4563 in
1011 4510 1118 4564 suam
1136 4495 1328 4584 naturam,
1346 4490 1429 4566 ideo
1447 4491 1552 4566 dicit:
1569 4495 1601 4566 si
1617 4497 1734 4567 bruta
1750 4515 1817 4566 eoo
1840 4496 1891 4565 sei

719 4607 779 4705 pie*
791 4613 937 4683 dmuuzt
952 4630 976 4681 n
992 4612 1108 4704 tuno,
1127 4609 1262 4685 scilicet
1287 4613 1419 4707 angelo
1436 4612 1621 4707 predicto,
1641 4635 1660 4686 e
1679 4619 1763 4688 tutto
1781 4617 1890 4706 s'op-

716 4733 830 4825 ptqliu
846 4752 871 4803 o
887 4733 948 4821 lui,
965 4729 1052 4824 quia
1072 4736 1148 4806 toto
1169 4751 1325 4827 corpore
1350 4732 1487 4827 aptarit
1502 4753 1542 4808 se
1564 4754 1650 4807 cum
1669 4735 1747 4830 illo;
1765 4735 1890 4810 etheo

722 4851 817 4946 lecit,
841 4853 975 4924 com’io
1001 4857 1098 4924 tenea
1127 4853 1236 4926 levate
1266 4855 1298 4924 le
1326 4854 1431 4944 cipliu
1461 4855 1499 4926 in
1529 4855 1599 4944 lor,
1635 4855 1739 4948 quasi
1769 4854 1888 4930 dicat:

785 5039 859 5103 (¹)1t
875 5041 902 5091 in
917 5053 944 5090 se
959 5039 1023 5104 ipso.
1248 5039 1277 5102 Γ)
1292 5039 1318 5091 S.
1335 4995 1438 5092 delicus
1448 4995 1627 5092 subtili—lb
1644 5039 1792 5092 inventione
1807 5039 1889 5092 fletili.

785 5117 812 5178 ι’)
828 5116 859 5168 ll.
875 5115 961 5168 dicere
975 5117 1003 5168 ln
1018 5129 1059 5168 res
1074 5129 1139 5183 erpo
1154 5121 1213 5170 stu.
1252 5117 1279 5182 (⁸)
1294 5117 1320 5169 S.
1337 5117 1438 5170 daddo
1454 5117 1571 5180 bonius,
1588 5131 1641 5170 non
1657 5121 1744 5170 tm
1761 5117 1889 5170 munla.
