4566 6844
715 951 786 1020 tub
1023 986 1026 1004 ·
1111 961 1317 1020 nemrim
1341 963 1494 1020 mmm

713 1104 893 1201 hemines,
917 1109 956 1180 et
979 1125 1071 1182 vere
1094 1105 1223 1181 inflixit
1247 1105 1314 1182 sibi
1335 1125 1490 1184 enorme
1508 1105 1644 1182 vulnus
1664 1125 1752 1182 cum
1774 1105 1887 1203 pede,

714 1246 801 1300 nam
831 1246 918 1300 cum
951 1225 1054 1300 nulio
1081 1225 1203 1322 gladie
1236 1233 1359 1322 posset
1388 1225 1468 1302 duri
1502 1224 1575 1302 ieie
1601 1225 1889 1322 vultinuensis

714 1347 848 1422 Dentes
872 1344 970 1420 dedit
994 1344 1051 1420 isti
1077 1363 1164 1420 cum
1185 1365 1316 1442 penne,
1337 1344 1388 1421 itu
1405 1345 1505 1442 quod
1529 1350 1709 1442 perpetuo
1731 1365 1891 1444 appere-

714 1465 767 1542 bit
790 1464 954 1559 cicatrix,
971 1465 1058 1560 quia
1075 1485 1282 1560 numquam
1308 1465 1442 1562 poterii
1458 1463 1600 1540 aboleri
1623 1464 1786 1562 infumiu,
1805 1486 1892 1564 quae

713 1585 861 1662 durabit
885 1605 1005 1681 usque
1030 1605 1106 1681 quc
1126 1585 1220 1662 liber
1239 1585 1307 1661 iste
1327 1585 1398 1661 erit
1419 1585 1458 1660 in
1479 1583 1664 1660 memoria
1683 1585 1889 1662 bominum.

713 1708 758 1781 Et
782 1707 853 1782 boc
877 1705 963 1781 iuit:
982 1713 1114 1780 metue
1129 1707 1180 1779 cb’
1193 1707 1397 1780 undecune
1421 1707 1460 1780 in
1484 1725 1546 1780 uer
1574 1707 1610 1780 io
1632 1723 1768 1796 naezzo,
1785 1705 1889 1800 idest,

714 1846 845 1901 versus
870 1831 1052 1919 centrum,
1075 1827 1114 1898 at
1136 1826 1347 1916 mulceant
1369 1843 1552 1916 praeessu
1577 1826 1610 1898 si
1637 1841 1770 1916 ruina,
1802 1825 1889 1921 quit

713 1943 837 2019 omniu
861 1944 990 2041 gravia
1016 1944 1170 2020 tendunt
1206 1943 1253 2018 ed
1291 1947 1483 2038 centrum,
1521 1949 1555 2016 ct
1586 1945 1622 2018 ic
1660 1949 1821 2018 uenum
1844 1965 1889 2020 ue

713 2065 867 2137 reterns
890 2085 1014 2157 rezne,
1039 2063 1142 2157 idest,
1168 2063 1206 2137 in
1234 2063 1305 2138 istu
1335 2063 1461 2159 rigore
1491 2068 1529 2138 et
1560 2061 1697 2159 frigore
1730 2062 1814 2138 odii.
1843 2063 1888 2139 Et

713 2181 834 2257 subdit
859 2184 1049 2278 quereiam
1074 2182 1171 2258 iilius
1198 2181 1376 2278 percussi,
1401 2181 1465 2277 qui
1500 2180 1617 2278 tangit
1645 2181 1888 2276 proditionem

713 2300 901 2398 pertidum,
920 2321 1003 2397 quae
1020 2300 1089 2376 iuit
1100 2321 1213 2377 cause
1225 2321 1303 2376 suae
1319 2300 1563 2376 damnationis
1581 2306 1619 2376 ct
1635 2314 1764 2396 poenoe.
1781 2301 1827 2377 Et
1841 2275 1913 2380 ed*

714 2420 987 2518 intelligentium
1000 2421 1103 2496 istius
1112 2413 1154 2512 (¹),
1165 2420 1280 2496 literae
1293 2420 1409 2496 debes
1422 2409 1708 2515 reviderefflee,
1716 2433 1801 2516 que
1808 2421 1887 2517 jum

714 2541 838 2636 scripsi
852 2541 1011 2637 capitulo
1024 2539 1521 2636 Xiiideterribiiiconiiictu,
1535 2560 1654 2635 quem
1669 2549 1891 2639 receperunt

713 2660 894 2735 florentini
917 2681 941 2736 a
965 2660 1181 2735 senensibus
1207 2665 1246 2737 et
1269 2659 1441 2736 exulibus
1466 2660 1554 2754 suis,
1575 2659 1722 2756 quando
1741 2661 1890 2739 iverunt

714 2779 784 2854 sub
809 2779 934 2854 colore
957 2779 1197 2856 succurrendi
1222 2779 1333 2854 iionti
1357 2779 1496 2875 diuino,
1519 2779 1581 2854 ubi
1607 2781 1703 2858 iactu
1728 2787 1785 2858 ert
1807 2802 1889 2858 mu·

713 2919 786 2995 gne
811 2905 952 2995 strages
972 2899 1165 2974 bominum
1180 2889 1232 2994 (⁸),
1249 2904 1287 2974 et
1308 2899 1472 2975 murima
1490 2898 1615 2994 preda
1633 2919 1778 2996 rerum3
1798 2922 1885 2980 num

712 3020 810 3095 ultra
834 3019 982 3094 ruinam
1008 3019 1215 3115 bominum,
1231 3019 1423 3117 scruputi
1441 3019 1556 3095 millia
1576 3019 1832 3095 salmariorum
1846 3009 1884 3114 (⁸)

711 3137 853 3235 perdiu
876 3145 975 3234 sunt,
1000 3158 1085 3233 quae
1109 3139 1303 3234 portabunt
1329 3138 1514 3233 victualia,
1539 3145 1578 3215 et
1606 3139 1677 3214 ulia
1691 3130 1729 3232 (⁶)
1757 3154 1885 3216 neees-

712 3259 819 3355 sariu,
845 3279 954 3334 musa
981 3258 1151 3334 iniciendi
1176 3259 1380 3353 castelium,
1401 3259 1500 3354 quud
1530 3265 1613 3336 crat
1637 3260 1809 3336 iniectum
1826 3279 1886 3336 se·

711 3379 897 3474 nensibus,
921 3385 960 3454 et
983 3399 1095 3454 ceusu
1115 3377 1235 3454 aiendi
1252 3377 1469 3454 exercitum.
1490 3378 1573 3454 Fuit
1590 3384 1718 3454 autem
1734 3379 1804 3456 istu
1819 3399 1885 3475 pe·

711 3501 775 3576 stis
805 3499 902 3594 apud
937 3499 1098 3574 Mentem
1127 3497 1305 3594 Apertum
1336 3517 1450 3594 opera
1484 3498 1625 3574 demini
1656 3498 1810 3574 Beccbre
1837 3497 1885 3574 de

710 3618 921 3712 Abbatibus,
939 3617 1004 3712 qui
1028 3617 1187 3713 indepto
1211 3617 1344 3713 proelic
1359 3617 1568 3712 amputavit
1585 3636 1672 3691 cum
1692 3635 1781 3691 cnse
1796 3635 1884 3711 pro-

710 3739 791 3837 prio
817 3758 969 3813 manum
999 3736 1121 3810 militis
1154 3736 1346 3832 florentini,
1382 3737 1446 3831 qui
1479 3736 1683 3812 vocabatur
1711 3734 1884 3811 dominus

711 3858 868 3934 lacobus
892 3856 951 3932 del
964 3846 1001 3950 (⁶)
1028 3857 1147 3932 Vacca
1171 3855 1218 3934 de
1241 3856 1368 3932 Pazzis
1392 3855 1439 3931 de
1463 3855 1657 3952 Florentia,
1676 3855 1740 3952 qui
1757 3861 1884 3952 portu-

710 3979 774 4054 but
791 3977 986 4075 insignium
1004 3975 1174 4052 militum.
1192 3976 1277 4052 ideo
1290 3965 1328 4069 (⁷)
1347 3976 1443 4054 bene
1461 3983 1590 4052 autor:
1610 3977 1648 4051 in
1670 3977 1883 4073 despectum

709 4096 888 4194 percussit
904 4117 993 4172 eum
1012 4097 1050 4171 in
1064 4085 1102 4189 (⁸)
1128 4100 1262 4191 caput,
1287 4101 1415 4191 postea
1439 4096 1615 4171 laceravit
1639 4116 1728 4170 cum
1754 4115 1909 4210 manuff

710 4219 748 4292 et
773 4215 993 4312 vituperavit
1008 4235 1095 4290 cum
1112 4213 1238 4312 lingua
1251 4205 1302 4306 (⁹).
1320 4211 1375 4289 dd
1399 4214 1544 4291 literam
1566 4234 1678 4312 ergo;
1702 4213 1788 4290 dicit
1812 4235 1882 4290 eu-

710 4347 790 4414 t0r=
817 4336 879 4410 lile
903 4337 1022 4410 Bcccu
1045 4334 1190 4410 fortiter
1215 4350 1426 4430 percussus,
1447 4336 1651 4426 picupeudd
1679 4337 1728 4408 mi
1750 4325 1881 4425 anub:

705 4452 835 4550 percite*
849 4458 898 4528 nsi
912 4461 1032 4548 peste?
1057 4453 1158 4548 idest,
1185 4452 1337 4549 pedibus
1365 4474 1426 4529 me
1450 4453 1635 4550 percutis?
1659 4456 1761 4528 suive
1783 4473 1822 4526 se
1845 4458 1897 4556 tu¹

709 4595 782 4650 uon
799 4577 889 4648 sieut
912 4595 938 4646 a
961 4592 1097 4648 messer
1116 4577 1154 4647 ta
1177 4575 1335 4648 vendettu
1357 4577 1396 4648 di
1414 4570 1805 4668 deciperemur
1824 4569 1882 4646 di-

771 4761 948 4824 ‹pnunuc
1336 4761 1524 4822 (nuvium

771 4837 800 4902 (Ἴ
815 4837 841 4889 b
857 4837 994 4888 bominum
1009 4841 1037 4889 et
1052 4849 1151 4888 rurum.
1336 4836 1365 4900 (⁸)
1381 4842 1437 4898 tit,
1451 4837 1605 4890 nim.

772 4915 800 4977 (⁸)
814 4915 840 4966 S.
857 4920 884 4966 et
899 4915 994 4966 omnic.
1335 4913 1362 4978 υ)
1378 4914 1410 4966 Β,
1426 4915 1470 4968 ω
1484 4915 1621 4968 mm
1636 4913 1678 4966 ω,

771 4991 800 5054 (¹)
817 4991 847 5043 B.
864 4991 926 5043 idco
942 4991 1005 5044 dicit
1019 4995 1114 5044 sutor:
1130 4991 1200 5044 undu
1215 4993 1242 5044 in
1258 4991 1419 5056 dumetum.

772 5065 799 5128 Γ(
816 5071 871 5130 tib,
887 5069 914 5120 in
931 5069 1023 5134 cupite.
1334 5066 1363 5132 (*)
1378 5067 1410 5119 li.
1426 5068 1515 5134 lingua
1530 5068 1641 5134 turpius.
1656 5065 1700 5118 ud
1716 5064 1827 5118 litum.

1776 4707 1882 4720 ψ
