4534 6842
706 946 846 1004 clauus
869 947 1061 1006 ueneratus
1083 945 1225 1004 ramus.
1479 935 1546 1003 107

375 1116 455 1189 nus,
469 1093 534 1188 qui
546 1090 768 1170 despondens
781 1111 828 1166 er
840 1090 923 1168 altis
935 1091 1132 1185 montibus
1148 1091 1282 1166 labitur
1290 1091 1398 1186 juxta
1412 1090 1549 1168 moenia
1634 1117 1638 1120 ·

373 1213 528 1289 civitatis
563 1231 650 1286 cum
686 1211 836 1306 impetu.
871 1211 916 1287 Et
949 1210 1008 1288 bie
1037 1217 1122 1286 nota
1148 1211 1249 1306 quod
1272 1209 1418 1287 demon
1443 1216 1546 1310 pater

376 1331 557 1410 mendacii
585 1331 644 1406 bie
668 1329 754 1406 dicit
778 1351 952 1427 magnam
977 1331 1180 1425 veritatem,
1207 1330 1293 1425 quia
1318 1337 1419 1406 certe
1442 1332 1548 1406 aliter

376 1455 524 1528 natatur
549 1450 599 1524 ibi
624 1471 738 1546 quam
763 1451 801 1526 in
826 1451 976 1526 flumine
1001 1450 1162 1545 Sercbin,
1187 1450 1274 1543 quia
1288 1443 1326 1542 (¹)
1350 1450 1447 1546 apud
1472 1451 1547 1523 Lu-

375 1593 459 1648 cam
491 1577 547 1648 est
579 1569 712 1646 fluvius
742 1571 868 1665 labilis,
903 1569 966 1648 sed
992 1570 1029 1644 in
1054 1569 1122 1646 ista
1145 1569 1271 1666 bulgis
1291 1576 1352 1644 est
1374 1575 1545 1666 stagnum

373 1683 594 1790 pigrum&
620 1690 668 1766 ibi
701 1697 758 1766 est
786 1711 884 1785 aqua
915 1691 1027 1784 clara,
1059 1711 1186 1786 pura3.
1203 1689 1262 1764 bie
1291 1689 1353 1784 pix
1379 1689 1484 1785 nigra
1508 1697 1546 1764 et

374 1815 553 1906 obscura3
580 1809 628 1885 ibi
653 1816 801 1886 natatur
825 1810 872 1886 ad
896 1810 1079 1904 solatium,
1101 1811 1159 1885 bie
1178 1809 1226 1885 ad
1242 1809 1476 1904 supplicium3
1495 1809 1543 1882 ibi

373 1940 430 2010 est
460 1953 559 2027 aqua
592 1949 721 2007 recens
757 1929 886 2026 frigida
916 1930 953 2004 in
987 1951 1061 2025 qua
1088 1931 1245 2025 juvenes
1278 1930 1487 2008 relevantur
1503 1920 1539 2022 (³)

375 2060 541 2154 tempore
565 2050 707 2146 caloris,
733 2050 791 2126 bic
816 2050 878 2146 pix
903 2049 1038 2145 luetida,
1056 2050 1184 2144 calida,
1210 2049 1247 2124 in
1264 2071 1339 2149 qua
1355 2049 1411 2124 isti
1429 2051 1466 2126 in
1482 2072 1544 2126 ar-

374 2172 465 2248 dore
488 2177 719 2266 enquuntur3
744 2169 793 2244 ibi
823 2174 971 2244 natatur
996 2168 1213 2263 voluntarie,
1232 2169 1298 2246 bie
1321 2176 1466 2264 macte,
1493 2170 1541 2246 ibi

375 2290 421 2365 ad
447 2291 590 2383 boram,
608 2289 666 2364 bic
691 2295 878 2385 perpetuo.
905 2289 950 2362 ut
975 2288 1161 2364 minantur
1178 2286 1245 2362 sibi
1264 2288 1400 2384 peiora,
1420 2289 1544 2366 dicen-

376 2417 454 2487 tes:
476 2401 567 2502 perd
591 2429 664 2482 nnn
687 2413 765 2482 star
792 2409 971 2501 soperoltio
995 2427 1106 2498 sopra
1131 2409 1169 2480 la
1188 2410 1329 2500 pepola,
1355 2406 1446 2485 idest
1470 2429 1543 2484 non

377 2527 503 2604 venias
527 2548 639 2623 supra
663 2526 793 2623 picem,
824 2549 861 2601 se
890 2534 926 2601 tu
956 2546 1028 2600 aaa
1053 2528 1134 2600 vuol
1156 2527 1194 2600 di
1216 2529 1329 2600 nosti
1350 2530 1465 2618 presit
1500 2528 1545 2602 ut

377 2647 435 2722 lric
460 2654 557 2742 nota,
583 2647 682 2742 quud
706 2653 815 2722 autor
838 2646 901 2722 dat
925 2666 1031 2722 arma
1047 2645 1298 2722 convenientia
1314 2634 1350 2739 (⁸)
1369 2645 1456 2740 istis,
1473 2647 1544 2722 sci-

377 2767 459 2842 licet
483 2785 599 2842 uncos
623 2771 661 2840 et
686 2765 847 2859 uncinos,
873 2766 960 2862 quia
984 2785 1131 2860 semper
1154 2771 1239 2840 suut
1264 2765 1396 2842 armati
1422 2772 1461 2842 et
1476 2785 1542 2860 pa-

376 2886 445 2962 rati
469 2884 516 2961 ad
542 2883 756 2981 rapiendum
782 2893 820 2960 et
837 2885 1054 2962 trahendum
1072 2883 1119 2960 ad
1135 2905 1185 2960 se.
1199 2889 1332 2960 -Poi
1351 2886 1416 2960 llic
1432 2892 1542 2961 auter

374 3006 530 3085 ostendit
553 3005 738 3101 quomodo
762 3007 948 3082 daemones
973 3026 1013 3082 se
1037 3005 1231 3080 habuerint
1245 2996 1282 3098 (⁵)
1311 3025 1441 3080 versus
1465 3005 1539 3101 spi-

374 3127 486 3202 ritum
510 3125 725 3221 pradictum
751 3132 932 3220 quantum
949 3125 995 3201 ad
1014 3125 1119 3219 laeta,
1136 3123 1281 3202 dicens:
1297 3127 1362 3217 poi
1377 3127 1539 3200 taddea-

373 3251 445 3336 tar,
479 3244 571 3322 idest
601 3265 687 3319 eum
719 3243 887 3320 dentibus
917 3245 1135 3341 graffiorum
1168 3250 1346 3340 ceperunt
1376 3263 1475 3338 eum,
1501 3251 1540 3320 et

371 3364 479 3440 dicit:
504 3385 570 3438 con
588 3359 654 3458 pid
677 3367 715 3440 u·
738 3371 835 3440 cento
859 3368 951 3457 ruffi,
977 3371 1015 3440 et
1039 3364 1139 3459 penit
1164 3383 1363 3441 numerum
1380 3385 1447 3459 pro
1469 3341 1554 3437 [ιιι-5

372 3503 489 3576 mero,
515 3483 602 3577 quia
627 3503 701 3560 non
725 3493 833 3560 erant
856 3482 922 3558 nisi
944 3483 1073 3558 decem
1090 3484 1292 3578 demones,
1311 3484 1369 3558 vel
1385 3483 1540 3580 dicatur,

372 3603 470 3699 quod
495 3603 614 3678 omnis
637 3603 791 3699 grabius
816 3604 972 3682 babebat
985 3594 1023 3697 (θ)
1048 3605 1176 3680 decem
1203 3603 1324 3699 ratius,
1349 3604 1427 3682 sive
1450 3604 1541 3684 den-

373 3731 438 3817 tes,
464 3723 522 3798 vel
546 3721 604 3797 dic
629 3719 728 3816 quod
753 3741 850 3818 saepe
875 3721 1088 3818 repetebant
1111 3723 1217 3817 ictus,
1242 3723 1291 3803 ita
1315 3724 1415 3818 quod
1440 3745 1539 3800 unus

372 3841 547 3938 potuisset
572 3841 708 3918 centies
732 3849 770 3918 et
792 3842 929 3937 pluries
954 3841 1064 3916 lerire
1085 3863 1184 3920 eum.
1203 3843 1278 3918 lloe
1296 3851 1423 3920 autem
1442 3845 1541 3922 lece-

374 3970 462 4038 runt
485 3961 572 4056 quia
598 3961 658 4040 ille
682 3963 729 4038 ad
756 3962 872 4038 minas
897 3981 1030 4038 eorum
1057 3963 1204 4040 nolebat
1227 3963 1366 4042 intrare
1389 3965 1540 4042 omnino

372 4103 509 4179 aquam
525 4071 577 4177 (⁷),
602 4083 667 4158 sed
691 4082 838 4158 tenebat
863 4081 1007 4160 vultum
1028 4081 1185 4180 desuper
1201 4082 1249 4157 ad
1264 4083 1459 4177 aliqualem
1478 4105 1540 4160 re-

372 4203 626 4299 spirationem
653 4201 735 4282 ideo
759 4202 863 4278 dicit:
889 4205 1020 4280 duee:
1044 4207 1077 4278 el
1099 4223 1231 4276 enavea
1247 4205 1306 4278 cte
1322 4211 1357 4278 tu
1376 4206 1461 4278 balli
1479 4225 1539 4280 ou-
1696 4305 1699 4310 ,
1732 4271 1737 4280 ,

373 4331 483 4416 veto,
517 4323 619 4417 idest,
651 4328 796 4419 oportet
827 4321 926 4416 quod
958 4327 998 4398 tu
1024 4330 1126 4398 nates
1152 4329 1250 4398 totus
1275 4322 1345 4398 sub
1369 4323 1459 4418 plue,
1490 4322 1540 4398 ita

372 4443 471 4538 quod
496 4442 542 4518 de
566 4453 604 4520 te
630 4442 717 4518 nibil
741 4448 927 4538 appareat,
954 4444 1057 4538 quasi
1082 4443 1194 4522 dieat:
1220 4448 1260 4517 tu
1285 4443 1374 4518 alios
1390 4443 1537 4520 barata-

370 4565 428 4660 sti,
453 4571 491 4642 et
521 4563 580 4640 bic
610 4562 848 4640 berataberis.
882 4562 981 4640 Unde
1005 4563 1112 4640 dicit:
1138 4558 1168 4640 si
1192 4565 1252 4638 cte
1275 4567 1409 4656 aoeaffl,
1434 4563 1539 4660 idest,

371 4682 622 4781 apprehendas
647 4689 684 4758 et
697 4673 734 4774 (⁸)
763 4681 882 4778 rapias
907 4683 1080 4778 suenum,
1106 4690 1378 4776 moereamus,
1404 4683 1541 4760 seilicet

408 4889 411 4896 '
434 4911 462 4974 p,
478 4909 509 4960 n.
525 4911 570 4975 qut
586 4911 663 4975 apua.
890 4911 918 4974 ρ)
933 4911 965 4961 n.
980 4911 1093 4976 nigrum.
1259 4909 1286 4972 ω
1302 4910 1333 4962 u
1349 4909 1506 4964 marmur.

432 4987 460 5049 (·)
476 4987 506 5037 Ε.
523 4988 577 5038 lstls
593 4988 840 5040 eonvenhntuum
888 4987 916 5048 (⁸)
931 4989 957 5038 S.
973 5000 989 5039 a
1005 4987 1035 5037 ll.
1052 4987 1208 5039 babuerunt.
1257 4987 1284 5050 Γ)
1300 4988 1330 5039 B.
1346 4987 1423 5040 bebai
1438 4988 1536 5040 denam.

433 5063 460 5127 (’)
477 5068 531 5125 ltu,
548 5065 642 5128 pleon.
887 5062 915 5125 (¹)
931 5068 986 5125 lla,
1002 5068 1029 5115 et
1045 5065 1081 5115 rie
1097 5064 1189 5128 raptu.
