4526 6836
736 967 873 1026 CANTUS
898 969 1055 1058 umus
1079 971 1209 1026 notius.
1500 962 1546 1026 57

380 1115 520 1192 titatem
545 1110 711 1208 pecunie
727 1131 793 1207 per
810 1127 942 1188 manus
966 1112 1102 1188 domini
1119 1113 1293 1188 lobannis
1310 1113 1358 1188 de
1370 1095 1373 1102 ⁴
1383 1114 1547 1208 Proclda,

379 1233 443 1329 qui
473 1233 571 1308 illam
603 1231 840 1308 rebellionem
870 1231 1104 1328 sagacissime
1135 1230 1326 1326 ordinavit,
1359 1242 1403 1309 ut
1434 1233 1580 1334 habe-J

379 1353 432 1430 bis
456 1353 563 1448 plene
586 1350 746 1447 capitulo
771 1351 847 1424 Vlll
872 1350 1043 1425 Paradisi.
1069 1350 1174 1424 Nunc
1200 1349 1247 1424 ad
1272 1349 1434 1426 literam:
1463 1351 1548 1426 dicit

378 1479 506 1546 autor:
529 1463 619 1564 perd
643 1475 756 1562 tirtu,
773 1470 907 1548 scilicet
923 1471 961 1544 in
977 1471 1045 1546 ista
1063 1491 1172 1565 poena
1189 1477 1345 1564 aeterna3
1366 1476 1546 1564 epumdc

379 1595 456 1684 ten,
481 1591 510 1666 si
535 1601 648 1686 potes,
675 1594 711 1664 le
744 1593 819 1664 mut
849 1594 935 1664 totto
966 1593 1117 1682 meo,
1143 1591 1341 1666 simoniace
1365 1600 1405 1666 et
1428 1593 1548 1668 illicite

380 1709 619 1804 acquisitam3
644 1709 731 1804 quia
756 1709 786 1782 si
811 1709 967 1784 Carolus
992 1729 1066 1783 nou
1082 1709 1204 1784 luerat
1223 1709 1392 1806 dignatus
1412 1705 1548 1804 eum(¹)

380 1829 555 1904 affinitate
575 1849 660 1923 sua,
686 1849 759 1903 nou
783 1827 940 1904 debebat
965 1826 1046 1902 ideo
1066 1827 1272 1904 consentire
1289 1829 1476 1905 rebellioni
1494 1829 1550 1904 si-

382 1948 483 2042 ciliae,
517 1967 630 2041 quam
662 1947 842 2022 habuerat
870 1947 919 2020 ab
947 1946 1111 2041 ecclesia,
1141 1953 1178 2021 et
1210 1947 1454 2042 acquisiverat
1482 1949 1548 2023 sihi

381 2069 417 2141 in
438 2067 616 2163 sanguine
641 2067 759 2141 multo
774 2055 825 2159 (²),
841 2065 892 2140 clt'
903 2087 997 2140 esser
1014 2069 1128 2159 ttYecc
1143 2073 1267 2140 contro
1288 2071 1394 2142 carto
1411 2072 1550 2160 ordin,-

382 2187 469 2283 quia
492 2187 577 2262 licet
604 2185 774 2262 Nicotaus
798 2191 942 2280 optaret
965 2183 1248 2262 destructionem
1276 2187 1408 2280 Caroli,
1424 2194 1549 2263 tamen

383 2327 457 2382 non
479 2306 606 2382 luisset
625 2311 739 2381 ausus
758 2305 848 2380 darc
864 2324 1014 2400 operam
1042 2305 1231 2399 perditioni
1252 2295 1289 2398 (³)
1316 2305 1456 2401 Sicilie,
1483 2306 1550 2381 nisi

382 2426 622 2502 electuarium
643 2425 726 2500 auri
743 2424 982 2500 confortasset
1005 2424 1123 2500 debile
1153 2445 1218 2500 cor
1247 2446 1369 2500 suum.
1387 2431 1482 2500 -Ε
1501 2447 1549 2498 se.

382 2546 447 2622 llic
467 2553 576 2622 autor
597 2552 748 2620 excusat
763 2565 804 2620 se
828 2544 859 2618 sl
885 2563 958 2620 non
983 2543 1069 2618 dicit
1093 2546 1202 2639 plura
1218 2551 1256 2620 et
1276 2545 1400 2640 peiora
1422 2551 1550 2620 contra

383 2688 472 2743 eum
503 2667 552 2741 ob
590 2663 834 2740 reverentiam
870 2663 1083 2759 pontificalis
1115 2664 1322 2760 dignitatis,
1355 2672 1393 2740 et
1426 2675 1550 2741 tamen

386 2787 475 2860 milri
500 2785 645 2862 videtur
668 2783 766 2877 quod
791 2783 898 2858 iaciat
922 2785 1085 2858 colorem
1111 2783 1349 2877 rhetoricum,
1375 2783 1438 2878 qui
1462 2782 1552 2858 dici-

385 2912 450 2980 tur
470 2903 660 2999 occupatio
672 2891 723 2996 (⁸),
737 2902 823 2995 quia
847 2901 933 2976 dicit
957 2921 998 2976 se
1015 2902 1119 2977 'nolle
1143 2900 1277 2996 dicere,
1303 2903 1401 2997 quod
1427 2909 1552 2976 tamen

386 3026 547 3102 maxime
570 3023 655 3098 dicit
667 3013 716 3114 (⁵).
744 3022 836 3096 llicit
855 3041 970 3118 ergo:
995 3043 1015 3094 c
1037 3024 1074 3094 io
1090 3025 1203 3095 namt
1212 3025 1342 3114 parole
1365 3017 1552 3118 ooccrptd

384 3167 507 3238 mooe,
523 3151 650 3220 contra
669 3150 706 3218 te
721 3149 760 3219 et
775 3142 866 3216 alios
882 3140 1070 3236 pontifices
1087 3141 1316 3234 simoniacos,
1328 3163 1367 3214 se
1378 3161 1450 3214 uon
1459 3145 1555 3235 fosse

385 3269 559 3342 cldmtcor
583 3268 621 3338 to
643 3268 829 3338 tinem
851 3265 896 3336 de
920 3265 952 3336 tc
974 3282 1105 3336 comm
1124 3264 1243 3334 cliuos
1267 3265 1302 3336 to
1327 3265 1376 3336 oti
1400 3251 1555 3352 eistad),

329 3473 331 3485 Ι
385 3386 450 3462 sed
465 3374 502 3476 (⁷)
527 3383 639 3459 etiam
663 3388 744 3478 post
768 3391 939 3475 mortem,
965 3380 1049 3456 licet
1072 3381 1272 3456 cessaverit
1296 3380 1415 3456 omnis
1438 3378 1557 3476 digni-

386 3513 442 3580 tas
466 3503 504 3578 in
529 3487 641 3577 voltu.
666 3501 710 3576 Et
734 3519 821 3576 ecce
844 3499 1031 3594 quomodo
1055 3499 1150 3574 bene
1177 3491 1378 3578 retrahitur
1402 3500 1450 3574 ob
1475 3501 1557 3590 hoc,

385 3621 447 3699 cte*
468 3627 505 3697 to
530 3629 650 3698 omen
675 3623 840 3695 enormia
854 3623 883 3694 it
897 3622 1027 3712 mondo
1047 3623 1198 3712 mlo,
1218 3621 1306 3715 qula
1322 3620 1457 3696 scilicet
1472 3619 1558 3695 lacit

383 3763 449 3820 voe
478 3749 692 3839 pervertere
720 3741 887 3816 ordinem
911 3739 1073 3834 iustitie,
1100 3759 1174 3834 qua
1205 3741 1557 3816 maxime'mundus

385 3863 479 3938 bene
502 3867 754 3954 conservatur,
779 3859 870 3934 datis
895 3859 992 3934 euim
1020 3858 1125 3934 malis
1160 3859 1323 3954 premia,
1349 3866 1388 3934 et
1418 3858 1558 3935 beneti-

388 3981 582 4074 cia3bonis
598 4000 688 4056 vero
703 3999 818 4054 onera
843 3989 881 4056 et
905 3978 1099 4074 supplicia3
1117 3979 1199 4054 idco
1223 3979 1331 4054 dicit:
1351 3981 1522 4054 micando
1545 3982 1560 4052 i

392 4101 495 4174 duom
517 4121 536 4172 e
558 4101 759 4174 mttcoondo
782 4101 798 4170 i
816 4099 1062 4190 movi-Di
1085 4100 1153 4170 oct
1176 4097 1241 4172 llic
1264 4103 1374 4172 autor
1398 4096 1445 4171 ad
1469 4117 1560 4172 con-

390 4219 632 4296 firmationem
655 4219 712 4293 sui
729 4217 979 4293 dicti-adducit
997 4237 1109 4291 unam
1127 4217 1469 4312 prophetamque
1489 4215 1561 4290 mi·

389 4340 551 4418 rabiliter
576 4339 720 4416 videtur
745 4338 867 4414 lacere
894 4337 942 4412 ad
970 4357 1082 4411 suum
1113 4336 1351 4432 propositum.
1376 4337 1430 4411 nd
1455 4335 1561 4412 cuius

389 4459 663 4556 intelligentiam
681 4469 737 4536 est
751 4459 848 4534 bene
866 4457 1082 4552 notandum,
1099 4458 1200 4552 quod
1217 4458 1398 4534 lohannes
1418 4459 1562 4556 relega·

391 4586 450 4654 tus
474 4578 511 4652 in
537 4579 655 4653 insuta
679 4599 764 4673 que
789 4577 921 4657 dicitur
945 4579 1130 4672 Pathmos,
1149 4577 1234 4653 lecit
1259 4577 1393 4652 librum
1414 4577 1478 4673 qui
1497 4598 1563 4653 ro-

451 4761 480 4827 υ)
496 4767 551 4827 aas,
567 4779 630 4815 eum
645 4765 779 4817 othrum
952 4759 980 4826 (¹)
999 4768 1053 4823 arc,
1070 4763 1164 4814 mutto.
1180 4763 1243 4814 idco
1259 4763 1324 4814 tons
1339 4763 1408 4826 nott,
1424 4765 1472 4816 ott
1591 4805 1595 4814 .

451 4839 525 4902 ΟΒ»
543 4841 691 4905 proditioni.
953 4839 981 4904 (¹)
996 4840 1028 4893 ll,
1042 4841 1244 4904 'preoccupans

449 4917 477 4978 (Ἰ
494 4917 525 4968 lt
542 4918 613 4979 dtclt,
629 4918 732 4971 dim:
753 4920 807 4970 oto
823 4919 911 4970 unt.

451 4991 1172 5055 clkmolrtutemttmteoltullctoretlam
1189 5001 1255 5058 post.

453 5068 482 5132 (¹)
498 5075 553 5132 tlt,
568 5071 667 5124 scillcet
682 5073 770 5124 cunm.
