4606 6840
737 926 809 992 ult
1127 935 1329 994 comment
1353 935 1505 992 tutunus

734 1081 855 1177 ribus3
882 1089 920 1158 et
949 1081 1000 1156 sic
1025 1081 1251 1177 comparatio
1280 1082 1401 1158 adhuc
1432 1087 1488 1156 est
1512 1081 1670 1176 propria,
1696 1081 1784 1175 quia
1809 1081 1903 1156 sicin

734 1202 884 1298 phoenix
909 1223 957 1278 en
982 1202 1128 1297 propria
1145 1210 1279 1278 natura
1296 1221 1336 1278 se
1358 1207 1579 1278 transmutat
1594 1208 1632 1276 et
1650 1209 1903 1298 regeneratur,

733 1323 783 1397 ita
808 1323 868 1397 lur
893 1331 1023 1419 sponte
1047 1344 1115 1398 sua
1140 1323 1426 1422 transfiguratur
1460 1329 1497 1398 et
1531 1329 1732 1398 renovatur
1757 1321 1904 1415 quando

724 1429 940 1518 'voluntarie
960 1442 1044 1518 lacit
1061 1443 1215 1538 lurtum,
1234 1450 1272 1518 et
1286 1443 1434 1518 dimittit
1453 1443 1605 1516 lurtum.
1620 1447 1714 1516 -Ε
1728 1444 1821 1532 quat.
1839 1441 1904 1516 llic

734 1569 844 1638 autor
868 1563 1038 1638 describit
1063 1564 1228 1638 habitum
1255 1562 1350 1638 illius
1371 1561 1618 1638 transformati
1634 1582 1699 1656 per
1720 1561 1901 1657 duplicem

734 1683 1064 1778 comparationem
1091 1688 1129 1758 et
1144 1683 1225 1757 vult
1245 1682 1406 1758 breviter
1422 1682 1545 1757 dicere
1562 1682 1661 1776 quod
1681 1681 1749 1756 iste
1765 1680 1825 1754 iur
1842 1700 1902 1756 re-

733 1825 889 1901 surgens
914 1804 951 1879 in
977 1804 1102 1898 vitam,
1128 1803 1246 1878 stabat
1269 1803 1320 1878 ita
1344 1803 1520 1878 attonitus
1544 1803 1639 1879 sicut
1664 1820 1901 1897 percussusa

732 1925 901 2000 daemone
918 1923 977 2000 vel
996 1923 1130 1998 cadens
1147 1923 1278 1998 morbo
1295 1923 1434 1998 caduco
1453 1923 1600 2016 quaudo
1620 1921 1790 2018 resurgit.
1810 1920 1903 1996 Dicit

733 2064 846 2140 ergo:
881 2045 1110 2136 ttpeooator,
1141 2041 1276 2119 scilicet
1302 2043 1446 2117 Vannes
1478 2041 1590 2136 Fuoii,
1622 2044 1734 2114 nono
1765 2043 1901 2132 poncia,

733 2162 835 2254 idest,
866 2162 1102 2238 resuscitatus
1134 2182 1182 2238 cx
1213 2161 1349 2256 cinere,
1383 2183 1450 2234 era
1480 2165 1542 2253 tot,
1572 2161 1674 2255 idest,
1704 2161 1755 2239 ita
1784 2166 1902 2235 terrc-

733 2281 861 2376 lactus,
887 2286 972 2374 quat
993 2287 1072 2374 poet
1094 2285 1155 2356 cte
1187 2284 1287 2373 cocio,
1313 2282 1448 2356 scilicet
1477 2282 1597 2356 subito
1627 2282 1674 2357 ad
1700 2288 1850 2374 terram,
1882 2303 1901 2354 c

732 2423 805 2476 noo
827 2423 871 2476 sa
895 2423 1002 2494 come,
1028 2403 1115 2496 quia
1128 2395 1165 2496 (⁴)
1193 2423 1267 2478 nou
1298 2402 1516 2498 praeviderat
1547 2402 1607 2476 rel
1637 2399 1900 2497 precogitare-

734 2528 792 2595 rat
816 2521 927 2594 istum
953 2541 1091 2614 casum,
1112 2543 1181 2614 per
1202 2526 1312 2616 sorza
1336 2524 1374 2596 dt
1398 2523 1518 2596 dinwo
1542 2523 1633 2594 clt’a
1655 2528 1753 2596 mro
1769 2523 1797 2594 it
1815 2524 1901 2611 tiro,

722 2642 821 2736 ¹quia
846 2641 991 2716 daemon
1007 2641 1204 2735 aliquando
1224 2641 1334 2716 habet
1353 2642 1552 2736 potentiam
1570 2661 1681 2736 super
1701 2639 1901 2734 hominem,

733 2783 755 2835 o
773 2765 908 2835 ἀάἰίνα
924 2763 1114 2854 oppilaton
1130 2763 1190 2834 cte
1212 2765 1291 2852 lega
1306 2765 1451 2853 emmo,
1465 2761 1611 2855 scilicet,
1622 2759 1802 2855 epilepsia,
1816 2780 1901 2855 quae

733 2882 868 2977 oppilat
892 2901 1033 2974 seusus,
1058 2881 1156 2956 unde
1180 2881 1285 2956 dicit:
1310 2884 1370 2955 cto
1385 2885 1525 2956 'nmmo
1548 2885 1581 2954 o·
1605 2884 1711 2971 mun,
1736 2880 1843 2973 quasi
1858 2872 1895 2972 (²)
1929 2941 1932 2946 .

732 3002 911 3078 alienatus
924 3008 1059 3098 mente,
1069 3004 1254 3095 quantos·
1270 3005 1361 3092 icoo,
1374 3008 1457 3074 tutto
1470 3003 1639 3074 monto
1652 3004 1750 3076 dotto
1761 3004 1900 3092 orortck

732 3125 913 3214 ooposoto,
939 3122 1041 3215 idest,
1066 3123 1234 3219 angustia
1260 3128 1298 3198 at
1322 3122 1549 3216 alteratione,
1567 3123 1685 3194 clt'elti
1700 3111 1724 3193 ὰ
1739 3126 1897 3214 solfcrto,

732 3243 769 3316 in
794 3243 854 3318 illo
879 3242 1011 3318 inielici
1035 3263 1136 3337 casu,
1161 3265 1180 3317 e
1203 3245 1345 3336 suspiro
1368 3245 1596 3334 wmdoodo,
1621 3242 1726 3335 quasi
1750 3241 1897 3317 dicens:

730 3363 804 3438 heu
830 3383 891 3438 me
911 3362 1087 3438 miserum
1102 3367 1109 3434 l
1127 3365 1171 3437 Et
1189 3363 1246 3438 hic
1264 3370 1349 3438 nota
1365 3353 1402 3456 (³)
1421 3368 1602 3456 quantum
1620 3369 1778 3456 utraque
1795 3383 1899 3437 conr-

730 3483 870 3578 paratio
895 3481 1142 3576 propriissime
1167 3482 1410 3557 famularetur
1424 3470 1461 3572 (‘)
1480 3482 1565 3556 huic
1584 3481 1779 3578 proposito.
1797 3481 1899 3555 Sicut

730 3602 829 3676 enim
861 3600 994 3676 cadens
1019 3601 1065 3676 ad
1091 3608 1241 3695 terram,
1272 3602 1330 3676 vel
1358 3602 1392 3675 vi
1417 3601 1603 3697 daemonis,
1634 3601 1692 3676 vel
1722 3601 1899 3676 naturalis

731 3720 949 3796 infirmitatis
973 3721 1071 3796 dolet
1096 3729 1134 3796 et
1158 3721 1334 3817 miratur,
1361 3722 1410 3797 ita
1431 3722 1492 3796 iur
1509 3723 1573 3816 qui
1590 3721 1686 3796 cadit
1701 3722 1748 3795 ad
1765 3721 1899 3798 sacien-

730 3841 820 3916 dum
846 3841 999 3936 lurtum,
1017 3841 1075 3916 vel
1096 3840 1327 3939 instigatione
1351 3842 1528 3917 diabolica
1544 3834 1580 3935 (⁵)
1603 3841 1821 3937 impellente,
1841 3841 1899 3916 vel

730 3961 939 4038 infirmitate
970 3961 1126 4037 naturali
1157 3962 1365 4057 inclinante,
1391 3968 1462 4036 stat
1490 3968 1589 4037 totus
1620 3961 1784 4057 stupidus
1798 3951 1836 4053 (⁸)
1862 3967 1899 4036 et

728 4083 915 4174 alteratus,
942 4082 1088 4176 quando
1113 4081 1197 4156 iecit
1221 4083 1363 4157 lurtum
1390 4103 1567 4178 magnum
1599 4081 1645 4156 de
1677 4101 1718 4156 re
1748 4085 1897 4155 caract

691 4206 699 4220 '
728 4201 906 4297 praetiosa,
932 4201 1019 4295 quia
1032 4189 1070 4294 (⁷)
1095 4202 1209 4276 nescit
1234 4202 1322 4296 quid
1346 4207 1443 4300 agat,
1469 4207 1505 4276 et
1529 4201 1716 4294 quomodo
1740 4202 1896 4276 abscon-

727 4323 790 4396 dat
812 4328 879 4396 aut
902 4327 1062 4416 asportet
1087 4321 1228 4398 lurtum
1246 4322 1419 4416 maxime,
1437 4321 1523 4415 quia
1540 4321 1761 4416 improvisus
1774 4310 1811 4414 (⁸)
1832 4343 1895 4395 su-

727 4441 802 4515 bito
827 4441 927 4516 venit
950 4439 997 4514 ad
1022 4439 1163 4512 lurtum
1189 4440 1287 4534 quod
1314 4462 1386 4515 non
1401 4441 1714 4538 praecogitaverat
1728 4432 1778 4535 (⁹),
1800 4440 1895 4515 sicut

688 4571 691 4579 ⁴
728 4558 848 4634 statim
873 4557 1000 4633 audies
1024 4558 1071 4633 de
1095 4558 1163 4632 isto
1190 4559 1316 4633 Vanne
1348 4559 1412 4654 qui
1441 4579 1637 4656 percussus
1666 4565 1896 4655 ascrpentc,

728 4678 829 4772 idest,
851 4698 873 4753 a
898 4676 1094 4771 cupiditate
1118 4677 1274 4772 iurandi,
1300 4679 1452 4754 accessit
1474 4680 1522 4770 ad
1547 4681 1739 4756 ecclesiam
1765 4681 1813 4756 ad
1837 4681 1855 4754 l
1878 4719 1896 4736 -

790 4903 817 4966 (¹)
832 4903 858 4954 S.
874 4901 948 4964 idest,
964 4905 1033 4968 quis.
1082 4903 1109 4968 (¹)
1124 4904 1150 4956 S.
1166 4906 1237 4970 quasi
1254 4905 1336 4960 dicata
1351 4907 1484 4960 numus
1614 4908 1642 4973 (¹)
1658 4907 1684 4962 ἢ
1700 4921 1764 4961 roro
1779 4912 1849 4960 notu.

790 4979 817 5044 (¹)
833 4980 864 5030 tt.
880 4979 1030 5034 tumuletur.
1039 5009 1068 5020 ··
1078 4985 1132 5043 tlt,
1149 4982 1299 5034 tumulatur.
1616 4987 1644 5048 υ)
1662 4990 1708 5041 no
1717 4999 1734 5038 ο
1744 4985 1775 5036 Β.
1791 4985 1894 5036 aistolfi,

790 5057 817 5122 (¹l
833 5058 865 5130 β.
881 5058 1047 5130 stupefactus.
1081 5061 1108 5124 Γ)
1124 5061 1155 5111 Ε.
1171 5062 1316 5126 quincaoit
1347 5059 1374 5124 (¹)
1389 5062 1420 5114 Ε.
1437 5063 1584 5130 improuiso.
1616 5063 1644 5126 (’)
1660 5063 1691 5116 Ε.
1707 5063 1874 5130 cogitaverat.
