4580 6844
700 979 840 1034 caurus
865 978 1057 1034 ucnsruus
1081 975 1252 1034 manvus.
1494 967 1563 1036 369

390 1125 586 1224 intelligitis
606 1145 686 1221 me3
712 1132 793 1200 erat
817 1123 945 1200 solitus
962 1123 1206 1220 respondere:
1237 1123 1379 1200 utinam
1400 1124 1564 1200 viderem

390 1249 440 1325 ita
456 1248 567 1322 benet
585 1246 630 1318 llt
644 1244 692 1320 de
710 1245 763 1320 rei
780 1244 947 1338 veritam,
960 1243 1107 1319 videbat
1119 1243 1202 1338 plus
1220 1262 1295 1317 unu
1312 1245 1433 1338 oculo,
1452 1263 1564 1338 quam

390 1367 450 1443 alii
475 1365 631 1460 duobus,
657 1364 751 1439 sicut
775 1363 909 1439 dicitur
932 1363 980 1439 de
1004 1363 1217 1458 Hannibale,
1240 1363 1287 1438 de
1312 1384 1388 1458 quu
1414 1369 1467 1438 tot
1487 1365 1566 1459 jam

389 1486 485 1562 dicta
509 1485 649 1560 suntin
667 1471 850 1581 principie
861 1482 1020 1580 capituli,
1039 1483 1102 1577 qui
1120 1483 1187 1557 init
1204 1482 1328 1580 magni
1345 1482 1480 1580 ingenii
1502 1482 1566 1558 sed

391 1606 506 1702 pravi,
523 1612 562 1681 et
584 1603 746 1702 pertidus
761 1598 878 1699 (¹);.et
902 1602 1068 1678 similiter
1085 1602 1269 1700 Philippus
1285 1611 1389 1700 pater
1406 1605 1566 1680 Alexan-

390 1725 448 1800 dri
473 1725 609 1822 magni,
635 1726 853 1800 monoculus
878 1724 947 1798 init
970 1723 1228 1820 astutissimus,
1258 1725 1385 1822 magni
1410 1731 1448 1800 et
1473 1724 1565 1799 varii

392 1842 539 1940 ingenii,
573 1844 638 1918 sed
668 1864 794 1940 parvae
815 1835 855 1936 (²)
879 1843 974 1919 fidei.
1000 1842 1085 1918 ldeo
1116 1844 1313 1939 Malatesta,
1347 1851 1466 1942 potest
1495 1843 1565 1919 dici

393 1981 529 2039 nomen
541 1984 608 2059 per
624 1964 838 2058 antifrasim,
852 1964 938 2058 quia
955 1983 1087 2038 sanum
1105 1969 1216 2059 caput
1233 1965 1444 2041 babuerunt
1463 1985 1567 2041 cum-

394 2082 565 2159 muniter.
592 2084 715 2158 Potest
740 2083 852 2158 etiam
878 2082 1010 2178 exponi
1035 2082 1103 2156 ista
1128 2083 1234 2158 litera
1251 2085 1459 2179 moraliter3
1480 2106 1565 2160 cum

393 2202 490 2278 enim
504 2204 616 2278 bomo
630 2203 847 2278 naturaliter
862 2202 997 2276 babeat
1008 2200 1102 2276 duos
1114 2202 1253 2298 oculos,
1268 2224 1430 2298 quorum
1449 2225 1566 2278 unum

393 2322 503 2398 debet
527 2323 665 2398 babere
689 2324 736 2398 ad
765 2323 939 2418 coelestia,
974 2321 1136 2397 alterum
1169 2322 1216 2397 ad
1250 2325 1462 2420 terrestria3
1488 2326 1568 2420 iste,

393 2443 502 2518 oculu
526 2442 680 2518 meliore
704 2443 858 2539 perdito,
884 2443 1004 2517 solum
1023 2448 1169 2519 terrena
1187 2443 1371 2520 cernebat.
1390 2445 1569 2522 Describit

393 2563 503 2638 etiam
522 2563 788 2640 Malatestinum
805 2585 829 2638 a
847 2562 1021 2653 dominio,
1038 2562 1186 2638 dicens:
1203 2585 1223 2637 c
1238 2567 1305 2638 deu
1318 2568 1355 2638 la
1368 2573 1480 2658 terra,
1498 2567 1569 2641 sci-

393 2683 479 2758 licet
502 2682 722 2778 Ariminum,
748 2690 791 2758 ut
809 2684 889 2778 jam
914 2681 1141 2758 declaratum
1167 2683 1277 2761 estin
1296 2686 1570 2783 capituluprae-

394 2800 547 2897 cedenti,
572 2802 609 2875 in
635 2823 710 2897 qua
743 2823 841 2876 unus
874 2802 1060 2875 maximus
1094 2801 1321 2879 scismaticus
1349 2805 1437 2879 olim
1465 2825 1570 2880 com·

395 2919 490 2994 misit
514 2921 716 3016 pessimum
743 2922 885 2998 scisma.
913 2921 1015 2996 Unde
1039 2919 1147 2996 dicit:
1173 2924 1234 2995 ele
1249 2925 1302 2995 tul
1315 2919 1353 2998 e'c
1377 2927 1437 3016 qui
1459 2945 1568 3016 auco,

394 3039 530 3116 scilicet
555 3041 591 3114 in
617 3041 684 3116 ista
711 3041 835 3138 bulgia
856 3042 963 3137 juxta
990 3060 1062 3135 me,
1088 3040 1176 3135 quia
1200 3041 1351 3136 deliquit
1376 3043 1413 3116 in
1438 3041 1567 3118 eadem

394 3160 515 3256 specie
539 3161 717 3236 scismatis
748 3181 912 3253 mecum,
940 3163 1001 3234 clc
1031 3161 1199 3234 vorrcbbc
1228 3181 1324 3235 esser
1352 3165 1495 3254 dc'pr'unc
1520 3165 1570 3237 du

396 3283 547 3355 vcdcrm
574 3281 639 3356 llic
664 3288 720 3356 est
736 3281 847 3357 Curio
872 3301 1049 3356 romanus
1075 3281 1139 3375 qui
1164 3281 1274 3358 vellet
1291 3302 1495 3377 numquam
1514 3283 1570 3358 vi·

396 3399 491 3476 disse
515 3399 735 3494 Ariminum,
760 3401 846 3496 quia
872 3421 946 3475 non
967 3407 1064 3476 esset
1078 3401 1139 3476 bic
1156 3401 1348 3478 infeliciter
1362 3402 1570 3497 damnatuS,

397 3521 584 3597 utstatim
610 3520 765 3613 dicetur,
788 3511 877 3615 (ard
901 3525 1039 3613 venuti,
1065 3521 1167 3616 idest,
1193 3523 1339 3598 vocabit
1354 3543 1419 3598 eos
1443 3523 1489 3597 ad
1506 3541 1572 3598 ve-

396 3639 583 3734 niendum,
600 3662 625 3714 a
646 3644 872 3734 parlamento
896 3663 989 3733 seco,
1006 3649 1045 3716 et
1068 3641 1139 3716 sub
1162 3641 1232 3716 isto
1256 3645 1382 3718 colore
1407 3643 1570 3736 honesto,

393 3763 456 3854 poi
476 3750 564 3854 sard
586 3753 630 3852 si,
651 3758 743 3836 idest
764 3767 841 3836 tam
858 3761 997 3857 perfide
1013 3768 1110 3859 aget,
1136 3764 1196 3835 cte
1216 3769 1296 3836 vola
1315 3761 1362 3837 ul
1374 3783 1483 3855 preco
1499 3783 1572 3836 nou

395 3872 552 3955 surdior
568 3883 706 3954 mcstm
722 3885 762 3956 cl
777 3889 877 3955 uculo
890 3885 929 3956 di
939 3887 1091 3955 Fcccrn.
1105 3881 1160 3956 nd
1172 3883 1280 3957 cuius
1295 3866 1587 3978 intelligentiaffii

397 4000 508 4076 debes
531 3999 637 4094 scire,
663 4001 762 4095 qnod
787 4001 939 4076 Focaria
964 4006 1020 4074 est
1045 4021 1119 4074 una
1144 4001 1218 4077 alta
1244 4006 1440 4076 montanea
1458 4019 1572 4096 prope

399 4119 621 4195 Catholicam
647 4121 756 4215 juxta
786 4141 897 4217 supra
930 4139 1047 4213 mare,
1078 4119 1140 4194 ubi
1172 4121 1291 4197 solent
1321 4139 1401 4195 esse
1427 4141 1571 4218 magnae

399 4247 645 4338 tempestates,
671 4247 709 4316 et
732 4240 812 4316 lieri
838 4259 972 4336 magna
998 4239 1208 4336 nauimgia5
1234 4229 1334 4316 unde
1358 4240 1572 4337 navigantes

400 4381 498 4457 saepe
514 4362 631 4438 solent
647 4361 771 4436 iacere
784 4379 919 4456 magna
933 4365 1019 4434 vota
1032 4365 1070 4434 et
1082 4377 1219 4455 preces.
1230 4359 1334 4434 Unde
1350 4379 1570 4435 conversum

401 4481 524 4556 estin
559 4481 796 4577 proverbium
820 4470 881 4573 (³)²
921 4479 970 4553 ibi
1001 4479 1101 4554 Deus
1129 4479 1310 4556 custodiat
1337 4486 1375 4554 te
1406 4500 1429 4555 a
1463 4485 1573 4556 ventu

400 4600 602 4676 tucariensi.
641 4599 728 4677 Vult
760 4619 857 4697 ergo
889 4599 1013 4676 dicere
1049 4600 1180 4676 Petrus
1214 4601 1251 4674 in
1289 4599 1435 4697 ellectu,
1474 4602 1573 4696 quod

401 4739 475 4793 non
504 4739 593 4794 casu
623 4720 773 4796 fortuitu
801 4721 861 4796 vel
891 4719 1023 4796 divino¹
1038 4719 1189 4815 judicio,
1218 4721 1506 4818 submergentur
1536 4721 1573 4794 in

474 4929 480 4958 .
636 4933 642 4946 .

461 4932 491 5070 ((’ἰ
506 4931 538 5058 ἓ
552 4931 730 5071 militant.
753 5011 816 5062 ideo
838 5015 886 5064 ista
906 5010 1095 5070 murmanus,
1112 5009 1165 5060 dici
1181 5014 1266 5072 potest
1281 5022 1329 5072 per
1344 5007 1496 5070 antinum,
1512 5010 1572 5073 quia

399 5097 491 5135 unum
509 5089 586 5150 caput
602 5086 730 5138 babuerit.
856 5089 884 5150 ι’)
899 5089 930 5138 Ε.
947 5087 1115 5150 proverbium
1133 5085 1212 5136 illud:
1229 5083 1308 5136 Deus.

531 5193 562 5239 ll.
1411 5193 1438 5236 Μ
