4580 6844
725 937 796 1005 356
1116 947 1321 1006 commun
1345 951 1495 1006 menam

721 1093 811 1187 sive,
832 1091 881 1166 ita
902 1088 1001 1186 quod
1018 1109 1209 1186 nunquam
1227 1102 1334 1171 vacat
1349 1115 1372 1169 a
1390 1095 1517 1170 labore
1536 1100 1574 1169 et
1589 1113 1720 1188 opere:
1738 1099 1776 1169 et
1792 1093 1895 1188 quod

723 1220 779 1288 est
803 1211 981 1306 mirabile,
1001 1212 1135 1286 vulnus
1161 1212 1301 1288 illatum
1329 1213 1528 1309 unicuique
1552 1212 1801 1288 consolidatur
1824 1235 1895 1288 an·

723 1341 872 1428 tequam
901 1336 1110 1406 revertatur
1134 1331 1181 1406 ad
1206 1332 1329 1408 locum
1355 1353 1485 1428 poenae,
1502 1338 1540 1408 et
1564 1332 1699 1407 iterum
1724 1332 1772 1408 de
1797 1353 1896 1410 novo

721 1452 927 1549 percutitur
951 1444 1025 1543 a(')
1052 1450 1220 1528 demone
1245 1459 1283 1528 et
1303 1459 1504 1529 renovatur
1529 1453 1647 1548 plaga.
1675 1451 1781 1528 llodo
1805 1473 1897 1528 con-

722 1571 841 1646 sidera
866 1569 953 1664 quid
979 1571 1151 1666 importet
1175 1572 1372 1668 allegorice
1396 1573 1463 1647 ista
1489 1571 1606 1666 liutio;
1625 1573 1682 1647 isti
1699 1573 1894 1649 scismatici

720 1691 932 1766 discurrunt
956 1690 1131 1765 continuo
1156 1711 1223 1786 per
1248 1692 1376 1767 orbem
1404 1692 1462 1768 vel
1488 1712 1555 1786 per
1570 1691 1732 1786 aliquam
1758 1693 1892 1769 urbem

720 1811 933 1886 seminando
958 1807 1101 1885 dissidia
1116 1802 1152 1903 (‘)
1175 1817 1212 1886 et
1237 1810 1432 1906 disturbia3
1458 1810 1634 1906 diabotus,
1661 1811 1762 1906 idest,
1789 1814 1893 1887 insti-

719 1931 817 2028 gatio
850 1930 1026 2004 diabolica
1060 1930 1234 2004 contiuuo
1265 1937 1390 2006 moret
1423 1951 1562 2024 ensem,
1593 1931 1696 2025 idest,
1726 1932 1891 2029 linguam

720 2049 936 2125 maledicam
947 2040 996 2143 (³),
1009 2069 1095 2143 quae
1115 2054 1171 2124 est
1196 2049 1357 2124 incidens
1381 2056 1420 2124 et
1444 2050 1500 2124 bis
1523 2056 1633 2125 acuta
1654 2050 1789 2126 taciens
1806 2054 1890 2126 vul-

719 2190 809 2245 nera
835 2169 952 2243 multa
977 2176 1015 2244 et
1040 2189 1186 2266 magna,
1213 2171 1283 2264 vel,
1309 2189 1384 2245 una
1410 2169 1472 2243 lite
1497 2178 1535 2246 et
1558 2169 1736 2244 discordia
1761 2170 1890 2266 sopita,

721 2290 897 2366 suscitant
921 2288 1044 2382 aliam,
1066 2288 1115 2362 ita
1139 2288 1239 2382 quod
1259 2287 1426 2363 diabolus
1447 2288 1583 2363 iterum
1610 2288 1734 2365 incitat
1752 2309 1818 2365 eos
1842 2291 1891 2366 ad

720 2413 816 2488 idem
833 2399 882 2503 (⁴).
901 2411 1006 2483 Nunc
1022 2408 1069 2482 ad
1087 2408 1229 2484 literam
1240 2433 1250 2502 ;
1263 2408 1348 2482 dicit
1364 2411 1632 2484 Maeomettms:
1652 2429 1701 2484 uu
1717 2403 1891 2485 navare

718 2554 789 2625 quo
805 2533 931 2618 dtetre
944 2529 1194 2602 Macomethus
1215 2533 1384 2602 recenter
1400 2519 1436 2620 (⁶)
1452 2528 1666 2604 vulneratus
1682 2551 1705 2604 a
1722 2530 1890 2608 demone

716 2653 808 2728 dnm
833 2649 1020 2724 transisset
1034 2637 1071 2739 (⁶)
1097 2665 1164 2742 per
1189 2667 1322 2722 manus
1345 2647 1436 2742 eius,
1462 2654 1500 2722 et
1529 2648 1683 2744 lugiens,
1709 2649 1797 2724 vidit
1819 2671 1890 2724 au·

715 2772 835 2847 torem
853 2771 890 2843 in
915 2767 1076 2843 culmine
1091 2766 1208 2862 pontis
1225 2767 1303 2842 sine
1319 2787 1440 2863 omna,
1465 2773 1502 2842 et
1519 2767 1671 2843 firmans
1687 2789 1739 2863 se,
1764 2779 1889 2848 oston-

715 2891 824 2967 debat
844 2880 881 2983 (⁷)
907 2908 947 2962 se
972 2887 1022 2978 ita
1047 2886 1199 2961 scissum
1233 2885 1309 2981 ipsi.
1343 2886 1427 2961 ldeo
1458 2887 1554 2962 bene
1585 2887 1800 2984 dicitquod
1831 2889 1888 2964 di·-

715 3011 811 3086 misit
828 3014 909 3105 post
925 3027 966 3082 se
983 3006 1085 3079 illum
1103 3005 1330 3100 demonem
1357 3004 1438 3080 ideo
1462 3004 1568 3080 dicit:
1587 3010 1647 3080 cte
1670 3011 1706 3079 η’
1719 3011 1886 3100 musmo,

666 3136 670 3140 ’
714 3131 806 3207 idest
830 3133 986 3204 eromat
1011 3133 1048 3201 et
1079 3127 1166 3221 polit
1195 3145 1274 3220 nos,
1306 3128 1509 3200 rimettcudo
1541 3129 1682 3200 msam
1704 3131 1743 3201 a·
1765 3135 1886 3220 auerte

712 3256 839 3342 mma,
857 3249 959 3342 idest,
973 3247 1075 3322 istius
1091 3245 1237 3339 ordinis,
1256 3245 1342 3339 quia
1362 3266 1459 3320 unns
1474 3247 1643 3340 sequitur
1660 3254 1741 3342 post
1756 3247 1885 3343 alium,

713 3373 808 3447 sicut
832 3369 915 3444 tolia
942 3373 1127 3442 cartarum
1155 3365 1192 3439 iu
1218 3365 1377 3440 rismate.
1405 3365 1528 3440 llisma
1553 3367 1652 3442 enim
1684 3375 1741 3441 est
1761 3374 1885 3443 certus

714 3511 894 3567 numerus
913 3494 1101 3562 cartarum
1115 3484 1304 3560 continens
1317 3485 1608 3582 vigintiquinque
1620 3493 1820 3581 quaternos
1832 3479 1884 3582 (⁸),

712 3605 987 3686 dmadetmene
1012 3609 1051 3679 al
1074 3607 1182 3696 tuolio
1207 3608 1251 3678 de
1275 3608 1313 3678 lu
1335 3609 1476 3698 spuda;
1494 3606 1617 3680 nullus
1637 3608 1734 3682 ensis
1753 3615 1809 3682 est
1829 3607 1886 3682 in·

713 3728 902 3821 cidentior,
927 3726 1051 3801 nullus
1075 3723 1217 3821 gladius
1250 3730 1305 3798 est
1329 3725 1474 3800 acutior
1498 3725 1624 3823 lingna
1649 3726 1809 3823 maligna
1824 3718 1883 3820 (⁹);

713 3851 788 3924 imo
805 3847 944 3944 sagipta
961 3852 1071 3921 acuta
1089 3863 1163 3919 non
1188 3843 1237 3918 ita
1263 3851 1442 3939 penetrat,
1461 3852 1498 3920 et
1514 3846 1627 3920 carbo
1649 3846 1785 3942 ignitus
1810 3865 1885 3922 nou

712 3971 762 4045 ita
786 3967 944 4044 incendit
959 3959 1033 4060 (¹⁰);
1059 3972 1096 4041 et
1120 3967 1190 4040 hoc
1215 3965 1301 4040 iacit
1325 3965 1393 4040 iste
1416 3965 1593 4060 diabolus,
1615 3969 1758 4059 quondo
1782 3989 1884 4044 eoem

711 4093 806 4164 volta
831 4093 868 4163 lu
892 4091 1026 4163 dolente
1049 4089 1189 4177 sunda,
1206 4084 1308 4179 idest,
1326 4106 1412 4160 cum
1431 4085 1583 4160 lecimus
1600 4093 1715 4162 totam
1732 4090 1883 4164 revolu-

711 4211 847 4286 tionem
880 4229 946 4304 per
978 4207 1085 4282 istam
1112 4207 1244 4281 vallem
1277 4205 1485 4281 dolorosam
1518 4205 1555 4280 iu
1590 4207 1811 4284 reversione.
1837 4209 1882 4282 lit

710 4351 798 4406 ecce
817 4329 904 4424 quia
927 4327 1126 4423 repercutit
1151 4346 1218 4400 nos
1234 4345 1320 4400 cum
1339 4345 1443 4420 ense3
1458 4319 1546 4420 perd
1562 4331 1622 4402 coe
1641 4331 1672 4402 le
1687 4330 1799 4422 [mate
1814 4349 1881 4402 son

708 4452 868 4540 meuse,
887 4447 989 4541 idest,
1008 4447 1163 4520 uulnera
1179 4437 1231 4536 (¹¹)
1256 4452 1342 4520 suut
1367 4445 1518 4522 solidata
1534 4438 1586 4539 (¹²)
1606 4453 1807 4541 numquam
1829 4449 1881 4523 si·

772 4665 800 4726 (¹)
815 4665 847 4716 ll.
863 4664 896 4714 alt
911 4663 959 4716 illo
974 4663 1100 4714 amona.
1244 4659 1272 4724 (Ἴ
1288 4663 1320 4714 B.
1335 4663 1499 4714 discordiam.
1620 4664 1648 4726 (¹)
1662 4664 1688 4716 S.
1705 4661 1878 4716 maledictam.

772 4741 799 4802 (⁸)
815 4741 846 4791 ll.
863 4740 940 4800 idem,
956 4745 983 4791 et
999 4741 1034 4790 stc
1050 4741 1083 4790 do
1098 4753 1166 4792 noro
1182 4739 1242 4792 illos
1258 4739 1362 4792 feritet
1378 4740 1506 4792 vulnerat.
1523 4741 1598 4792 Nunc
1614 4741 1646 4792 ad
1662 4741 1774 4791 literam.

772 4817 799 4878 (⁸)
816 4817 847 4868 n.
863 4830 879 4867 a
896 4821 950 4877 tto,
967 4817 1053 4868 inerat
1068 4821 1197 4868 recenter.
1243 4816 1271 4878 ε’)
1288 4821 1342 4878 tto,
1359 4829 1374 4868 a
1391 4817 1422 4868 n.
1439 4819 1569 4870 transiret
1620 4817 1648 4882 ti)
1665 4819 1695 4869 n
1711 4817 1869 4869 ostendunt.

771 4893 799 4954 (⁸1
815 4895 1022 4960 naumurum
1245 4894 1273 4956 (⁸)
1290 4895 1321 4946 li.
1338 4895 1463 4960 mallem:
1479 4897 1578 4962 aginta
1592 4897 1663 4948 enim
1678 4900 1763 4948 acuta.

759 4971 799 5034 θ’)
815 4972 846 5023 ll.
863 4973 976 5026 meenttt
991 4973 1058 5024 nont
1074 4973 1163 5036 tinum
1179 4971 1319 5032 mdedlcn
1335 4977 1370 5024 et.

760 5048 797 5110 (¹¹)
814 5054 868 5110 tto,
885 5051 946 5114 qula
961 5051 1081 5102 vulnera.
1232 5045 1273 5113 (¹¹1
1289 5050 1320 5102 ll.
1337 5051 1481 5104 ruolidatr.
