<?xml version="1.0" encoding="UTF-8"?>
<!DOCTYPE html PUBLIC "-//W3C//DTD XHTML 1.0 Transitional//EN"
    "http://www.w3.org/TR/xhtml1/DTD/xhtml1-transitional.dtd">
<html xmlns="http://www.w3.org/1999/xhtml" xml:lang="en" lang="en">
 <head>
  <title>
</title>
<meta http-equiv="Content-Type" content="text/html;charset=utf-8" />
  <meta name='ocr-system' content='tesseract 3.04.00' />
  <meta name='ocr-capabilities' content='ocr_page ocr_carea ocr_par ocr_line ocrx_word'/>
</head>
<body>
  <div class='ocr_page' id='page_1' title='image "./comentumsuperda01benvgoog_0333.png"; bbox 0 0 4580 6844; ppageno 0'>
   <div class='ocr_carea' id='block_1_1' title="bbox 726 947 1496 1019">
    <p class='ocr_par' dir='ltr' id='par_1_1' title="bbox 726 947 1496 1019">
     <span class='ocr_line' id='line_1_1' title="bbox 726 947 1496 1019; baseline 0 -3"><span class='ocrx_word' id='word_1_1' title='bbox 726 947 797 1016; x_wconf 79' lang='lat' dir='ltr'><strong>ent</strong></span> <span class='ocrx_word' id='word_1_2' title='bbox 1116 957 1321 1017; x_wconf 74' lang='lat' dir='ltr'><strong>conminuit</strong></span> <span class='ocrx_word' id='word_1_3' title='bbox 1344 963 1496 1019; x_wconf 74' lang='lat' dir='ltr'><strong>munem</strong></span> 
     </span>
    </p>
   </div>
   <div class='ocr_carea' id='block_1_2' title="bbox 724 1102 1994 4194">
    <p class='ocr_par' dir='ltr' id='par_1_2' title="bbox 724 1102 1994 4194">
     <span class='ocr_line' id='line_1_2' title="bbox 724 1102 1894 1201; baseline 0.003 -21"><span class='ocrx_word' id='word_1_4' title='bbox 724 1111 800 1180; x_wconf 86' lang='lat' dir='ltr'><strong>trev</strong></span> <span class='ocrx_word' id='word_1_5' title='bbox 817 1102 989 1197; x_wconf 82' lang='lat' dir='ltr'><strong>minores,</strong></span> <span class='ocrx_word' id='word_1_6' title='bbox 1014 1103 1079 1198; x_wconf 91' lang='lat' dir='ltr'><strong>qui</strong></span> <span class='ocrx_word' id='word_1_7' title='bbox 1102 1105 1268 1180; x_wconf 89' lang='lat' dir='ltr'><strong>solebant</strong></span> <span class='ocrx_word' id='word_1_8' title='bbox 1284 1125 1366 1181; x_wconf 90' lang='lat' dir='ltr'><strong>esse</strong></span> <span class='ocrx_word' id='word_1_9' title='bbox 1381 1106 1593 1201; x_wconf 87' lang='lat' dir='ltr'><strong>macriores,</strong></span> <span class='ocrx_word' id='word_1_10' title='bbox 1611 1125 1723 1200; x_wconf 90' lang='lat' dir='ltr'><strong>quam</strong></span> <span class='ocrx_word' id='word_1_11' title='bbox 1742 1105 1831 1201; x_wconf 90' lang='lat' dir='ltr'><strong>sint;</strong></span> <span class='ocrx_word' id='word_1_12' title='bbox 1855 1115 1894 1183; x_wconf 87' lang='lat' dir='ltr'><strong>et</strong></span> 
     </span>
     <span class='ocr_line' id='line_1_3' title="bbox 724 1226 1895 1324; baseline 0.001 -23"><span class='ocrx_word' id='word_1_13' title='bbox 724 1227 777 1302; x_wconf 90' lang='lat' dir='ltr'><strong>sic</strong></span> <span class='ocrx_word' id='word_1_14' title='bbox 801 1226 896 1321; x_wconf 88' lang='lat' dir='ltr'><strong>vide,</strong></span> <span class='ocrx_word' id='word_1_15' title='bbox 913 1226 1012 1320; x_wconf 89' lang='lat' dir='ltr'><strong>quod</strong></span> <span class='ocrx_word' id='word_1_16' title='bbox 1029 1245 1153 1301; x_wconf 87' lang='lat' dir='ltr'><strong>comes</strong></span> <span class='ocrx_word' id='word_1_17' title='bbox 1174 1226 1289 1324; x_wconf 80' lang='lat' dir='ltr'><strong>tangit</strong></span> <span class='ocrx_word' id='word_1_18' title='bbox 1307 1227 1387 1322; x_wconf 90' lang='lat' dir='ltr'><strong>tria,</strong></span> <span class='ocrx_word' id='word_1_19' title='bbox 1400 1247 1485 1322; x_wconf 85' lang='lat' dir='ltr'><strong>quae</strong></span> <span class='ocrx_word' id='word_1_20' title='bbox 1501 1248 1574 1302; x_wconf 95' lang='lat' dir='ltr'><strong>non</strong></span> <span class='ocrx_word' id='word_1_21' title='bbox 1591 1227 1688 1304; x_wconf 90' lang='lat' dir='ltr'><strong>bene</strong></span> <span class='ocrx_word' id='word_1_22' title='bbox 1703 1232 1895 1322; x_wconf 85' lang='lat' dir='ltr'><strong>compete·</strong></span> 
     </span>
     <span class='ocr_line' id='line_1_4' title="bbox 724 1339 1994 1444; baseline -0.002 -24"><span class='ocrx_word' id='word_1_23' title='bbox 724 1345 815 1420; x_wconf 92' lang='lat' dir='ltr'><strong>bant</strong></span> <span class='ocrx_word' id='word_1_24' title='bbox 839 1345 951 1420; x_wconf 90' lang='lat' dir='ltr'><strong>rebus</strong></span> <span class='ocrx_word' id='word_1_25' title='bbox 975 1343 1123 1439; x_wconf 78' lang='lat' dir='ltr'><strong>bellicis,</strong></span> <span class='ocrx_word' id='word_1_26' title='bbox 1144 1345 1282 1421; x_wconf 86' lang='lat' dir='ltr'><strong>scilieet</strong></span> <span class='ocrx_word' id='word_1_27' title='bbox 1303 1339 1473 1422; x_wconf 90' lang='lat' dir='ltr'><strong>summus</strong></span> <span class='ocrx_word' id='word_1_28' title='bbox 1489 1346 1733 1444; x_wconf 81' lang='lat' dir='ltr'><strong>pontificatus,</strong></span> <span class='ocrx_word' id='word_1_29' title='bbox 1750 1353 1787 1423; x_wconf 88' lang='lat' dir='ltr'><strong>et</strong></span> <span class='ocrx_word' id='word_1_30' title='bbox 1804 1346 1896 1422; x_wconf 92' lang='lat' dir='ltr'><strong>ordo</strong></span> <span class='ocrx_word' id='word_1_31' title='bbox 1989 1407 1994 1418; x_wconf 92' lang='lat'>.</span> 
     </span>
     <span class='ocr_line' id='line_1_5' title="bbox 725 1463 1896 1562; baseline -0.001 -21"><span class='ocrx_word' id='word_1_32' title='bbox 725 1463 958 1542; x_wconf 88' lang='lat' dir='ltr'><strong>sacerdotalis</strong></span> <span class='ocrx_word' id='word_1_33' title='bbox 987 1484 1033 1540; x_wconf 88' lang='lat' dir='ltr'><strong>ex</strong></span> <span class='ocrx_word' id='word_1_34' title='bbox 1063 1471 1168 1561; x_wconf 89' lang='lat' dir='ltr'><strong>parte</strong></span> <span class='ocrx_word' id='word_1_35' title='bbox 1196 1466 1363 1562; x_wconf 84' lang='lat' dir='ltr'><strong>petentis,</strong></span> <span class='ocrx_word' id='word_1_36' title='bbox 1395 1473 1433 1543; x_wconf 88' lang='lat' dir='ltr'><strong>et</strong></span> <span class='ocrx_word' id='word_1_37' title='bbox 1463 1468 1610 1543; x_wconf 89' lang='lat' dir='ltr'><strong>babitus</strong></span> <span class='ocrx_word' id='word_1_38' title='bbox 1638 1467 1821 1543; x_wconf 81' lang='lat' dir='ltr'><strong>Francisci</strong></span> <span class='ocrx_word' id='word_1_39' title='bbox 1850 1487 1896 1544; x_wconf 89' lang='lat' dir='ltr'><strong>ex</strong></span> 
     </span>
     <span class='ocr_line' id='line_1_6' title="bbox 726 1580 1899 1682; baseline 0.003 -22"><span class='ocrx_word' id='word_1_40' title='bbox 726 1591 830 1682; x_wconf 87' lang='lat' dir='ltr'><strong>parte</strong></span> <span class='ocrx_word' id='word_1_41' title='bbox 846 1584 937 1681; x_wconf 85' lang='lat' dir='ltr'><strong>eius,</strong></span> <span class='ocrx_word' id='word_1_42' title='bbox 954 1605 978 1661; x_wconf 92' lang='lat' dir='ltr'><strong>a</strong></span> <span class='ocrx_word' id='word_1_43' title='bbox 1003 1606 1079 1680; x_wconf 90' lang='lat' dir='ltr'><strong>quo</strong></span> <span class='ocrx_word' id='word_1_44' title='bbox 1102 1587 1297 1682; x_wconf 77' lang='lat' dir='ltr'><strong>petebatur</strong></span> <span class='ocrx_word' id='word_1_45' title='bbox 1316 1580 1497 1679; x_wconf 81' lang='lat' dir='ltr'><strong>(¹).-iio</strong></span> <span class='ocrx_word' id='word_1_46' title='bbox 1513 1609 1618 1662; x_wconf 82' lang='lat' dir='ltr'><strong>come.</strong></span> <span class='ocrx_word' id='word_1_47' title='bbox 1642 1589 1748 1664; x_wconf 90' lang='lat' dir='ltr'><strong>Nunc</strong></span> <span class='ocrx_word' id='word_1_48' title='bbox 1772 1589 1899 1663; x_wconf 83' lang='lat' dir='ltr'><strong>contos</strong></span> 
     </span>
     <span class='ocr_line' id='line_1_7' title="bbox 726 1699 1897 1804; baseline 0.001 -24"><span class='ocrx_word' id='word_1_49' title='bbox 726 1705 892 1801; x_wconf 73' lang='lat' dir='ltr'><strong>ostendit,</strong></span> <span class='ocrx_word' id='word_1_50' title='bbox 927 1707 1114 1801; x_wconf 89' lang='lat' dir='ltr'><strong>quomodo</strong></span> <span class='ocrx_word' id='word_1_51' title='bbox 1150 1707 1355 1782; x_wconf 88' lang='lat' dir='ltr'><strong>Boniiacius</strong></span> <span class='ocrx_word' id='word_1_52' title='bbox 1386 1707 1620 1803; x_wconf 82' lang='lat' dir='ltr'><strong>requisiverit</strong></span> <span class='ocrx_word' id='word_1_53' title='bbox 1634 1699 1671 1801; x_wconf 85' lang='lat'><strong>(¹)</strong></span> <span class='ocrx_word' id='word_1_54' title='bbox 1704 1728 1805 1803; x_wconf 89' lang='lat' dir='ltr'><strong>eum,</strong></span> <span class='ocrx_word' id='word_1_55' title='bbox 1830 1727 1897 1804; x_wconf 87' lang='lat' dir='ltr'><strong>per</strong></span> 
     </span>
     <span class='ocr_line' id='line_1_8' title="bbox 727 1824 1897 1921; baseline 0.002 -23"><span class='ocrx_word' id='word_1_56' title='bbox 727 1846 841 1900; x_wconf 93' lang='lat' dir='ltr'><strong>unam</strong></span> <span class='ocrx_word' id='word_1_57' title='bbox 862 1824 1020 1901; x_wconf 87' lang='lat' dir='ltr'><strong>nobilem</strong></span> <span class='ocrx_word' id='word_1_58' title='bbox 1041 1825 1364 1921; x_wconf 83' lang='lat' dir='ltr'><strong>comparationem.</strong></span> <span class='ocrx_word' id='word_1_59' title='bbox 1381 1828 1426 1901; x_wconf 87' lang='lat' dir='ltr'><strong>Et</strong></span> <span class='ocrx_word' id='word_1_60' title='bbox 1446 1827 1532 1902; x_wconf 88' lang='lat' dir='ltr'><strong>dicit</strong></span> <span class='ocrx_word' id='word_1_61' title='bbox 1548 1827 1711 1903; x_wconf 88' lang='lat' dir='ltr'><strong>breviter</strong></span> <span class='ocrx_word' id='word_1_62' title='bbox 1728 1834 1766 1903; x_wconf 92' lang='lat' dir='ltr'><strong>et</strong></span> <span class='ocrx_word' id='word_1_63' title='bbox 1785 1828 1897 1921; x_wconf 88' lang='lat' dir='ltr'><strong>clare,</strong></span> 
     </span>
     <span class='ocr_line' id='line_1_9' title="bbox 728 1944 1898 2042; baseline 0 -22"><span class='ocrx_word' id='word_1_64' title='bbox 728 1944 827 2039; x_wconf 88' lang='lat' dir='ltr'><strong>quod</strong></span> <span class='ocrx_word' id='word_1_65' title='bbox 856 1944 949 2019; x_wconf 88' lang='lat' dir='ltr'><strong>sicut</strong></span> <span class='ocrx_word' id='word_1_66' title='bbox 978 1945 1234 2021; x_wconf 85' lang='lat' dir='ltr'><strong>Constantinus</strong></span> <span class='ocrx_word' id='word_1_67' title='bbox 1258 1965 1427 2020; x_wconf 91' lang='lat' dir='ltr'><strong>summus</strong></span> <span class='ocrx_word' id='word_1_68' title='bbox 1451 1945 1653 2041; x_wconf 89' lang='lat' dir='ltr'><strong>imperator</strong></span> <span class='ocrx_word' id='word_1_69' title='bbox 1677 1947 1804 2042; x_wconf 88' lang='lat' dir='ltr'><strong>petivit</strong></span> <span class='ocrx_word' id='word_1_70' title='bbox 1828 1946 1898 2022; x_wconf 88' lang='lat' dir='ltr'><strong>Sil-</strong></span> 
     </span>
     <span class='ocr_line' id='line_1_10' title="bbox 727 2063 1898 2160; baseline 0.002 -23"><span class='ocrx_word' id='word_1_71' title='bbox 727 2070 893 2140; x_wconf 89' lang='lat' dir='ltr'><strong>vestrum</strong></span> <span class='ocrx_word' id='word_1_72' title='bbox 922 2085 1067 2160; x_wconf 91' lang='lat' dir='ltr'><strong>papam,</strong></span> <span class='ocrx_word' id='word_1_73' title='bbox 1100 2071 1143 2138; x_wconf 90' lang='lat' dir='ltr'><strong>ut</strong></span> <span class='ocrx_word' id='word_1_74' title='bbox 1170 2064 1275 2140; x_wconf 87' lang='lat' dir='ltr'><strong>daret</strong></span> <span class='ocrx_word' id='word_1_75' title='bbox 1304 2065 1370 2138; x_wconf 92' lang='lat' dir='ltr'><strong>sibi</strong></span> <span class='ocrx_word' id='word_1_76' title='bbox 1396 2063 1587 2140; x_wconf 91' lang='lat' dir='ltr'><strong>consilium</strong></span> <span class='ocrx_word' id='word_1_77' title='bbox 1621 2071 1749 2140; x_wconf 90' lang='lat' dir='ltr'><strong>contra</strong></span> <span class='ocrx_word' id='word_1_78' title='bbox 1780 2064 1898 2139; x_wconf 92' lang='lat' dir='ltr'><strong>mole-</strong></span> 
     </span>
     <span class='ocr_line' id='line_1_11' title="bbox 728 2183 1898 2281; baseline -0.002 -23"><span class='ocrx_word' id='word_1_79' title='bbox 728 2190 826 2258; x_wconf 93' lang='lat' dir='ltr'><strong>stum</strong></span> <span class='ocrx_word' id='word_1_80' title='bbox 858 2185 1031 2259; x_wconf 88' lang='lat' dir='ltr'><strong>morbum</strong></span> <span class='ocrx_word' id='word_1_81' title='bbox 1063 2205 1193 2279; x_wconf 84' lang='lat' dir='ltr'><strong>suum3</strong></span> <span class='ocrx_word' id='word_1_82' title='bbox 1226 2184 1274 2259; x_wconf 88' lang='lat' dir='ltr'><strong>ita</strong></span> <span class='ocrx_word' id='word_1_83' title='bbox 1307 2184 1514 2260; x_wconf 88' lang='lat' dir='ltr'><strong>Boniiacius</strong></span> <span class='ocrx_word' id='word_1_84' title='bbox 1539 2205 1709 2260; x_wconf 91' lang='lat' dir='ltr'><strong>summus</strong></span> <span class='ocrx_word' id='word_1_85' title='bbox 1733 2183 1898 2281; x_wconf 80' lang='lat' dir='ltr'><strong>pontifex</strong></span> 
     </span>
     <span class='ocr_line' id='line_1_12' title="bbox 728 2303 1898 2400; baseline 0.001 -24"><span class='ocrx_word' id='word_1_86' title='bbox 728 2303 854 2400; x_wconf 85' lang='lat' dir='ltr'><strong>petivit</strong></span> <span class='ocrx_word' id='word_1_87' title='bbox 878 2303 1051 2378; x_wconf 87' lang='lat' dir='ltr'><strong>comitem</strong></span> <span class='ocrx_word' id='word_1_88' title='bbox 1081 2303 1214 2400; x_wconf 90' lang='lat' dir='ltr'><strong>ipsum,</strong></span> <span class='ocrx_word' id='word_1_89' title='bbox 1246 2310 1289 2378; x_wconf 91' lang='lat' dir='ltr'><strong>ut</strong></span> <span class='ocrx_word' id='word_1_90' title='bbox 1312 2304 1418 2380; x_wconf 89' lang='lat' dir='ltr'><strong>daret</strong></span> <span class='ocrx_word' id='word_1_91' title='bbox 1448 2305 1515 2380; x_wconf 90' lang='lat' dir='ltr'><strong>sibi</strong></span> <span class='ocrx_word' id='word_1_92' title='bbox 1548 2305 1739 2381; x_wconf 88' lang='lat' dir='ltr'><strong>consilium</strong></span> <span class='ocrx_word' id='word_1_93' title='bbox 1769 2308 1898 2380; x_wconf 87' lang='lat' dir='ltr'><strong>contra</strong></span> 
     </span>
     <span class='ocr_line' id='line_1_13' title="bbox 729 2415 1900 2522; baseline -0.001 -23"><span class='ocrx_word' id='word_1_94' title='bbox 729 2424 900 2500; x_wconf 90' lang='lat' dir='ltr'><strong>ardorem</strong></span> <span class='ocrx_word' id='word_1_95' title='bbox 912 2415 949 2516; x_wconf 84' lang='lat'><strong>(³)</strong></span> <span class='ocrx_word' id='word_1_96' title='bbox 967 2423 1100 2499; x_wconf 90' lang='lat' dir='ltr'><strong>mentis</strong></span> <span class='ocrx_word' id='word_1_97' title='bbox 1116 2424 1206 2500; x_wconf 88' lang='lat' dir='ltr'><strong>eius.</strong></span> <span class='ocrx_word' id='word_1_98' title='bbox 1224 2423 1317 2499; x_wconf 88' lang='lat' dir='ltr'><strong>Dicit</strong></span> <span class='ocrx_word' id='word_1_99' title='bbox 1332 2444 1442 2522; x_wconf 83' lang='lat' dir='ltr'><strong>ergo:</strong></span> <span class='ocrx_word' id='word_1_100' title='bbox 1460 2445 1521 2498; x_wconf 82' lang='lat' dir='ltr'><strong>otu</strong></span> <span class='ocrx_word' id='word_1_101' title='bbox 1539 2429 1659 2518; x_wconf 66' lang='lat' dir='ltr'><strong>qumi,</strong></span> <span class='ocrx_word' id='word_1_102' title='bbox 1676 2423 1811 2500; x_wconf 86' lang='lat' dir='ltr'><strong>scilieet</strong></span> <span class='ocrx_word' id='word_1_103' title='bbox 1827 2425 1900 2498; x_wconf 90' lang='lat' dir='ltr'><strong>Bo-</strong></span> 
     </span>
     <span class='ocr_line' id='line_1_14' title="bbox 730 2531 1899 2641; baseline 0.003 -25"><span class='ocrx_word' id='word_1_104' title='bbox 730 2541 894 2636; x_wconf 88' lang='lat' dir='ltr'><strong>niiaoius,</strong></span> <span class='ocrx_word' id='word_1_105' title='bbox 919 2545 968 2616; x_wconf 87' lang='lat' dir='ltr'><strong>mi</strong></span> <span class='ocrx_word' id='word_1_106' title='bbox 991 2545 1099 2616; x_wconf 77' lang='lat' dir='ltr'><strong>ciere</strong></span> <span class='ocrx_word' id='word_1_107' title='bbox 1125 2564 1191 2636; x_wconf 84' lang='lat' dir='ltr'><strong>per</strong></span> <span class='ocrx_word' id='word_1_108' title='bbox 1216 2551 1381 2636; x_wconf 77' lang='lat' dir='ltr'><strong>mamtro,</strong></span> <span class='ocrx_word' id='word_1_109' title='bbox 1409 2543 1495 2638; x_wconf 89' lang='lat' dir='ltr'><strong>qnia</strong></span> <span class='ocrx_word' id='word_1_110' title='bbox 1518 2542 1663 2619; x_wconf 86' lang='lat' dir='ltr'><strong>ineram</strong></span> <span class='ocrx_word' id='word_1_111' title='bbox 1690 2564 1847 2641; x_wconf 80' lang='lat' dir='ltr'><strong>magnus</strong></span> <span class='ocrx_word' id='word_1_112' title='bbox 1862 2531 1899 2636; x_wconf 72' lang='lat'><strong>(⁴)</strong></span> 
     </span>
     <span class='ocr_line' id='line_1_15' title="bbox 730 2661 1902 2758; baseline 0.001 -23"><span class='ocrx_word' id='word_1_113' title='bbox 730 2662 890 2756; x_wconf 88' lang='lat' dir='ltr'><strong>praticus</strong></span> <span class='ocrx_word' id='word_1_114' title='bbox 915 2681 1107 2735; x_wconf 93' lang='lat' dir='ltr'><strong>armorum</strong></span> <span class='ocrx_word' id='word_1_115' title='bbox 1133 2662 1242 2758; x_wconf 77' lang='lat' dir='ltr'><strong>longa</strong></span> <span class='ocrx_word' id='word_1_116' title='bbox 1268 2661 1504 2757; x_wconf 82' lang='lat' dir='ltr'><strong>experientia,</strong></span> <span class='ocrx_word' id='word_1_117' title='bbox 1529 2670 1567 2738; x_wconf 88' lang='lat' dir='ltr'><strong>et</strong></span> <span class='ocrx_word' id='word_1_118' title='bbox 1593 2663 1767 2739; x_wconf 88' lang='lat' dir='ltr'><strong>exercitio</strong></span> <span class='ocrx_word' id='word_1_119' title='bbox 1788 2661 1902 2738; x_wconf 91' lang='lat' dir='ltr'><strong>bello-</strong></span> 
     </span>
     <span class='ocr_line' id='line_1_16' title="bbox 731 2783 1900 2879; baseline 0.001 -25"><span class='ocrx_word' id='word_1_120' title='bbox 731 2801 829 2876; x_wconf 89' lang='lat' dir='ltr'><strong>rum,</strong></span> <span class='ocrx_word' id='word_1_121' title='bbox 849 2800 874 2854; x_wconf 89' lang='lat' dir='ltr'><strong>o</strong></span> <span class='ocrx_word' id='word_1_122' title='bbox 892 2784 1020 2872; x_wconf 66' lang='lat' dir='ltr'><strong>paamr</strong></span> <span class='ocrx_word' id='word_1_123' title='bbox 1043 2784 1088 2856; x_wconf 85' lang='lat' dir='ltr'><strong>de</strong></span> <span class='ocrx_word' id='word_1_124' title='bbox 1112 2785 1149 2856; x_wconf 86' lang='lat' dir='ltr'><strong>to</strong></span> <span class='ocrx_word' id='word_1_125' title='bbox 1164 2802 1230 2855; x_wconf 81' lang='lat' dir='ltr'><strong>suo</strong></span> <span class='ocrx_word' id='word_1_126' title='bbox 1253 2783 1404 2874; x_wconf 82' lang='lat' dir='ltr'><strong>superba</strong></span> <span class='ocrx_word' id='word_1_127' title='bbox 1417 2783 1545 2877; x_wconf 76' lang='lat' dir='ltr'><strong>sebbre.</strong></span> <span class='ocrx_word' id='word_1_128' title='bbox 1569 2783 1735 2879; x_wconf 76' lang='lat' dir='ltr'><strong>Appellat</strong></span> <span class='ocrx_word' id='word_1_129' title='bbox 1760 2783 1900 2858; x_wconf 89' lang='lat' dir='ltr'><strong>iebrem</strong></span> 
     </span>
     <span class='ocr_line' id='line_1_17' title="bbox 731 2899 1903 2996; baseline 0.003 -22"><span class='ocrx_word' id='word_1_130' title='bbox 731 2899 981 2996; x_wconf 87' lang='lat' dir='ltr'><strong>metaphorice</strong></span> <span class='ocrx_word' id='word_1_131' title='bbox 999 2900 1093 2975; x_wconf 90' lang='lat' dir='ltr'><strong>iram</strong></span> <span class='ocrx_word' id='word_1_132' title='bbox 1110 2901 1294 2996; x_wconf 89' lang='lat' dir='ltr'><strong>Boniiacii,</strong></span> <span class='ocrx_word' id='word_1_133' title='bbox 1307 2921 1392 2995; x_wconf 76' lang='lat' dir='ltr'><strong>quae</strong></span> <span class='ocrx_word' id='word_1_134' title='bbox 1407 2901 1660 2977; x_wconf 89' lang='lat' dir='ltr'><strong>intlammabat</strong></span> <span class='ocrx_word' id='word_1_135' title='bbox 1677 2908 1714 2976; x_wconf 89' lang='lat' dir='ltr'><strong>et</strong></span> <span class='ocrx_word' id='word_1_136' title='bbox 1730 2901 1903 2978; x_wconf 87' lang='lat' dir='ltr'><strong>incende·</strong></span> 
     </span>
     <span class='ocr_line' id='line_1_18' title="bbox 730 3011 1901 3117; baseline -0.001 -23"><span class='ocrx_word' id='word_1_137' title='bbox 730 3019 794 3094; x_wconf 90' lang='lat' dir='ltr'><strong>bat</strong></span> <span class='ocrx_word' id='word_1_138' title='bbox 807 3011 844 3114; x_wconf 80' lang='lat'><strong>(⁵)</strong></span> <span class='ocrx_word' id='word_1_139' title='bbox 866 3021 1030 3095; x_wconf 90' lang='lat' dir='ltr'><strong>animum</strong></span> <span class='ocrx_word' id='word_1_140' title='bbox 1050 3021 1130 3096; x_wconf 89' lang='lat' dir='ltr'><strong>eius</strong></span> <span class='ocrx_word' id='word_1_141' title='bbox 1146 3021 1279 3096; x_wconf 90' lang='lat' dir='ltr'><strong>iniuste</strong></span> <span class='ocrx_word' id='word_1_142' title='bbox 1296 3021 1391 3096; x_wconf 88' lang='lat' dir='ltr'><strong>sicut</strong></span> <span class='ocrx_word' id='word_1_143' title='bbox 1408 3021 1518 3098; x_wconf 92' lang='lat' dir='ltr'><strong>iebris</strong></span> <span class='ocrx_word' id='word_1_144' title='bbox 1530 3011 1568 3114; x_wconf 54' lang='grc' dir='ltr'><strong>(ὓ)</strong></span> <span class='ocrx_word' id='word_1_145' title='bbox 1582 3041 1716 3117; x_wconf 89' lang='lat' dir='ltr'><strong>corpus</strong></span> <span class='ocrx_word' id='word_1_146' title='bbox 1734 3041 1757 3094; x_wconf 94' lang='lat' dir='ltr'><strong>a</strong></span> <span class='ocrx_word' id='word_1_147' title='bbox 1773 3021 1901 3095; x_wconf 88' lang='lat' dir='ltr'><strong>simili:</strong></span> 
     </span>
     <span class='ocr_line' id='line_1_19' title="bbox 730 3134 1903 3236; baseline -0.001 -21"><span class='ocrx_word' id='word_1_148' title='bbox 730 3134 760 3216; x_wconf 79' lang='lat' dir='ltr'><strong>ri</strong></span> <span class='ocrx_word' id='word_1_149' title='bbox 779 3163 875 3216; x_wconf 84' lang='lat' dir='ltr'><strong>come</strong></span> <span class='ocrx_word' id='word_1_150' title='bbox 894 3146 1070 3216; x_wconf 70' lang='lat' dir='ltr'><strong>cosmum</strong></span> <span class='ocrx_word' id='word_1_151' title='bbox 1086 3143 1195 3216; x_wconf 77' lang='lat' dir='ltr'><strong>obiere</strong></span> <span class='ocrx_word' id='word_1_152' title='bbox 1212 3145 1376 3217; x_wconf 79' lang='lat' dir='ltr'><strong>Silvestre</strong></span> <span class='ocrx_word' id='word_1_153' title='bbox 1389 3145 1514 3217; x_wconf 79' lang='lat' dir='ltr'><strong>demo</strong></span> <span class='ocrx_word' id='word_1_154' title='bbox 1527 3145 1661 3235; x_wconf 68' lang='lat' dir='ltr'><strong>Sbatb,</strong></span> <span class='ocrx_word' id='word_1_155' title='bbox 1675 3141 1777 3236; x_wconf 81' lang='lat' dir='ltr'><strong>idest,</strong></span> <span class='ocrx_word' id='word_1_156' title='bbox 1796 3161 1903 3215; x_wconf 92' lang='lat' dir='ltr'><strong>mon·</strong></span> 
     </span>
     <span class='ocr_line' id='line_1_20' title="bbox 733 3259 1902 3358; baseline -0.003 -20"><span class='ocrx_word' id='word_1_157' title='bbox 733 3269 807 3338; x_wconf 88' lang='lat' dir='ltr'><strong>tem</strong></span> <span class='ocrx_word' id='word_1_158' title='bbox 830 3261 999 3356; x_wconf 87' lang='lat' dir='ltr'><strong>Soractis,</strong></span> <span class='ocrx_word' id='word_1_159' title='bbox 1018 3261 1082 3356; x_wconf 90' lang='lat' dir='ltr'><strong>qui</strong></span> <span class='ocrx_word' id='word_1_160' title='bbox 1106 3281 1213 3337; x_wconf 90' lang='lat' dir='ltr'><strong>mons</strong></span> <span class='ocrx_word' id='word_1_161' title='bbox 1237 3261 1325 3336; x_wconf 92' lang='lat' dir='ltr'><strong>oiim</strong></span> <span class='ocrx_word' id='word_1_162' title='bbox 1351 3262 1599 3358; x_wconf 83' lang='lat' dir='ltr'><strong>Hirpinorum,</strong></span> <span class='ocrx_word' id='word_1_163' title='bbox 1619 3262 1678 3337; x_wconf 89' lang='lat' dir='ltr'><strong>vei</strong></span> <span class='ocrx_word' id='word_1_164' title='bbox 1699 3259 1902 3337; x_wconf 90' lang='lat' dir='ltr'><strong>secundum</strong></span> 
     </span>
     <span class='ocr_line' id='line_1_21' title="bbox 732 3378 1903 3476; baseline 0 -20"><span class='ocrx_word' id='word_1_165' title='bbox 732 3380 823 3457; x_wconf 90' lang='lat' dir='ltr'><strong>alios</strong></span> <span class='ocrx_word' id='word_1_166' title='bbox 841 3380 1079 3474; x_wconf 82' lang='lat' dir='ltr'><strong>Faliscorum,</strong></span> <span class='ocrx_word' id='word_1_167' title='bbox 1097 3379 1204 3455; x_wconf 90' lang='lat' dir='ltr'><strong>distat</strong></span> <span class='ocrx_word' id='word_1_168' title='bbox 1223 3379 1270 3455; x_wconf 89' lang='lat' dir='ltr'><strong>ab</strong></span> <span class='ocrx_word' id='word_1_169' title='bbox 1291 3380 1386 3456; x_wconf 92' lang='lat' dir='ltr'><strong>urbe</strong></span> <span class='ocrx_word' id='word_1_170' title='bbox 1406 3401 1560 3456; x_wconf 89' lang='lat' dir='ltr'><strong>romana</strong></span> <span class='ocrx_word' id='word_1_171' title='bbox 1577 3401 1644 3476; x_wconf 90' lang='lat' dir='ltr'><strong>per</strong></span> <span class='ocrx_word' id='word_1_172' title='bbox 1661 3378 1903 3476; x_wconf 78' lang='lat' dir='ltr'><strong>quadraginta</strong></span> 
     </span>
     <span class='ocr_line' id='line_1_22' title="bbox 734 3498 1903 3592; baseline -0.003 -19"><span class='ocrx_word' id='word_1_173' title='bbox 734 3499 916 3592; x_wconf 85' lang='lat' dir='ltr'><strong>milliaria3</strong></span> <span class='ocrx_word' id='word_1_174' title='bbox 937 3499 1035 3574; x_wconf 87' lang='lat' dir='ltr'><strong>uude</strong></span> <span class='ocrx_word' id='word_1_175' title='bbox 1051 3498 1307 3574; x_wconf 87' lang='lat' dir='ltr'><strong>Constantinus</strong></span> <span class='ocrx_word' id='word_1_176' title='bbox 1325 3499 1512 3574; x_wconf 86' lang='lat' dir='ltr'><strong>revocavit</strong></span> <span class='ocrx_word' id='word_1_177' title='bbox 1531 3499 1759 3592; x_wconf 91' lang='lat' dir='ltr'><strong>Silvestrum,</strong></span> <span class='ocrx_word' id='word_1_178' title='bbox 1772 3519 1797 3570; x_wconf 89' lang='lat' dir='ltr'><strong>o</strong></span> <span class='ocrx_word' id='word_1_179' title='bbox 1812 3518 1903 3588; x_wconf 82' lang='lat' dir='ltr'><strong>pao-</strong></span> 
     </span>
     <span class='ocr_line' id='line_1_23' title="bbox 733 3615 1904 3711; baseline -0.002 -19"><span class='ocrx_word' id='word_1_180' title='bbox 733 3621 790 3692; x_wconf 77' lang='lat' dir='ltr'><strong>n&#39;r</strong></span> <span class='ocrx_word' id='word_1_181' title='bbox 815 3621 858 3692; x_wconf 84' lang='lat' dir='ltr'><strong>dc</strong></span> <span class='ocrx_word' id='word_1_182' title='bbox 883 3621 919 3691; x_wconf 84' lang='lat' dir='ltr'><strong>la</strong></span> <span class='ocrx_word' id='word_1_183' title='bbox 943 3618 1069 3709; x_wconf 85' lang='lat' dir='ltr'><strong>lebbre,</strong></span> <span class='ocrx_word' id='word_1_184' title='bbox 1090 3617 1177 3711; x_wconf 89' lang='lat' dir='ltr'><strong>quia</strong></span> <span class='ocrx_word' id='word_1_185' title='bbox 1194 3615 1274 3691; x_wconf 88' lang='lat' dir='ltr'><strong>eius</strong></span> <span class='ocrx_word' id='word_1_186' title='bbox 1290 3637 1377 3691; x_wconf 90' lang='lat' dir='ltr'><strong>caro</strong></span> <span class='ocrx_word' id='word_1_187' title='bbox 1402 3623 1483 3691; x_wconf 91' lang='lat' dir='ltr'><strong>erat</strong></span> <span class='ocrx_word' id='word_1_188' title='bbox 1508 3616 1649 3692; x_wconf 91' lang='lat' dir='ltr'><strong>iniecta.</strong></span> <span class='ocrx_word' id='word_1_189' title='bbox 1670 3617 1714 3690; x_wconf 88' lang='lat' dir='ltr'><strong>Et</strong></span> <span class='ocrx_word' id='word_1_190' title='bbox 1730 3616 1789 3690; x_wconf 88' lang='lat' dir='ltr'><strong>bio</strong></span> <span class='ocrx_word' id='word_1_191' title='bbox 1806 3621 1904 3709; x_wconf 91' lang='lat' dir='ltr'><strong>nota,</strong></span> 
     </span>
     <span class='ocr_line' id='line_1_24' title="bbox 735 3725 1906 3832; baseline -0.002 -20"><span class='ocrx_word' id='word_1_192' title='bbox 735 3725 878 3832; x_wconf 81' lang='lat' dir='ltr'><strong>quod(⁷)</strong></span> <span class='ocrx_word' id='word_1_193' title='bbox 897 3737 956 3812; x_wconf 88' lang='lat' dir='ltr'><strong>bic</strong></span> <span class='ocrx_word' id='word_1_194' title='bbox 973 3756 1079 3812; x_wconf 87' lang='lat' dir='ltr'><strong>mons</strong></span> <span class='ocrx_word' id='word_1_195' title='bbox 1099 3735 1257 3810; x_wconf 87' lang='lat' dir='ltr'><strong>Soractis</strong></span> <span class='ocrx_word' id='word_1_196' title='bbox 1273 3742 1329 3811; x_wconf 81' lang='lat' dir='ltr'><strong>est</strong></span> <span class='ocrx_word' id='word_1_197' title='bbox 1341 3735 1447 3811; x_wconf 88' lang='lat' dir='ltr'><strong>valde</strong></span> <span class='ocrx_word' id='word_1_198' title='bbox 1463 3735 1628 3810; x_wconf 81' lang='lat' dir='ltr'><strong>silvester</strong></span> <span class='ocrx_word' id='word_1_199' title='bbox 1644 3745 1683 3812; x_wconf 89' lang='lat' dir='ltr'><strong>et</strong></span> <span class='ocrx_word' id='word_1_200' title='bbox 1698 3755 1823 3831; x_wconf 82' lang='lat' dir='ltr'><strong>asper3</strong></span> <span class='ocrx_word' id='word_1_201' title='bbox 1842 3735 1906 3810; x_wconf 87' lang='lat' dir='ltr'><strong>sed</strong></span> 
     </span>
     <span class='ocr_line' id='line_1_25' title="bbox 735 3855 1907 3953; baseline -0.004 -18"><span class='ocrx_word' id='word_1_202' title='bbox 735 3859 870 3935; x_wconf 89' lang='lat' dir='ltr'><strong>clarius</strong></span> <span class='ocrx_word' id='word_1_203' title='bbox 886 3857 1043 3934; x_wconf 89' lang='lat' dir='ltr'><strong>babetur</strong></span> <span class='ocrx_word' id='word_1_204' title='bbox 1060 3856 1158 3951; x_wconf 87' lang='lat' dir='ltr'><strong>apud</strong></span> <span class='ocrx_word' id='word_1_205' title='bbox 1176 3875 1350 3953; x_wconf 81' lang='lat' dir='ltr'><strong>paganos,</strong></span> <span class='ocrx_word' id='word_1_206' title='bbox 1369 3855 1455 3950; x_wconf 89' lang='lat' dir='ltr'><strong>quia</strong></span> <span class='ocrx_word' id='word_1_207' title='bbox 1480 3855 1549 3930; x_wconf 88' lang='lat' dir='ltr'><strong>luit</strong></span> <span class='ocrx_word' id='word_1_208' title='bbox 1564 3855 1651 3930; x_wconf 93' lang='lat' dir='ltr'><strong>oiim</strong></span> <span class='ocrx_word' id='word_1_209' title='bbox 1670 3864 1907 3932; x_wconf 87' lang='lat' dir='ltr'><strong>consecratus</strong></span> 
     </span>
     <span class='ocr_line' id='line_1_26' title="bbox 734 3973 1906 4074; baseline -0.003 -21"><span class='ocrx_word' id='word_1_210' title='bbox 734 3978 900 4074; x_wconf 79' lang='lat' dir='ltr'><strong>Apollini,</strong></span> <span class='ocrx_word' id='word_1_211' title='bbox 925 3984 968 4052; x_wconf 95' lang='lat' dir='ltr'><strong>ut</strong></span> <span class='ocrx_word' id='word_1_212' title='bbox 996 3983 1097 4073; x_wconf 90' lang='lat' dir='ltr'><strong>patet</strong></span> <span class='ocrx_word' id='word_1_213' title='bbox 1125 3975 1223 4071; x_wconf 88' lang='lat' dir='ltr'><strong>apud</strong></span> <span class='ocrx_word' id='word_1_214' title='bbox 1256 3973 1460 4072; x_wconf 84' lang='lat' dir='ltr'><strong>Virgilium,</strong></span> <span class='ocrx_word' id='word_1_215' title='bbox 1487 3980 1524 4050; x_wconf 91' lang='lat' dir='ltr'><strong>et</strong></span> <span class='ocrx_word' id='word_1_216' title='bbox 1558 3975 1656 4070; x_wconf 92' lang='lat' dir='ltr'><strong>apud</strong></span> <span class='ocrx_word' id='word_1_217' title='bbox 1682 3975 1906 4068; x_wconf 87' lang='lat' dir='ltr'><strong>christianos,</strong></span> 
     </span>
     <span class='ocr_line' id='line_1_27' title="bbox 736 4085 1906 4194; baseline -0.007 -20"><span class='ocrx_word' id='word_1_218' title='bbox 736 4100 823 4194; x_wconf 90' lang='lat' dir='ltr'><strong>quia</strong></span> <span class='ocrx_word' id='word_1_219' title='bbox 848 4099 885 4173; x_wconf 96' lang='lat' dir='ltr'><strong>in</strong></span> <span class='ocrx_word' id='word_1_220' title='bbox 910 4118 956 4174; x_wconf 92' lang='lat' dir='ltr'><strong>eo</strong></span> <span class='ocrx_word' id='word_1_221' title='bbox 980 4097 1085 4172; x_wconf 92' lang='lat' dir='ltr'><strong>latuit</strong></span> <span class='ocrx_word' id='word_1_222' title='bbox 1101 4085 1138 4190; x_wconf 81' lang='lat'><strong>(⁸)</strong></span> <span class='ocrx_word' id='word_1_223' title='bbox 1155 4095 1297 4192; x_wconf 89' lang='lat' dir='ltr'><strong>primus</strong></span> <span class='ocrx_word' id='word_1_224' title='bbox 1312 4095 1473 4191; x_wconf 84' lang='lat' dir='ltr'><strong>pontifex</strong></span> <span class='ocrx_word' id='word_1_225' title='bbox 1492 4095 1665 4171; x_wconf 79' lang='lat' dir='ltr'><strong>silvester</strong></span> <span class='ocrx_word' id='word_1_226' title='bbox 1683 4115 1725 4172; x_wconf 91' lang='lat' dir='ltr'><strong>re</strong></span> <span class='ocrx_word' id='word_1_227' title='bbox 1741 4101 1779 4172; x_wconf 91' lang='lat' dir='ltr'><strong>et</strong></span> <span class='ocrx_word' id='word_1_228' title='bbox 1795 4093 1906 4170; x_wconf 89' lang='lat' dir='ltr'><strong>etiam</strong></span> 
     </span>
    </p>
   </div>
   <div class='ocr_carea' id='block_1_3' title="bbox 736 4203 1908 4553">
    <p class='ocr_par' dir='ltr' id='par_1_3' title="bbox 736 4203 1908 4553">
     <span class='ocr_line' id='line_1_28' title="bbox 736 4203 1907 4315; baseline -0.008 -19"><span class='ocrx_word' id='word_1_229' title='bbox 736 4221 898 4315; x_wconf 90' lang='lat' dir='ltr'><strong>nomine,</strong></span> <span class='ocrx_word' id='word_1_230' title='bbox 922 4218 1009 4314; x_wconf 88' lang='lat' dir='ltr'><strong>quia</strong></span> <span class='ocrx_word' id='word_1_231' title='bbox 1034 4216 1216 4294; x_wconf 88' lang='lat' dir='ltr'><strong>solitarius</strong></span> <span class='ocrx_word' id='word_1_232' title='bbox 1241 4216 1290 4292; x_wconf 94' lang='lat' dir='ltr'><strong>ibi</strong></span> <span class='ocrx_word' id='word_1_233' title='bbox 1315 4216 1400 4310; x_wconf 81' lang='lat' dir='ltr'><strong>iuit3</strong></span> <span class='ocrx_word' id='word_1_234' title='bbox 1424 4215 1471 4292; x_wconf 91' lang='lat' dir='ltr'><strong>de</strong></span> <span class='ocrx_word' id='word_1_235' title='bbox 1496 4236 1571 4310; x_wconf 91' lang='lat' dir='ltr'><strong>quo</strong></span> <span class='ocrx_word' id='word_1_236' title='bbox 1596 4217 1677 4290; x_wconf 87' lang='lat' dir='ltr'><strong>loco</strong></span> <span class='ocrx_word' id='word_1_237' title='bbox 1701 4214 1855 4290; x_wconf 83' lang='lat' dir='ltr'><strong>silvestri</strong></span> <span class='ocrx_word' id='word_1_238' title='bbox 1869 4203 1907 4305; x_wconf 80' lang='lat'><strong>(⁹)</strong></span> 
     </span>
     <span class='ocr_line' id='line_1_29' title="bbox 736 4332 1908 4438; baseline -0.01 -20"><span class='ocrx_word' id='word_1_239' title='bbox 736 4348 774 4418; x_wconf 88' lang='lat' dir='ltr'><strong>ct</strong></span> <span class='ocrx_word' id='word_1_240' title='bbox 797 4359 959 4438; x_wconf 87' lang='lat' dir='ltr'><strong>paupere</strong></span> <span class='ocrx_word' id='word_1_241' title='bbox 985 4337 1121 4433; x_wconf 90' lang='lat' dir='ltr'><strong>recepit</strong></span> <span class='ocrx_word' id='word_1_242' title='bbox 1150 4337 1285 4432; x_wconf 89' lang='lat' dir='ltr'><strong>dotem,</strong></span> <span class='ocrx_word' id='word_1_243' title='bbox 1316 4357 1401 4430; x_wconf 75' lang='lat' dir='ltr'><strong>quae</strong></span> <span class='ocrx_word' id='word_1_244' title='bbox 1432 4342 1558 4432; x_wconf 88' lang='lat' dir='ltr'><strong>postea</strong></span> <span class='ocrx_word' id='word_1_245' title='bbox 1590 4333 1808 4409; x_wconf 89' lang='lat' dir='ltr'><strong>ministmvit</strong></span> <span class='ocrx_word' id='word_1_246' title='bbox 1839 4332 1908 4406; x_wconf 90' lang='lat' dir='ltr'><strong>ali·</strong></span> 
     </span>
     <span class='ocr_line' id='line_1_30' title="bbox 737 4445 1908 4553; baseline -0.009 -16"><span class='ocrx_word' id='word_1_247' title='bbox 737 4467 904 4537; x_wconf 89' lang='lat' dir='ltr'><strong>mentum</strong></span> <span class='ocrx_word' id='word_1_248' title='bbox 922 4457 1154 4535; x_wconf 91' lang='lat' dir='ltr'><strong>uberrimum</strong></span> <span class='ocrx_word' id='word_1_249' title='bbox 1172 4457 1267 4532; x_wconf 91' lang='lat' dir='ltr'><strong>vitiis</strong></span> <span class='ocrx_word' id='word_1_250' title='bbox 1291 4457 1541 4552; x_wconf 75' lang='lat' dir='ltr'><strong>prelatorum,</strong></span> <span class='ocrx_word' id='word_1_251' title='bbox 1559 4456 1646 4553; x_wconf 84' lang='lat' dir='ltr'><strong>quia</strong></span> <span class='ocrx_word' id='word_1_252' title='bbox 1661 4445 1715 4545; x_wconf 79' lang='lat'>(¹⁰)</span> <span class='ocrx_word' id='word_1_253' title='bbox 1736 4451 1819 4529; x_wconf 87' lang='lat' dir='ltr'><strong>iecit</strong></span> <span class='ocrx_word' id='word_1_254' title='bbox 1835 4451 1908 4526; x_wconf 89' lang='lat' dir='ltr'><strong>Bo-</strong></span> 
     </span>
    </p>
   </div>
   <div class='ocr_carea' id='block_1_4' title="bbox 800 4687 1867 5142">
    <p class='ocr_par' dir='ltr' id='par_1_4' title="bbox 800 4687 1845 4836">
     <span class='ocr_line' id='line_1_31' title="bbox 800 4687 1845 4760; baseline -0.009 -14"><span class='ocrx_word' id='word_1_255' title='bbox 800 4696 827 4758; x_wconf 84' lang='lat'><strong>(¹)</strong></span> <span class='ocrx_word' id='word_1_256' title='bbox 844 4695 875 4745; x_wconf 84' lang='lat' dir='ltr'><strong>ll.</strong></span> <span class='ocrx_word' id='word_1_257' title='bbox 891 4696 1002 4758; x_wconf 77' lang='lat' dir='ltr'><strong>petebat.</strong></span> <span class='ocrx_word' id='word_1_258' title='bbox 1126 4695 1153 4760; x_wconf 70' lang='grc' dir='ltr'><strong>ζ’)</strong></span> <span class='ocrx_word' id='word_1_259' title='bbox 1169 4696 1199 4746; x_wconf 80' lang='lat' dir='ltr'><strong>ii.</strong></span> <span class='ocrx_word' id='word_1_260' title='bbox 1216 4695 1356 4760; x_wconf 76' lang='lat' dir='ltr'><strong>requisivit.</strong></span> <span class='ocrx_word' id='word_1_261' title='bbox 1473 4691 1501 4754; x_wconf 75' lang='lat'><strong>(¹)</strong></span> <span class='ocrx_word' id='word_1_262' title='bbox 1516 4692 1542 4743; x_wconf 87' lang='lat' dir='ltr'><strong>S.</strong></span> <span class='ocrx_word' id='word_1_263' title='bbox 1559 4689 1699 4742; x_wconf 80' lang='lat' dir='ltr'><strong>molestum</strong></span> <span class='ocrx_word' id='word_1_264' title='bbox 1715 4687 1845 4740; x_wconf 78' lang='lat' dir='ltr'><strong>artiorem.</strong></span> 
     </span>
     <span class='ocr_line' id='line_1_32' title="bbox 800 4765 1740 4836; baseline -0.007 -14"><span class='ocrx_word' id='word_1_265' title='bbox 800 4771 829 4835; x_wconf 77' lang='lat'><strong>(¹)</strong></span> <span class='ocrx_word' id='word_1_266' title='bbox 843 4771 870 4822; x_wconf 81' lang='grc'><strong>8.</strong></span> <span class='ocrx_word' id='word_1_267' title='bbox 885 4784 995 4835; x_wconf 62' lang='lat' dir='ltr'><strong>mamus</strong></span> <span class='ocrx_word' id='word_1_268' title='bbox 1010 4773 1131 4836; x_wconf 68' lang='lat' dir='ltr'><strong>magister</strong></span> <span class='ocrx_word' id='word_1_269' title='bbox 1146 4774 1284 4836; x_wconf 78' lang='lat' dir='ltr'><strong>practicus.</strong></span> <span class='ocrx_word' id='word_1_270' title='bbox 1470 4769 1499 4833; x_wconf 84' lang='grc'><strong>(·)</strong></span> <span class='ocrx_word' id='word_1_271' title='bbox 1514 4769 1545 4819; x_wconf 85' lang='lat' dir='ltr'><strong>li.</strong></span> <span class='ocrx_word' id='word_1_272' title='bbox 1561 4765 1740 4818; x_wconf 76' lang='lat' dir='ltr'><strong>inomieiibst.</strong></span> 
     </span>
    </p>

    <p class='ocr_par' dir='ltr' id='par_1_5' title="bbox 801 4844 1867 4989">
     <span class='ocr_line' id='line_1_33' title="bbox 801 4844 1867 4912; baseline -0.008 -13"><span class='ocrx_word' id='word_1_273' title='bbox 801 4847 829 4912; x_wconf 74' lang='lat'><strong>(¹)</strong></span> <span class='ocrx_word' id='word_1_274' title='bbox 845 4852 900 4909; x_wconf 88' lang='lat' dir='ltr'><strong>titt,</strong></span> <span class='ocrx_word' id='word_1_275' title='bbox 916 4846 996 4898; x_wconf 74' lang='lat' dir='ltr'><strong>lebria</strong></span> <span class='ocrx_word' id='word_1_276' title='bbox 1011 4849 1128 4912; x_wconf 78' lang='lat' dir='ltr'><strong>eorporis</strong></span> <span class='ocrx_word' id='word_1_277' title='bbox 1142 4861 1158 4900; x_wconf 82' lang='grc' dir='ltr'>ι</span> <span class='ocrx_word' id='word_1_278' title='bbox 1172 4848 1339 4900; x_wconf 80' lang='lat' dir='ltr'><strong>simut-il.</strong></span> <span class='ocrx_word' id='word_1_279' title='bbox 1357 4845 1435 4898; x_wconf 83' lang='lat' dir='ltr'><strong>iebris</strong></span> <span class='ocrx_word' id='word_1_280' title='bbox 1450 4860 1465 4896; x_wconf 80' lang='lat' dir='ltr'><strong>s</strong></span> <span class='ocrx_word' id='word_1_281' title='bbox 1481 4844 1602 4896; x_wconf 83' lang='lat' dir='ltr'><strong>simillia</strong></span> <span class='ocrx_word' id='word_1_282' title='bbox 1618 4853 1737 4906; x_wconf 80' lang='lat' dir='ltr'><strong>corpore,</strong></span> <span class='ocrx_word' id='word_1_283' title='bbox 1753 4845 1777 4892; x_wconf 75' lang='lat' dir='ltr'><strong>ul</strong></span> <span class='ocrx_word' id='word_1_284' title='bbox 1791 4853 1867 4891; x_wconf 79' lang='lat' dir='ltr'><strong>mors.</strong></span> 
     </span>
     <span class='ocr_line' id='line_1_34' title="bbox 802 4923 1475 4989; baseline -0.001 -15"><span class='ocrx_word' id='word_1_285' title='bbox 802 4924 830 4988; x_wconf 72' lang='lat'><strong>(¹)</strong></span> <span class='ocrx_word' id='word_1_286' title='bbox 846 4923 877 4975; x_wconf 85' lang='lat' dir='ltr'><strong>il.</strong></span> <span class='ocrx_word' id='word_1_287' title='bbox 892 4923 963 4989; x_wconf 84' lang='lat' dir='ltr'><strong>quod</strong></span> <span class='ocrx_word' id='word_1_288' title='bbox 977 4937 1053 4976; x_wconf 79' lang='lat' dir='ltr'><strong>mons</strong></span> <span class='ocrx_word' id='word_1_289' title='bbox 1068 4925 1186 4976; x_wconf 69' lang='lat' dir='ltr'><strong>soracten</strong></span> <span class='ocrx_word' id='word_1_290' title='bbox 1200 4931 1240 4976; x_wconf 80' lang='lat' dir='ltr'><strong>est</strong></span> <span class='ocrx_word' id='word_1_291' title='bbox 1255 4925 1331 4977; x_wconf 77' lang='lat' dir='ltr'><strong>valvis</strong></span> <span class='ocrx_word' id='word_1_292' title='bbox 1344 4923 1475 4976; x_wconf 79' lang='lat' dir='ltr'><strong>silvestris.</strong></span> 
     </span>
    </p>

    <p class='ocr_par' dir='ltr' id='par_1_6' title="bbox 802 4999 1242 5066">
     <span class='ocr_line' id='line_1_35' title="bbox 802 4999 1242 5066; baseline 0 -14"><span class='ocrx_word' id='word_1_293' title='bbox 802 4999 830 5064; x_wconf 62' lang='grc' dir='ltr'><strong>β)</strong></span> <span class='ocrx_word' id='word_1_294' title='bbox 846 5001 877 5052; x_wconf 83' lang='lat' dir='ltr'><strong>lt.</strong></span> <span class='ocrx_word' id='word_1_295' title='bbox 893 4999 968 5054; x_wconf 79' lang='lat' dir='ltr'><strong>latuit</strong></span> <span class='ocrx_word' id='word_1_296' title='bbox 984 5001 1098 5066; x_wconf 74' lang='lat' dir='ltr'><strong>pontibx</strong></span> <span class='ocrx_word' id='word_1_297' title='bbox 1113 5001 1242 5053; x_wconf 69' lang='lat' dir='ltr'><strong>silvulam.</strong></span> 
     </span>
    </p>

    <p class='ocr_par' dir='ltr' id='par_1_7' title="bbox 804 5072 1735 5142">
     <span class='ocr_line' id='line_1_36' title="bbox 804 5072 1735 5142; baseline -0.006 -14"><span class='ocrx_word' id='word_1_298' title='bbox 804 5077 832 5141; x_wconf 79' lang='lat' dir='ltr'><strong>l’i</strong></span> <span class='ocrx_word' id='word_1_299' title='bbox 848 5078 879 5129; x_wconf 81' lang='lat' dir='ltr'><strong>ii.</strong></span> <span class='ocrx_word' id='word_1_300' title='bbox 895 5076 1017 5130; x_wconf 78' lang='lat' dir='ltr'><strong>Silvestsr</strong></span> <span class='ocrx_word' id='word_1_301' title='bbox 1033 5083 1096 5129; x_wconf 87' lang='lat' dir='ltr'><strong>tunc</strong></span> <span class='ocrx_word' id='word_1_302' title='bbox 1111 5091 1209 5142; x_wconf 77' lang='lat' dir='ltr'><strong>pauper</strong></span> <span class='ocrx_word' id='word_1_303' title='bbox 1225 5077 1331 5141; x_wconf 78' lang='lat' dir='ltr'><strong>recepit.</strong></span> <span class='ocrx_word' id='word_1_304' title='bbox 1466 5075 1502 5139; x_wconf 78' lang='grc'><strong>(“·)</strong></span> <span class='ocrx_word' id='word_1_305' title='bbox 1520 5079 1574 5136; x_wconf 86' lang='lat' dir='ltr'><strong>titt,</strong></span> <span class='ocrx_word' id='word_1_306' title='bbox 1590 5085 1649 5140; x_wconf 82' lang='lat' dir='ltr'><strong>quta</strong></span> <span class='ocrx_word' id='word_1_307' title='bbox 1665 5072 1735 5124; x_wconf 81' lang='lat' dir='ltr'><strong>ierit</strong></span> 
     </span>
    </p>
   </div>
   <div class='ocr_carea' id='block_1_5' title="bbox 0 0 2319 6836">
    <p class='ocr_par' dir='ltr' id='par_1_8' title="bbox 0 0 2319 6836">
     <span class='ocr_line' id='line_1_37' title="bbox 0 0 2319 6836; baseline 0 0"><span class='ocrx_word' id='word_1_308' title='bbox 0 0 2319 6836; x_wconf 95' lang='lat' dir='ltr'><strong> </strong></span> 
     </span>
    </p>
   </div>
  </div>
 </body>
</html>
