4526 6836
718 911 770 983 52
871 897 873 902 ’
1071 969 1074 980 .
1114 923 1318 980 eousnruu
1343 925 1494 978 mnsam

717 1071 885 1146 fraudem
903 1069 1147 1146 commissam.
1166 1071 1252 1145 llaec
1269 1070 1398 1146 electio
1416 1070 1510 1147 lacta
1528 1075 1583 1144 est
1600 1067 1637 1142 in
1653 1068 1814 1162 llCCCV,
1827 1067 1886 1144 die

718 1192 844 1286 quinta
860 1191 966 1287 junii,
993 1201 1030 1268 et
1057 1198 1251 1267 vacaverat
1276 1191 1380 1266 sedes
1397 1189 1743 1284 mensibusdecem,
1760 1188 1887 1264 diebus

719 1311 844 1408 viginti
858 1317 950 1386 octo.
965 1312 1069 1385 Nunc
1083 1317 1173 1408 ergo
1185 1311 1385 1405 considera,
1400 1312 1527 1405 lector,
1541 1309 1570 1382 si
1584 1309 1651 1387 iste
1667 1330 1760 1406 papa
1773 1301 1886 1402 britt¹l

720 1436 867 1506 creatus
887 1452 973 1506 cum
996 1430 1126 1506 maiori
1152 1429 1292 1526 fraude,
1310 1451 1423 1524 quam
1442 1429 1658 1506 Bouilacius.
1677 1429 1747 1504 Sed
1768 1428 1890 1504 cardi·

722 1551 822 1626 nales
839 1550 947 1624 italici
963 1551 1038 1625 suis
1054 1549 1240 1625 discordiis
1257 1558 1295 1626 et
1311 1549 1425 1644 culpis
1442 1549 1537 1624 bene
1558 1549 1708 1624 luerunt
1724 1548 1889 1644 castigati

721 1691 743 1743 a
778 1669 1013 1762 vasconibus3
1045 1669 1131 1763 quia
1162 1669 1266 1743 curia
1300 1668 1472 1745 translata
1507 1669 1574 1742 luit
1608 1669 1705 1743 ultra
1736 1675 1889 1742 montes

722 1790 815 1863 Nam
838 1788 1129 1883 archiepiscopus
1152 1794 1368 1883 praesentata
1387 1786 1453 1861 sibi
1471 1787 1648 1864 electione
1673 1788 1771 1883 apud
1798 1788 1891 1860 Bur-

722 1907 902 2004 dogalam,
928 1908 1047 1982 statim
1087 1907 1289 2002 acceptavit
1322 1907 1488 2003 libenter,
1523 1913 1561 1983 et
1597 1908 1771 1983 continuo
1801 1907 1892 1982 cita-

723 2028 775 2100 vit
808 2027 1022 2122 cardinales,
1053 2027 1152 2122 quod
1185 2027 1363 2103 deberent
1391 2027 1446 2102 ire
1475 2027 1698 2124 Lugdunum
1728 2028 1775 2102 ad
1813 2027 1892 2102 eius

634 2241 637 2248 ,
723 2147 996 2222 coronationem
1023 2168 1133 2242 supra
1160 2147 1391 2240 Rhodanum,
1416 2148 1454 2221 et
1483 2146 1567 2222 lecit
1596 2167 1637 2222 se
1661 2147 1783 2222 vocari
1810 2147 1893 2221 Cless
1993 2221 1996 2226 .

726 2248 887 2343 mentem
910 2266 957 2361 V3
984 2274 1020 2342 et
1046 2269 1235 2362 requisivit
1257 2287 1384 2365 regem
1405 2255 1568 2342 Franciae
1585 2275 1622 2344 et
1641 2269 1834 2366 dragonioe
1855 2277 1892 2344 et

724 2407 853 2462 ornnes
882 2389 1040 2463 barones
1073 2389 1231 2485 gallicos,
1268 2395 1310 2462 ut
1338 2388 1516 2463 adessent
1547 2387 1756 2463 Cardiuales
1785 2388 1892 2463 italici

726 2507 878 2582 luerunt
903 2527 947 2583 ex
975 2509 1046 2584 hoc
1071 2509 1229 2582 multum
1255 2507 1408 2603 coniusi,
1428 2515 1465 2584 et
1489 2508 1642 2604 gravati.
1660 2509 1703 2582 at
1723 2507 1893 2598 dominus

726 2628 916 2702 Mattheus
941 2628 1104 2720 Ruheus,
1126 2627 1184 2702 vir
1207 2627 1492 2722 antiquissimus,
1518 2628 1617 2722 prior
1642 2628 1894 2720 cardinalium,

727 2748 867 2823 detecta
895 2747 1034 2841 fraude,
1060 2746 1149 2822 dixit
1174 2747 1347 2822 cardinali
1371 2748 1551 2842 pratensi:
1573 2747 1707 2822 Venisti
1726 2748 1771 2823 ad
1792 2755 1895 2844 opta-

727 2874 832 2960 tum;
856 2866 921 2942 sed
946 2866 1050 2942 tarde
1079 2873 1288 2942 revertetur
1320 2866 1471 2942 ecclesia
1497 2867 1538 2940 in·
1563 2867 1712 2941 ltaliam.
1739 2866 1783 2944 lit
1813 2887 1897 2942 car·

727 2986 836 3061 dinali
856 2987 1065 3083 Neapolioni
1092 2986 1201 3061 dixit:
1226 2987 1307 3062 lleu
1333 2987 1455 3081 miser,
1482 2987 1622 3062 infelix!
1652 2987 1759 3063 hodie
1784 2987 1896 3062 iecisti

728 3116 839 3203 caput
874 3107 999 3182 mundi
1034 3107 1081 3183 ‹le
1112 3115 1223 3203 gente
1251 3108 1330 3182 sine
1358 3108 1486 3203 capite.
1518 3107 1754 3204 Ovngregatis
1786 3107 1897 3204 igitur

728 3227 973 3302 cardinalibus
996 3227 1094 3322 apud
1119 3226 1355 3324 Lugdunum,
1372 3247 1465 3323 papa
1482 3226 1548 3300 luit
1568 3232 1765 3302 coronatus
1789 3217 1895 3316 died)

731 3347 924 3422 undecima
938 3346 1159 3441 novembris,
1172 3347 1209 3422 in
1222 3346 1415 3443 praesentia
1433 3345 1530 3443 regis
1542 3346 1716 3421 Franciae.
1730 3345 1847 3433 Quem
1859 3334 1896 3436 (³)

725 3470 834 3564 juxta
859 3465 1080 3563 promissum
1107 3487 1200 3562 papa
1218 3466 1546 3542 recommunicavit
1562 3454 1598 3558 (⁴)
1621 3473 1658 3542 et
1679 3465 1837 3542 restituit
1853 3462 1899 3538 ad

730 3607 860 3663 omnes
884 3587 1043 3662 honores
1068 3593 1104 3660 ct
1129 3585 1332 3682 dignitates,
1350 3586 1484 3680 quihus
1505 3585 1710 3661 Bonilacius
1733 3584 1902 3681 privave-

734 3712 789 3784 rat
815 3727 921 3800 eum;
947 3711 984 3780 et
1008 3704 1157 3782 donavit
1174 3705 1239 3779 sibi
1257 3705 1417 3780 decimas
1440 3706 1551 3786 totius
1576 3705 1680 3802 regni
1705 3725 1771 3800 per
1795 3703 1902 3798 quiu-

733 3826 946 3922 quennium.
973 3825 1017 3898 ut
1041 3823 1088 3898 ad
1113 3824 1323 3920 petitionem
1353 3824 1437 3898 dicti
1467 3824 1564 3922 regis
1597 3823 1680 3902 lecit
1707 3821 1901 3899 duodecim

732 3947 934 4023 cardinales
954 3964 1130 4022 vascones
1154 3950 1191 4019 et
1216 3943 1372 4040 francos,
1390 3964 1518 4020 omnes
1538 3943 1677 4019 amicos
1701 3949 1739 4018 et
1762 3941 1902 4017 ollioia·

733 4069 786 4144 les
809 4066 893 4142 dicti
920 4066 1026 4164 regis.
1057 4064 1226 4140 Restituit
1257 4064 1367 4138 etiam
1397 4063 1491 4138 duos
1524 4063 1725 4139 cardinales
1755 4063 1802 4138 de
1832 4061 1903 4144 Co-

733 4190 859 4264 lumna
880 4187 930 4263 ,ad
955 4207 1083 4262 omnes
1109 4187 1267 4260 honores
1296 4191 1333 4259 et
1362 4183 1566 4280 dignitates,
1592 4184 1726 4278 quihus
1756 4183 1902 4257 lucrant

732 4309 862 4404 privati
887 4328 909 4382 a
935 4306 1130 4382 Boniiacio.
1156 4305 1217 4379 llis
1242 4304 1353 4401 gestis
1378 4305 1528 4380 recessit
1551 4325 1639 4379 cum
1657 4301 1901 4380 cardinalibus

733 4434 771 4503 et
794 4433 871 4502 tota
895 4425 999 4500 curia
1024 4425 1070 4499 ad
1094 4445 1200 4498 suam
1217 4423 1401 4499 civitatem
1419 4424 1678 4521 burdegalam,
1694 4423 1758 4498 ubi
1775 4441 1904 4499 omnes

734 4553 808 4620 tarn
827 4544 1028 4620 cardinales
1053 4563 1167 4637 quam
1191 4541 1250 4617 alii
1277 4542 1386 4620 italici
1402 4533 1437 4636 (⁸)
1456 4543 1610 4620 fuerunt
1627 4543 1723 4619 male
1741 4541 1903 4636 tractati3

799 4821 826 4879 l'l
843 4822 897 4880 lle,
913 4823 970 4869 crat
984 4821 1088 4868 creatus
1102 4827 1164 4867 cum
1180 4828 1281 4880 magua.
1410 4816 1437 4880 l'l
1454 4817 1480 4867 S.
1496 4817 1537 4869 dle
1552 4815 1662 4868 decim

799 4895 826 4958 Γ)
842 4893 873 4945 B·
889 4893 974 4956 ouem
990 4905 1079 4957 rem
1091 4891 1174 4956 iuxta.
1208 4939 1209 4944 ,

799 4970 828 5111 P)
841 4971 870 5099 ἓ.
885 4970 1086 5099 fflmunlcmlt
1101 4975 1128 5020 et
1145 4968 1265 5020 realltuit.
1275 4995 1304 5004 -
1317 4971 1371 5029 tlt,
1387 4969 1568 5024 recooclllnvlt
1580 4973 1608 5020 et
1624 4967 1746 5019 restituit.
