4526 6836
720 965 860 1022 camus
884 963 1042 1022 nmmos
1065 963 1195 1020 nonus.
1491 949 1537 1022 aa

370 1131 445 1207 quo
471 1110 640 1210 portabat
664 1129 737 1208 me,
759 1115 814 1185 siat
838 1131 893 1184 me
915 1113 1036 1203 pmcne
1061 1114 1101 1186 ol
1122 1115 1228 1203 rollo,
1252 1111 1344 1186 idest
1375 1111 1422 1188 ad
1450 1112 1540 1188 illud

370 1231 538 1307 foramen
566 1243 751 1327 cavatum,
777 1235 815 1306 di
843 1235 922 1324 quel
949 1234 1009 1305 clte
1036 1235 1068 1306 si
1094 1234 1225 1324 pinpeo
1249 1251 1316 1305 con
1340 1235 1377 1307 lu
1401 1235 1539 1325 nauco,

369 1350 460 1427 idest
485 1351 581 1426 illius
605 1371 709 1447 papae
733 1351 867 1426 Nicolae
884 1343 934 1446 (⁴),
960 1351 1024 1446 qui
1049 1351 1099 1426 ita
1123 1352 1283 1448 agitabat
1313 1369 1425 1428 crura
1454 1373 1540 1448 per·

370 1473 523 1548 cutiens·
535 1473 595 1547 illa
621 1471 789 1548 invicem.
815 1471 918 1547 Unde
935 1472 1017 1548 vide
1033 1473 1132 1566 quod
1157 1473 1346 1549 simoniaci
1362 1475 1540 1572 plangunt

371 1613 457 1669 cum
482 1591 664 1687 omnihus,
683 1591 746 1668 ubi
770 1593 980 1669 adulatores
1004 1593 1042 1667 in
1066 1593 1191 1691 belgia
1215 1594 1435 1689 praecedenti
1459 1597 1539 1692 plo·

373 1705 551 1807 rabautl')
578 1733 664 1789 cum
690 1713 861 1789 manibus
889 1714 1134 1810 percutientes
1158 1713 1226 1788 sibi
1251 1715 1409 1811 palmas3
1441 1717 1540 1792 unde

373 1834 585 1931 magnitudo
609 1834 744 1910 doloris
759 1834 797 1909 in
812 1833 889 1910 istis
914 1855 987 1910 non
1003 1833 1288 1932 deprehenditur
1307 1835 1374 1912 nisi
1394 1856 1441 1912 ex
1461 1838 1540 1934 agi·

372 1955 509 2030 tatione
532 1953 678 2052 pedum.
693 1959 790 2030 -0
815 1959 907 2048 qatol.
933 1955 998 2032 llic
1027 1961 1137 2031 autor
1167 1956 1323 2032 ostendit
1353 1957 1539 2051 quomodo

371 2075 553 2150 allocutus
577 2073 688 2150 merit
712 2075 825 2150 istum
850 2075 1031 2172 spiritum,
1056 2081 1094 2150 et
1118 2074 1270 2151 adverte
1294 2077 1404 2170 quale
1428 2097 1540 2153 exor-

371 2195 472 2270 dium
498 2195 594 2291 iacit,
620 2195 708 2290 quia
733 2195 879 2272 nolebat
894 2187 930 2290 (³)
956 2202 1105 2292 captare
1129 2195 1410 2297 benivolentiam
1436 2197 1539 2273 istius

370 2316 567 2391 sacerdotis
592 2315 798 2411 simoniaci3
824 2316 922 2393 unde
938 2315 1042 2395 dicit:
1068 2321 1109 2390 lo
1128 2319 1324 2409 comincict',
1341 2319 1469 2414 supple
1484 2317 1539 2392 di-

369 2456 466 2532 cere,
492 2419 516 2510 c
539 2441 625 2530 qual
646 2439 701 2510 cli
723 2439 785 2529 eie,
812 2437 926 2512 idest:
953 2459 976 2512 o
1001 2437 1229 2533 quicumque
1252 2437 1313 2533 sis,
1339 2442 1399 2513 cite
1418 2441 1542 2514 teeti

370 2559 408 2632 di
430 2579 472 2631 su
495 2559 533 2631 di
555 2563 657 2649 sodo,
675 2557 766 2633 idest
791 2557 855 2652 qui
871 2557 1000 2633 ordine
1016 2575 1191 2653 perverso
1208 2563 1310 2633 mnes
1326 2564 1437 2654 caput
1453 2578 1539 2654 pur-

374 2683 448 2753 tem
475 2677 691 2752 nobiliorem
716 2683 754 2753 et
783 2677 1011 2775 superiorem
1036 2677 1075 2752 in
1103 2677 1192 2752 limo
1218 2683 1341 2773 mire,
1366 2683 1403 2753 et
1427 2677 1538 2775 pedes

371 2805 513 2896 partem
531 2799 697 2875 viliorem
715 2799 925 2875 inferiorem
944 2819 1093 2874 sursum
1109 2805 1238 2875 contra
1258 2800 1416 2895 ooelum3
1433 2799 1538 2894 quasi

372 2919 479 3016 dicat,
492 2919 555 3014 qui
573 2939 647 2994 non
662 2919 754 3014 petis
774 2919 841 2994 nisi
859 2925 998 2995 terram
1012 2907 1063 3015 (⁸),
1080 2925 1119 2995 et
1134 2919 1300 2996 calcitras
1317 2926 1444 2995 contra
1461 2939 1538 2995 coe-

266 3075 272 3086 ·
372 3043 461 3136 lum,
480 3039 579 3135 quod
595 3059 801 3134 numquam
819 3039 968 3135 videbis,
984 3042 1106 3114 onim
1125 3042 1239 3131 oum,
1255 3061 1352 3114 conte
1364 3043 1431 3134 pul
1444 3047 1539 3114 oom-

373 3181 499 3252 messa,
525 3159 661 3235 scilicet
684 3160 844 3256 plantata
870 3169 907 3238 et
932 3159 1004 3235 fixa
1028 3160 1075 3235 ad
1100 3159 1254 3235 modum
1282 3160 1354 3256 pali
1385 3159 1539 3256 fortiter,

373 3281 422 3356 ita
447 3279 546 3375 quod
571 3298 645 3355 non
669 3285 772 3375 potes
801 3280 885 3355 inde
915 3279 1046 3375 divelli,
1072 3279 1135 3355 sed
1164 3299 1311 3376 semper
1338 3279 1449 3356 stabis
1477 3279 1540 3376 ibi,

373 3401 489 3476 donec
505 3399 626 3475 veniet
642 3400 747 3496 palus
763 3421 893 3495 novus,
910 3400 975 3494 qni
991 3399 1160 3476 detrudet
1176 3392 1213 3494 (³)
1232 3406 1269 3476 te
1286 3400 1478 3476 decessum
1488 3392 1540 3496 (⁸),

368 3523 421 3616 [α’
433 3525 538 3594 modo
562 3539 599 3593 se
623 3525 659 3593 to
677 3523 773 3612 putot.
800 3519 877 3594 lloc
901 3540 969 3616 pro
994 3525 1095 3595 tanto
1115 3519 1201 3620 dicit
1226 3521 1313 3615 quia
1338 3539 1412 3596 non
1438 3521 1541 3597 vide-

371 3641 481 3716 batur
505 3641 600 3716 bene
625 3639 831 3734 vensimile,
857 3638 956 3734 quod
980 3639 1040 3715 ille
1064 3647 1187 3736 posset
1214 3639 1308 3716 bene
1338 3641 1451 3736 loqui,
1476 3641 1541 3735 qui

372 3760 529 3836 habebat
557 3779 599 3835 os
630 3760 811 3855 repletum
842 3765 953 3855 terra,
980 3759 1062 3834 ideo
1091 3765 1202 3835 autor
1231 3760 1349 3836 sumt
1378 3761 1539 3846 multum

372 3886 540 3955 attentus.
555 3884 658 3954 -'lo
682 3887 795 3954 slave
816 3879 882 3956 llic
906 3885 1016 3954 autor
1040 3879 1223 3976 specificat
1238 3901 1343 3955 suam
1364 3901 1538 3979 magnam

372 4001 607 4076 attentionem
640 4021 707 4096 per
738 4020 850 4075 unam
884 4001 1196 4096 comparationem
1236 4001 1452 4077 mirabilem.
1486 4001 1540 4076 Ad

373 4119 479 4196 cuius
507 4119 788 4197 declarationem
814 4118 925 4195 debes
955 4119 1188 4195 considerare
1212 4141 1352 4216 casum,
1378 4121 1442 4215 qui
1473 4121 1541 4195 ali·

372 4240 520 4335 quando
544 4241 719 4338 contingit
736 4240 773 4314 in
793 4239 943 4334 mundo,
961 4239 1107 4334 scilicet,
1126 4239 1226 4333 quod
1243 4260 1341 4314 uuus
1358 4239 1539 4336 pessimus
1649 4259 1650 4262 ‘

372 4361 524 4436 sicarius
548 4359 744 4436 damnatus
768 4381 835 4457 per
855 4359 1034 4457 justitiam
1059 4361 1300 4455 temporalem
1327 4360 1373 4435 ad
1398 4360 1541 4456 planta-

372 4482 508 4559 tionem
526 4481 701 4577 corporls‚
718 4489 913 4578 postquam
939 4486 994 4556 est
1019 4481 1157 4577 positus
1180 4481 1217 4555 in
1241 4482 1337 4558 lossa
1362 4502 1450 4557 cum
1476 4502 1541 4556 ca·

371 4601 444 4698 pile
466 4600 640 4676 deorsum
668 4606 817 4677 revocat
841 4601 1088 4677 confessorem
1118 4623 1230 4676 suum
1257 4606 1297 4676 ut
1322 4601 1541 4677 condicatur

370 4720 438 4796 sibi
460 4720 598 4816 aliquid
622 4725 827 4817 peccatum,
844 4727 882 4796 et
898 4719 994 4796 dicat
1011 4720 1078 4795 sibi
1093 4721 1231 4816 aliquid
1247 4721 1294 4797 de
1311 4741 1417 4797 novo.
1437 4722 1539 4796 'lunc

434 4935 461 5000 p)
476 4937 508 4988 n.
524 4950 541 4988 s
557 4941 612 4998 rso,
629 4937 736 4991 meent
1164 4937 1192 5002 p)
1208 4939 1239 4989 n.
1256 4939 1419 5003 pruma.

432 5011 460 5075 l'l
476 5013 508 5066 B·
522 5011 634 5066 venua
1161 5015 1189 5078 (¹)
1205 5013 1236 5066 ts
1253 5019 1365 5066 unna

429 5088 1035 5156 (enumerandam
1161 5089 1474 5156 (prinam
