4526 6836
708 925 756 991 90
1100 933 1479 990 committmttl

707 1081 793 1158 lecit
816 1081 989 1156 uomitem
1013 1079 1217 1156 opinonem
1244 1079 1457 1176 pradictum
1483 1079 1587 1156 exire
1611 1087 1740 1156 oontm
1769 1081 1873 1179 galli-

706 1221 782 1296 cos,
803 1201 932 1296 etipse
957 1199 1082 1275 exiens
1107 1199 1218 1274 simul
1233 1220 1319 1274 oum
1346 1220 1391 1274 eo
1416 1199 1583 1295 predixit
1607 1219 1649 1276 so
1675 1201 1875 1278 vulneran-

706 1323 797 1398 dum
821 1321 858 1396 in
884 1341 988 1415 coxa,
1013 1320 1127 1396 etsie
1154 1320 1285 1396 accidit
1299 1321 1347 1396 de
1363 1320 1469 1395 lacto.
1490 1319 1589 1397 Unde
1608 1321 1732 1396 statim
1758 1321 1876 1398 modi-

708 1440 804 1518 cuvit
836 1461 876 1516 se
908 1459 995 1514 cum
1029 1460 1101 1514 oro
1135 1446 1173 1514 et
1204 1445 1346 1535 stuppa,
1381 1459 1466 1536 quse
1498 1447 1709 1537 portaverat
1733 1461 1873 1536 secum,

708 1563 802 1638 siout
825 1562 978 1658 ipsemet
1002 1559 1120 1634 Guido
1144 1560 1269 1635 scribit
1284 1553 1321 1653 (¹)
1346 1561 1393 1636 de
1418 1579 1458 1636 se
1482 1560 1571 1656 ipso.
1592 1561 1684 1636 Nam
1701 1561 1820 1637 Girido
1833 1553 1872 1655 (²)

707 1683 791 1758 leoit
814 1700 906 1776 opus
931 1680 1101 1777 pulcrum
1127 1688 1166 1756 et
1190 1700 1368 1776 magnum
1393 1681 1431 1756 in
1455 1681 1663 1777 astrologia,
1679 1683 1781 1776 quod
1803 1703 1875 1778 ego

708 1802 791 1897 vidi,
823 1801 859 1876 io
892 1821 968 1895 quo
1000 1806 1077 1874 mm
1107 1800 1207 1874 claro
1232 1799 1341 1874 tradit
1364 1799 1567 1876 doctrinam
1593 1801 1639 1876 de
1663 1803 1873 1900 astrologia,

707 1922 806 2016 quod
830 1921 930 1996 visus
954 1925 1010 1994 est
1034 1919 1128 1995 velle
1152 1913 1286 1995 dooere
1302 1919 1456 1996 seminas
1471 1920 1718 2017 astrologiam.
1736 1922 1875 1998 Tamen

706 2043 774 2119 iste
799 2048 922 2117 tantus
946 2040 1151 2136 astrologus
1175 2041 1273 2115 male
1297 2040 1401 2116 seivit
1425 2061 1652 2136 preservare
1676 2041 1786 2116 istum
1811 2062 1875 2116 oo·

706 2163 832 2238 mitem
859 2162 897 2236 in
920 2159 1082 2236 dominio
1107 2180 1188 2256 suo,
1214 2161 1301 2255 quia
1317 2167 1398 2256 post
1413 2181 1552 2236 annum
1571 2161 1725 2257 perdidit
1740 2170 1874 2257 totum,

706 2289 748 2357 ut
781 2280 930 2356 babebis
963 2279 1056 2354 inira
1088 2279 1246 2376 capitulo
1283 2279 1432 2376 xxvll3
1462 2287 1586 2357 tamon
1600 2273 1637 2375 (³)
1672 2301 1758 2358 cum
1797 2289 1873 2358 tota

704 2401 900 2498 astrologia
920 2419 988 2474 sua
1004 2398 1072 2474 luit
1092 2399 1248 2495 turpiter
1263 2399 1413 2476 delusus
1433 2401 1480 2475 ab
1501 2401 1692 2496 ignorante
1712 2401 1871 2496 quodam

705 2522 852 2596 rustino.
878 2521 950 2596 iles
969 2519 1134 2615 jucunda
1165 2526 1355 2595 narratur:
1382 2541 1468 2595 nam
1493 2541 1580 2595 cum
1605 2541 1731 2598 comes
1754 2521 1872 2597 Guido

705 2641 899 2738 pradictus
923 2645 1037 2717 staret
1062 2659 1137 2714 una
1161 2639 1220 2714 die
1250 2639 1288 2714 in
1321 2641 1440 2736 platea
1471 2641 1617 2718 Forlivii
1649 2642 1870 2738 pnloerrima

704 2769 743 2837 et
767 2781 912 2858 magna,
938 2759 1037 2835 venit
1062 2780 1159 2834 unus
1186 2760 1344 2834 rusticus
1363 2768 1559 2836 montanus
1572 2749 1623 2856 (⁸),
1644 2762 1708 2856 qui
1724 2762 1872 2838 donavit

704 2881 772 2956 sibi
796 2900 910 2956 unam
936 2880 1090 2954 salmam
1114 2879 1281 2974 pirorum
1294 2902 1305 2974 3
1332 2887 1369 2954 et
1392 2899 1478 2954 oum
1501 2900 1626 2955 nomes
1641 2880 1796 2956 dioeret:
1817 2888 1872 2956 sta

707 3021 855 3076 mecum
881 3001 918 3074 in
943 3019 1072 3094 coena3
1099 2999 1284 3094 respondit
1308 2999 1489 3077 rusticus:
1514 2999 1673 3096 domine,
1699 3001 1783 3076 nolo
1811 3021 1873 3076 ro-

706 3122 839 3197 cedere
875 3127 1075 3216 antequam
1112 3121 1230 3215 pluat,
1269 3119 1356 3214 quia
1389 3119 1621 3196 infallibiliter
1657 3120 1727 3196 erit
1764 3121 1873 3196 bodio

704 3243 827 3339 pluvia
859 3261 1004 3339 magna.
1037 3240 1169 3316 Comes
1202 3239 1368 3334 miratus,
1402 3240 1525 3316 statim
1558 3240 1643 3316 lecit
1670 3241 1792 3316 vocari
1826 3240 1873 3316 ad

705 3383 746 3438 se
769 3361 973 3437 Guidonem
999 3361 1209 3454 Bonattum,
1224 3371 1415 3454 tamquam
1435 3381 1612 3457 magnum
1633 3361 1872 3459 astrologum,

704 3491 742 3560 et
765 3480 854 3555 dixit
886 3479 945 3556 ei:
972 3471 1109 3572 audil⁵l
1140 3479 1240 3574 quod
1271 3479 1357 3555 dieit
1389 3480 1484 3558 iste?
1514 3479 1698 3576 respondit
1731 3480 1871 3556 Guido:

705 3599 819 3676 nescit
847 3597 935 3693 quid
968 3597 1086 3692 dieat3
1112 3597 1176 3674 sed
1205 3605 1396 3694 simule
1427 3599 1623 3675 modicum.
1658 3599 1726 3674 lvit
1754 3599 1871 3676 Guido

681 3721 750 3796 ·ad
783 3718 945 3794 studium
979 3737 1102 3813 suum,
1136 3723 1174 3792 ot
1214 3725 1366 3815 aooepto
1398 3718 1595 3796 astrolabio
1631 3719 1872 3796 nomidsravit

704 3838 973 3936 dispositionem
999 3837 1094 3933 omli,
1119 3844 1158 3914 et
1182 3857 1353 3915 reversus
1378 3839 1479 3936 dixit,
1504 3841 1603 3936 qnod
1621 3848 1705 3924 erat
1736 3840 1869 3936 impos·

704 3960 818 4056 sibile,
844 3957 943 4053 quod
975 3957 1119 4054 plueret
1147 3957 1206 4032 die
1237 3957 1308 4033 illa.
1339 3959 1487 4036 Rustioo
1518 3967 1644 4036 autem
1678 3961 1871 4055 pertinaci-

703 4068 810 4172 ter(⁶)
842 4077 1051 4154 affirmante
1082 4077 1219 4153 dictum
1250 4097 1375 4174 suum,
1399 4078 1490 4154 dixit
1513 4078 1653 4156 Guido:
1684 4081 1871 4174 quomodo

702 4199 772 4275 scis
797 4203 868 4274 tut
892 4197 1088 4294 Respondit
1112 4197 1295 4273 rusticus:
1322 4197 1408 4293 quia
1425 4187 1463 4292 (⁷)
1489 4199 1614 4276 asinus
1636 4221 1743 4278 meus
1762 4200 1870 4278 bodie

704 4321 742 4394 in
766 4319 867 4394 exitu
893 4317 1024 4392 stabuli
1050 4315 1206 4392 vibravit
1229 4324 1341 4413 caput
1365 4324 1403 4394 et
1427 4319 1546 4394 erexit
1568 4339 1695 4415 aures3
1716 4326 1755 4395 et
1770 4341 1870 4397 sem-

703 4459 780 4534 per,
813 4436 961 4532 quando
991 4435 1118 4511 solitus
1151 4441 1207 4511 est
1236 4435 1288 4511 sio
1317 4436 1450 4533 iacere,
1476 4439 1720 4514 certissimum
1744 4447 1800 4516 est
1822 4441 1871 4515 si-

701 4577 829 4655 gnum,
868 4555 966 4651 quod
1004 4562 1151 4649 tempus
1187 4555 1261 4631 oito
1298 4557 1511 4632 mutabitur.
1550 4558 1652 4634 'lunc
1684 4559 1870 4656 replicavit

763 4817 791 4880 ι’)
807 4819 832 4870 S.
848 4818 977 4872 dumlblt.
1518 4821 1548 4886 θ)
1565 4821 1596 4874 11.
1611 4821 1695 4875 uulda
1710 4823 1758 4874 uta
1773 4821 1842 4876 molt.

762 4894 789 4958 (¹)
805 4895 837 4946 11.
851 4901 974 4948 attam.
1521 4899 1548 4963 (⁸)
1564 4900 1596 4951 E.
1612 4898 1797 4951 mannua

764 4972 791 5034 ι’)
807 4971 840 5024 a
855 4972 1007 5026 audin-s.
1024 4973 1085 5026 uadi
1100 4975 1170 5039 quod
1186 4975 1247 5028 dett
1262 4976 1310 5026 isto
1326 4975 1452 5028 rusum!
1519 4975 1546 5038 (¹)
1562 4976 1594 5027 11.
1610 4978 1812 5040 mmmmm.

764 5047 791 5112 (¹)
807 5053 861 5110 llo,
878 5049 938 5114 qula
954 5051 1039 5102 mnas
1053 5063 1128 5104 ntur
1142 5053 1192 5105 isto
1207 5065 1282 5106 mua
1298 5053 1325 5104 lu
1341 5051 1421 5104 exitu.
