4550 6844
652 969 724 1037 tot)
1051 977 1254 1036 mumurati
1279 979 1433 1034 turmam

650 1121 787 1200 scilicet
812 1123 1022 1220 resupinato
1040 1115 1077 1216 (¹)
1105 1128 1143 1198 et
1171 1128 1323 1199 extense
1347 1143 1414 1219 per
1439 1121 1696 1216 terramque!
1716 1139 1828 1212 sopra

652 1245 817 1339 leopolte
840 1245 925 1316 tuo
948 1244 1147 1334 deltam,
1173 1241 1276 1338 idest,
1300 1241 1402 1337 quod
1425 1239 1539 1335 aliqui
1559 1237 1705 1318 stabant
1729 1259 1828 1312 unus

653 1383 766 1459 super
790 1367 937 1458 tergum
964 1362 1128 1458 alterius,
1153 1384 1173 1435 c
1197 1363 1294 1456 quot,
1320 1361 1423 1456 idest,
1453 1359 1596 1456 aliquis,
1622 1361 1828 1433 ducenar-

653 1491 750 1586 tooa,
763 1481 878 1576 idest,
905 1481 1116 1558 ialsillcabat
1140 1503 1192 1578 se,
1218 1503 1368 1576 σαφοη,
1394 1481 1498 1578 idest,
1514 1479 1638 1557 eundo
1657 1497 1745 1554 cum
1762 1498 1829 1574 pe-

653 1602 760 1677 dibus
785 1608 822 1678 et
855 1601 1037 1696 mannus,
1062 1623 1131 1695 per
1150 1605 1194 1676 to
1223 1605 1323 1678 tuto
1355 1603 1455 1693 mlle,
1487 1599 1590 1694 idest,
1625 1619 1692 1695 per
1721 1598 1828 1676 utam

653 1721 816 1818 bulgiam
843 1721 1003 1817 tristem3
1029 1726 1067 1796 et
1100 1720 1152 1796 sic
1181 1721 1297 1819 tetigit
1327 1727 1403 1797 tres
1427 1720 1656 1796 diversitates
1681 1719 1829 1797 talamo-

653 1865 750 1918 rum.
777 1833 889 1936 Fstl‘)
917 1849 955 1918 et
980 1848 1113 1936 quarta
1138 1841 1277 1936 species
1301 1840 1530 1935 falsatorum,
1557 1837 1620 1935 qui
1645 1845 1744 1914 stant
1768 1859 1829 1914 se-

652 1963 780 2039 dentes
804 1961 1033 2038 adhaerentes
1059 1982 1156 2036 unus
1180 1961 1298 2055 alteri,
1325 1961 1372 2038 de
1396 1981 1472 2055 qua
1496 1960 1582 2035 dicit
1610 1959 1732 2037 statim
1757 1959 1829 2033 im·

654 2083 827 2177 mediate3
853 2081 934 2158 ideo
960 2081 1054 2158 iortc
1079 2103 1152 2156 non
1182 2080 1299 2178 tetigit
1331 2081 1447 2178 ipsam
1473 2080 1544 2156 sub
1568 2079 1636 2156 ista
1662 2077 1827 2176 generali

653 2201 894 2299 explicatione
919 2206 956 2276 ct
980 2199 1217 2276 distinctione.

729 2327 841 2396 Posse
869 2341 991 2415 passo.
1024 2322 1095 2397 Ista
1131 2327 1188 2396 est
1217 2320 1323 2396 tertia
1352 2341 1438 2417 pars
1470 2320 1663 2418 generalis,
1689 2319 1827 2414 inqua

655 2448 765 2517 autor
789 2441 866 2537 agit
890 2446 926 2516 et
959 2447 1090 2516 tractat
1120 2440 1167 2516 de
1199 2441 1318 2537 prima
1352 2439 1474 2538 specie
1499 2439 1661 2516 talsitmis
1678 2429 1716 2532 (³)
1740 2459 1827 2533 quae

653 2561 859 2657 appellatur
883 2559 1078 2654 Alchimia3
1104 2566 1141 2636 et
1165 2559 1285 2655 primo
1309 2559 1467 2636 ostendit
1491 2579 1704 2655 processum
1730 2559 1828 2654 ipso-

657 2700 743 2755 rum
768 2679 814 2755 ad
840 2679 945 2755 istam
973 2680 1179 2774 materiam,
1204 2679 1347 2756 dicens:
1374 2683 1568 2772 andecam,
1589 2679 1735 2774 scilicet,
1761 2697 1828 2754 nos

653 2799 776 2896 ambo,
799 2822 908 2894 passo
928 2821 1051 2894 passo,
1076 2801 1180 2895 quasi
1206 2800 1324 2876 dicat:
1349 2803 1449 2877 lento
1473 2821 1594 2897 passu,
1618 2822 1729 2875 senza
1751 2821 1829 2874 aar·

648 2939 763 3028 ·mone.
791 2921 835 2992 Et
860 2918 919 2994 hic
944 2925 1030 2994 nota
1044 2907 1082 3012 (⁸)
1108 2919 1208 3016 quod
1237 2927 1346 2996 autor
1377 2920 1480 3017 lingit
1510 2919 1610 3015 quod
1643 2919 1701 2996 hic
1727 2921 1827 2996 ibant

651 3038 756 3114 tarde
773 3045 810 3113 et
830 3039 950 3133 tacite,
968 3038 1031 3113 ubi
1048 3059 1161 3135 supra
1178 3039 1278 3116 ibant
1294 3039 1366 3115 cito
1383 3047 1421 3118 et
1437 3040 1612 3116 continuo
1628 3038 1824 3134 loquendo,

651 3158 964 3234 adiudicandum
999 3159 1097 3254 quod
1133 3160 1243 3235 modo
1279 3159 1452 3236 tondebat
1479 3152 1516 3253 (⁶)
1550 3159 1597 3236 ad
1630 3157 1824 3234 materiem

507 3343 511 3350 .
650 3279 821 3356 subtilem
847 3284 884 3354 et
909 3279 1090 3354 occultam
1112 3269 1163 3374 (⁶),
1189 3279 1271 3355 ideo
1305 3299 1391 3356 cum
1424 3300 1560 3377 magna
1593 3278 1827 3374 premedita-

650 3400 748 3476 tione
768 3405 806 3474 et
822 3398 1085 3495 abstractione3
1103 3399 1185 3475 ideo
1202 3399 1307 3474 dicit:
1324 3401 1540 3492 poordondo
1557 3407 1589 3473 et
1607 3401 1825 3491 asmttondo,

650 3519 753 3613 idest,
778 3519 999 3614 speculando
1023 3525 1173 3614 attente,
1198 3522 1249 3612 pti
1278 3522 1475 3611 ammotad,
1506 3518 1609 3612 idest,
1635 3519 1825 3593 falsatores

650 3639 825 3733 infirmos,
843 3640 903 3711 cde
925 3659 998 3712 non
1018 3645 1148 3732 petron
1172 3642 1272 3712 avar
1297 3643 1329 3714 le
1353 3635 1823 3732 torpersone;1tcetenim

649 3758 763 3853 aliqui
777 3763 1015 3834 morerentur
1026 3747 1075 3853 ζ’),
1089 3778 1164 3832 uon
1182 3764 1305 3834 tamm
1323 3758 1494 3834 levabant
1511 3779 1644 3854 corpus
1660 3777 1826 3854 sumum,

647 3878 739 3972 quia
765 3877 1018 3954 discurrebant
1051 3900 1139 3955 cum
1164 3878 1335 3954 manibus
1369 3878 1589 3974 etpedibus
1618 3898 1725 3954 more
1758 3878 1825 3956 be-

650 3997 816 4074 stiarum.
837 4039 887 4053 -
902 4001 944 4072 Io
975 4000 1055 4074 vidi.
1087 3998 1152 4074 llic
1184 4005 1295 4074 autor
1327 3997 1499 4074 describit
1528 3998 1644 4093 ipsam
1676 4018 1823 4094 poenam

649 4117 958 4214 Alchimistarum
976 4139 1059 4214 quae
1077 4118 1165 4213 quia
1181 4119 1339 4193 obscura
1356 4124 1424 4213 est,
1440 4116 1488 4192 ad
1505 4117 1600 4192 illius
1621 4117 1823 4193 claritatem

650 4239 734 4315 volo
749 4245 787 4314 te
806 4245 935 4315 notare
959 4259 1046 4314 cum
1073 4244 1148 4314 tota
1174 4237 1375 4314 attentione
1405 4244 1443 4314 et
1474 4237 1674 4312 intentione
1698 4237 1824 4328 animi,

649 4360 748 4455 quod
778 4379 983 4454 numquam
1014 4379 1082 4456 per
1111 4358 1304 4456 Virgilium
1336 4359 1395 4434 vel
1428 4356 1543 4432 alium
1575 4357 1644 4432 tuit
1676 4357 1823 4432 inventa

648 4500 759 4576 poena
783 4479 963 4554 curiosior
988 4479 1065 4554 ista.
1092 4479 1152 4552 Est
1177 4499 1268 4576 ergo
1291 4498 1401 4574 poena
1416 4477 1711 4553 Alchimistarum
1731 4476 1822 4571 talis,

651 4599 750 4695 quod
775 4605 872 4672 stant
896 4598 1006 4673 simul
1030 4597 1156 4674 sociati
1181 4605 1218 4674 et
1243 4597 1423 4694 appodiati
1457 4619 1554 4672 unus
1584 4597 1701 4692 alteri,
1728 4597 1824 4672 sicut

712 4857 738 4917 l')
756 4855 786 4906 Ε.
798 4856 971 4920 resupinatus.
981 4861 1008 4908 et
1018 4861 1123 4910 extense
1133 4869 1220 4922 super.
1262 4856 1291 4920 (¹)
1307 4858 1338 4910 li.
1354 4858 1401 4910 litt
1416 4859 1496 4910 ellam
1511 4863 1613 4924 quarta.

714 4935 741 4998 (⁸)
756 4937 783 4986 S.
800 4936 952 4988 iubatorum
967 4942 994 4989 et
1010 4937 1138 4991 lalaltatls.
1264 4939 1291 5002 (Ἰ
1308 4939 1339 4991 n
1355 4952 1371 4990 ο
1388 4943 1444 5000 tta,
1461 4939 1576 4991 advene.

714 5013 741 5074 (¹)
756 5013 782 5062 s.
799 5013 1020 5068 tardabant-ll.
1036 5015 1115 5068 ibant.
1265 5015 1292 5080 (⁸)
1308 5015 1569 5080 Roboarmldeo
1580 5012 1826 5080 dicitapaoednndo.

714 5089 741 5152 (¹)
758 5089 788 5140 Ε.
805 5089 964 5144 levarentur.
