4534 6842
666 937 804 996 usurus
828 941 1022 997 uouemus
1048 939 1240 996 sncuuuus.
1473 929 1541 998 135

371 1085 434 1176 poi
466 1082 527 1154 else
553 1084 585 1154 si
614 1083 809 1175 cosmam,
842 1083 947 1177 quasi
981 1083 1101 1159 dicat:
1121 1103 1214 1172 ¹non
1250 1085 1369 1159 solum
1401 1090 1539 1159 attente

373 1201 497 1277 nomvi
523 1201 671 1275 nomina
696 1221 828 1276 eorum
854 1204 1001 1297 quando
1026 1203 1210 1278 llalacoda
1234 1203 1318 1279 lecit
1335 1211 1538 1280 monstram

372 1320 597 1415 desisset
623 1319 731 1396 etiam
767 1327 893 1416 postea
922 1322 1069 1416 quando
1100 1343 1196 1396 unus
1227 1322 1341 1397 alium
1375 1323 1542 1398 nomina-

373 1442 436 1517 bat
448 1434 485 1533 (¹)
504 1439 627 1535 atquo
644 1459 743 1514 casu.
757 1481 807 1494 -
819 1445 864 1514 nt
887 1443 933 1514 io.
952 1441 1017 1516 llic
1037 1447 1147 1516 autor
1171 1440 1327 1516 ostendit
1342 1442 1540 1536 quomodo,

375 1582 422 1636 ex
449 1579 523 1654 quo
549 1558 685 1634 sciebat
710 1559 858 1634 nomina
887 1560 1096 1634 daemonum
1117 1552 1154 1653 (²)
1182 1560 1399 1655 crudelium,
1426 1560 1541 1635 voluit

374 1680 468 1756 scire
493 1699 628 1754 nomen
652 1679 755 1754 istius
780 1679 926 1776 captivi5
953 1679 1051 1755 unde
1074 1680 1182 1754 dicit:
1209 1688 1241 1754 et
1264 1683 1312 1772 io,
1333 1683 1461 1776 supple
1478 1701 1543 1775 pe·

376 1800 450 1896 tivi,
467 1819 490 1871 o
507 1805 660 1873 mecstro
677 1803 759 1892 mio,
774 1803 826 1895 so’
840 1821 877 1874 se
901 1807 936 1874 tu
956 1803 1064 1893 peon·
1088 1801 1159 1874 hoc
1169 1799 1258 1875 dicit
1282 1800 1370 1894 quia
1394 1820 1468 1874 uon
1485 1800 1541 1875 vi-

374 1919 531 1994 debatur
555 1919 650 2016 lsene
674 1919 842 2014 possibile
874 1920 975 2015 loqui
1005 1940 1091 1995 cum
1122 1919 1191 1995 isto
1215 1919 1253 1994 in
1278 1925 1378 1994 tanto
1403 1919 1540 2015 lurore,

375 2044 440 2114 aut
465 2038 662 2133 impetrare
688 2038 869 2114 licentiam
895 2041 1042 2116 abistis
1071 2039 1171 2113 iratis
1201 2038 1372 2133 loquendi
1403 2059 1542 2134 smum,

375 2159 457 2234 ideo
473 2159 575 2234 dicit:
593 2161 653 2232 otc
668 2165 705 2232 tu
720 2161 840 2252 supple
864 2163 917 2232 cls'
932 2157 969 2233 e‘e
985 2164 1019 2234 lo
1034 2163 1248 2252 suspecto,
1260 2159 1370 2253 idest,
1392 2159 1459 2234 iste
1478 2161 1543 2253 qui

375 2278 563 2353 infeliciter
588 2283 715 2372 captus
740 2286 795 2354 est
824 2279 872 2354 ab
903 2279 990 2374 istie,
1022 2279 1086 2373 qui
1119 2279 1218 2353 solus
1249 2278 1371 2353 incidit
1401 2279 1438 2352 in
1472 2300 1543 2354 un-

376 2417 469 2493 gues
484 2387 520 2489 (³)
540 2417 671 2472 eorum
699 2417 744 2472 ex
773 2405 872 2472 tanto
895 2417 1052 2472 numero
1073 2405 1325 2492 peccatorum3
1343 2397 1424 2472 ideo
1445 2398 1539 2474 bene

377 2516 480 2594 dicit:
507 2525 630 2592 neuun
646 2540 670 2591 a
687 2507 771 2592 mon
796 2521 839 2592 cle
863 2521 889 2592 lt
914 2521 1075 2593 amrson·
1089 2521 1178 2610 suoi,
1196 2518 1283 2612 quia
1302 2516 1352 2592 ita
1369 2519 1544 2594 hostiliter

379 2643 494 2732 agunt
520 2656 667 2731 secum3
693 2647 730 2714 et
754 2638 853 2734 ponit
879 2638 1202 2734 interrogationem
1220 2637 1357 2732 Virgilii
1375 2637 1422 2712 ud
1439 2638 1540 2712 illum

377 2757 543 2852 spiritum
561 2763 598 2832 et
615 2757 709 2854 illius
726 2759 1008 2852 responsionem.
1026 2758 1117 2832 Dicit
1134 2778 1248 2854 ergo:
1275 2761 1324 2830 Lo
1341 2760 1431 2832 duca
1456 2760 1538 2850 mio,

376 2879 510 2954 scilicet
535 2877 706 2974 Virgilius
731 2879 857 2954 volens
881 2877 1089 2953 satisfacere
1113 2885 1200 2953 voto
1225 2899 1320 2973 meo,
1343 2878 1430 2973 quia
1454 2896 1543 2952 vere

376 2998 443 3074 iste
465 2997 561 3072 bene
586 2998 799 3072 merebatur
824 2997 1005 3071 nominari
1029 2997 1067 3071 in
1092 2996 1160 3072 isto
1177 3001 1344 3090 tractatu,
1371 2996 1457 3090 quia
1477 2995 1545 3068 luit

376 3117 547 3193 solemnis
572 3117 703 3192 artilex
728 3117 837 3192 huius
860 3117 960 3210 artie,
986 3123 1028 3190 ut
1053 3116 1125 3193 cito
1154 3117 1303 3211 videbis,
1332 3115 1421 3210 ¹quia
1447 3114 1543 3188 ludi-

376 3238 545 3314 ficabitur
556 3225 592 3329 (⁴)
606 3257 746 3331 omnes,
761 3230 987 3310 lismonte
1001 3239 1084 3329 lato,
1098 3243 1140 3311 ut
1155 3236 1310 3312 habilius
1326 3237 1542 3330 loqueretur

376 3357 414 3430 in
443 3355 564 3430 medio
598 3361 651 3430 tot
683 3355 1076 3450 circumstrepentium,
1110 3377 1128 3429 e
1158 3357 1386 3447 dimondollo,
1419 3357 1545 3429 mrc'ei

373 3479 491 3570 fosse:
516 3483 554 3552 et
578 3475 679 3570 ponit
708 3477 981 3571 responsionem
1013 3476 1108 3550 illius
1133 3476 1345 3571 pleniorem,
1372 3476 1457 3570 quia
1484 3475 1544 3551 ille

379 3593 625 3691 interrogatus
649 3594 696 3672 de
720 3607 829 3693 gente
850 3595 908 3670 vel
933 3594 979 3670 de
996 3595 1126 3690 patria,
1142 3595 1311 3671 describit
1327 3615 1367 3672 se
1382 3616 1407 3670 a
1422 3602 1542 3692 gente,

377 3735 400 3788 a
425 3713 647 3810 parentibus,
672 3715 720 3789 ab
745 3713 874 3810 officio,
900 3734 946 3790 ac
970 3714 1120 3809 iusuper
1143 3713 1282 3809 aritio,
1300 3735 1375 3808 quo
1391 3716 1544 3791 damua-

378 3840 437 3908 tus
461 3843 526 3912 est
552 3835 596 3908 lit
621 3834 666 3910 ad
682 3835 910 3936 evidentiam
937 3834 1047 3909 huius
1079 3833 1132 3910 rei
1157 3835 1371 3930 peregrinae,
1398 3837 1481 3909 volo
1507 3839 1543 3908 te

377 3953 483 4046 scire,
504 3953 613 4049 quod,
631 3960 743 4049 prout
766 3953 959 4050 imaginor,
976 3954 1111 4028 Dentes
1135 3953 1263 4027 habuit
1288 3952 1382 4027 istud
1406 3974 1544 4028 novum

378 4072 537 4150 Parisius
553 4093 639 4148 cum
661 4073 710 4147 ibi
734 4078 829 4148 esset
853 4073 972 4168 gratia
992 4071 1100 4148 studii
1116 4077 1196 4167 post
1212 4071 1395 4168 indignam
1416 4072 1547 4166 expul-

378 4192 518 4268 sionem
535 4213 659 4287 suam;
676 4199 713 4268 et
730 4193 816 4286 quia
834 4196 1025 4268 nouverat
1040 4191 1220 4266 inauditas
1239 4191 1385 4265 fraudes
1402 4197 1439 4265 et
1459 4212 1546 4286 pro-

378 4314 507 4390 fundas
524 4313 679 4389 malitias
691 4313 792 4387 istius
804 4312 947 4408 diaboli,
960 4312 1022 4406 qui
1036 4314 1117 4408 plus
1130 4311 1266 4386 sciebat
1278 4311 1379 4386 omni
1391 4311 1545 4406 motolo,

378 4435 538 4512 decrevit
563 4434 684 4510 lacere
709 4439 924 4529 perpetuam
950 4433 1168 4508 memoriam
1192 4431 1240 4506 de
1260 4451 1316 4506 eo.
1334 4430 1436 4506 Unde
1461 4418 1564 4504 nom*

378 4552 477 4648 quod
502 4553 570 4628 iste
595 4552 716 4628 inlelix
742 4552 809 4626 luit
834 4551 980 4628 natione
1001 4552 1175 4646 hispanus
1198 4550 1245 4626 de
1270 4568 1384 4647 reguo
1401 4550 1541 4625 Navar-

380 4674 458 4768 riaej
481 4679 588 4746 natus
613 4692 661 4746 ex
684 4669 796 4746 nobili
815 4677 935 4748 matre
959 4681 997 4748 et
1022 4671 1194 4747 vilissimo
1220 4676 1334 4765 patre.
1359 4670 1427 4757 Qui
1454 4690 1540 4744 cum

379 4791 612 4888 prodigaliter
636 4791 864 4886 dilapidasset
887 4792 1011 4866 omnia
1036 4791 1132 4867 bona
1157 4811 1236 4884 sua,
1258 4797 1301 4862 ut
1324 4789 1446 4884 audio,
1466 4795 1547 4864 tan·

441 4977 469 5041 (¹)
486 4978 516 5029 li.
533 4979 649 5030 malunt
997 4977 1026 5044 (¹)
1042 4977 1281 5030 §.demoniorum

441 5051 468 5116 (¹)
485 5059 539 5116 lle,
554 5055 683 5120 unwlbus
698 5067 800 5108 sorum.
995 5054 1021 5118 (¹)
1037 5059 1091 5114 llo,
1106 5051 1285 5104 ludificabatur
1304 5051 1429 5104 hominu.
