4566 6844
712 975 783 1043 528
1111 985 1314 1043 GOPOENTUH
1339 985 1490 1042 musam

710 1139 798 1207 aute
814 1131 894 1206 eius
911 1131 1069 1226 ruinam,
1087 1131 1281 1208 videbatur
1300 1131 1427 1207 videre
1451 1131 1489 1204 iu
1512 1129 1668 1223 somnio,
1685 1129 1786 1222 quod
1805 1128 1883 1225 ipso

711 1252 866 1326 florenta
878 1260 915 1326 et
928 1256 1117 1346 regnante,
1130 1251 1424 1347 archiepiscopus
1443 1248 1625 1347 Rogerius
1637 1248 1836 1324 tollebatur
1848 1241 1884 1341 (⁴)

711 1369 750 1445 iu
775 1369 966 1445 domiuum
993 1391 1105 1466 super
1135 1371 1226 1446 alios
1257 1381 1448 1470 magnates
1472 1369 1689 1467 ghibellinas
1713 1369 1760 1444 de
1783 1368 1884 1463 Pisis,

711 1489 775 1585 qui
800 1490 846 1564 ad
873 1495 1036 1564 montem
1064 1511 1177 1587 prope
1192 1491 1293 1566 Pisas
1309 1491 1540 1566 venabantur
1557 1480 1594 1582 (¹)
1612 1509 1730 1563 uuum
1753 1489 1880 1584 lupum

711 1629 798 1683 cum
824 1609 955 1684 catulis
979 1609 1066 1703 suis,
1091 1616 1234 1705 etpost
1258 1610 1412 1686 brevem
1442 1610 1568 1706 sugam
1601 1627 1711 1684 canes
1742 1628 1883 1684 renau-

711 1727 805 1802 tium
831 1727 1057 1824 attiugehaut
1080 1729 1209 1823 lupum
1236 1735 1274 1804 et
1298 1729 1453 1824 lupulus,
1472 1733 1510 1802 et
1529 1745 1658 1802 omnes
1684 1724 1881 1802 crudeliter

712 1848 901 1922 necabant
928 1849 1034 1922 Nunc
1058 1849 1104 1924 ad
1130 1849 1286 1943 literam,
1311 1847 1396 1923 dicit
1426 1853 1559 1924 autor:
1593 1851 1721 1939 Questt,
1746 1847 1883 1924 scilicet

711 1969 1016 2063 archiepiscopus,
1027 1989 1166 2062 pareva
1183 1990 1207 2041 a
1224 1991 1277 2041 ute
1294 1974 1446 2042 maestro
1463 1989 1484 2040 e
1499 1969 1632 2059 dormo,
1646 1966 1747 2061 idest,
1764 1967 1884 2042 maior

712 2094 750 2162 et
774 2086 944 2162 domiuus
969 2087 1007 2162 iu
1033 2087 1246 2181 venaticum
1265 2107 1350 2162 uam
1373 2086 1488 2182 pisani
1513 2085 1681 2163 iecerunt
1705 2105 1794 2161 eum
1820 2106 1884 2161 ca-

711 2207 899 2303 pitaneum
926 2216 963 2285 et
987 2207 1119 2282 ducem
1145 2227 1298 2282 eorum:
1326 2209 1516 2280 coemendo
1536 2207 1562 2279 ’l
1575 2209 1679 2299 'lupa
1703 2205 1806 2300 idest,
1824 2212 1883 2302 ty-

712 2347 884 2422 ranuum,
911 2327 1046 2402 scilicet
1072 2319 1183 2420 mel³i
1211 2327 1384 2402 comitem
1416 2325 1623 2422 Ugolinum.
1657 2326 1749 2400 Nam
1776 2327 1884 2420 lupus

713 2446 848 2542 figurat
873 2456 1083 2541 tyranuum,
1104 2446 1214 2542 juxta
1239 2445 1347 2519 illud:
1380 2447 1416 2517 la'
1444 2451 1598 2536 reprcunt
1625 2445 1775 2536 quaeat
1796 2444 1882 2518 urhe

711 2569 786 2658 lupi
795 2592 811 2657 ;
825 2587 909 2639 -e
939 2567 1128 2658 tlupicioi,
1160 2565 1261 2660 idest,
1288 2565 1380 2640 lilios
1414 2565 1556 2639 comitis
1594 2563 1882 2660 tyranuuuculos

713 2684 916 2759 simillimos
940 2685 1045 2780 patri.
1068 2685 1154 2761 ldeo
1180 2686 1275 2760 haue
1299 2684 1385 2759 dicit
1409 2684 1480 2778 ille,
1498 2683 1561 2778 qui
1584 2683 1754 2780 portabat
1779 2685 1883 2779 lupos

712 2803 886 2900 parrulos
913 2804 1230 2899 adtendendum,
1261 2811 1411 2900 rogatus
1445 2803 1494 2878 ab
1531 2823 1607 2876 uuo
1632 2808 1811 2898 emptore,
1843 2809 1883 2877 ut

712 2922 819 2996 daret
849 2921 915 2996 sihi
948 2944 1066 2997 uuum
1102 2923 1256 3018 bouuua
1282 2919 1486 3018 respoudit:
1522 2941 1650 2996 omues
1674 2927 1759 2995 suut
1785 2921 1883 3017 lupi3

713 3047 753 3118 ol
780 3050 907 3135 mona,
937 3043 1040 3138 idest,
1067 3045 1176 3140 juxta
1208 3049 1385 3137 montem,
1419 3043 1482 3136 qui
1514 3049 1570 3117 est
1607 3042 1751 3116 medius
1789 3042 1885 3116 iuter

712 3165 851 3238 Lucam
881 3169 919 3239 et
943 3164 1055 3258 Pisas,
1081 3163 1145 3258 qui
1170 3163 1303 3238 dicitur
1328 3161 1436 3237 hodie
1468 3181 1574 3236 mous
1598 3161 1713 3236 saucti
1741 3161 1883 3236 tuliani.

713 3283 798 3358 ldeo
823 3283 931 3358 dicit:
958 3286 1079 3377 perot'
1094 3286 1123 3357 et
1139 3286 1248 3377 pisan
1273 3285 1377 3356 verim
1402 3287 1514 3355 Laeca
1539 3301 1611 3354 uon
1636 3301 1770 3374 ponam
1801 3301 1885 3375 quae

712 3411 837 3479 tamen
863 3409 919 3478 est
947 3403 999 3478 eie
1023 3403 1143 3478 vicina
1167 3424 1234 3498 per
1257 3403 1386 3478 decem
1417 3401 1601 3496 milliaria,
1632 3407 1668 3475 et
1701 3419 1798 3495 saepe
1823 3421 1886 3474 su-

713 3524 863 3618 biugata
888 3530 925 3598 et
950 3523 1108 3619 expilata
1125 3511 1173 3616 (⁴),
1194 3524 1302 3618 juxta
1327 3521 1418 3596 illud
1443 3521 1603 3618 volgare
1627 3519 1884 3616 proverbium:

713 3649 841 3717 haum
866 3636 964 3716 aaa
987 3637 1008 3716 c*
1029 3647 1155 3734 hrcou,
1178 3663 1238 3714 mo
1257 3646 1342 3716 Pisa
1366 3645 1404 3715 lo
1426 3644 1579 3734 pelucco.
1610 3641 1653 3712 lit
1678 3638 1782 3713 dicit:
1812 3643 1886 3711 Gon

712 3785 824 3856 capue
843 3783 980 3855 mopre,
996 3765 1149 3836 amotum
1166 3783 1186 3834 e
1204 3771 1324 3855 conte;
1342 3759 1420 3836 istae
1436 3781 1548 3836 oaues
1568 3757 1762 3856 figurative
1779 3763 1886 3832 emat

713 3885 841 3979 sames,
876 3883 951 3959 sitis
981 3889 1019 3958 et
1050 3883 1121 3959 alia
1151 3879 1395 3976 incommoda,
1426 3901 1511 3977 quse
1544 3882 1582 3954 iu
1619 3878 1721 3954 brevi
1754 3877 1886 3974 attige-

715 4011 803 4080 runt
831 4009 869 4080 et
893 4005 1151 4080 laceraverunt
1175 4003 1271 4078 istos.
1298 4002 1343 4076 Et
1369 4001 1534 4076 nominat
1559 3999 1676 4074 socios
1701 3997 1886 4093 priucipa-

714 4126 779 4219 les,
810 4145 902 4219 quos
934 4122 1094 4198 habehat
1126 4121 1418 4218 archiepiscopus
1450 4119 1487 4194 iu
1502 4111 1539 4212 (⁵)
1574 4119 1643 4193 ista
1677 4117 1884 4210 venatione,

714 4245 806 4320 idest
831 4243 1085 4340 persecutione
1109 4240 1262 4335 comitis,
1279 4239 1422 4314 diceus:
1440 4245 1477 4313 et
1501 4239 1562 4312 ille
1577 4237 1884 4332 archiepisoopus,

713 4367 844 4440 fovea
868 4383 980 4436 merso
1009 4363 1186 4434 Goulaodi
1208 4381 1275 4432 coo
1301 4360 1476 4434 sumundi
1505 4379 1525 4431 e
1556 4377 1623 4430 coo
1648 4356 1884 4450 Luafiuuchi5

714 4486 793 4560 istae
818 4489 903 4557 suut
926 4481 1120 4578 precipue
1149 4478 1282 4553 domus
1311 4471 1518 4574 ghibetttnae
1543 4476 1582 4550 iu
1607 4475 1707 4569 Pisis,
1732 4473 1883 4546 mamm

715 4607 765 4678 clo
789 4608 826 4677 la
847 4608 977 4698 lione,
1002 4600 1049 4674 ad
1074 4599 1348 4674 excusationem
1362 4589 1400 4690 (⁶)
1419 4597 1477 4671 sui
1500 4577 1693 4691 tamquam
1719 4595 1883 4668 lautores

716 4733 754 4802 et
777 4726 934 4802 iacturas
959 4720 1068 4794 huius
1094 4718 1147 4794 rei
1173 4718 1219 4794 ad
1245 4717 1300 4792 sui
1326 4717 1585 4792 defensionem.
1612 4718 1657 4790 Et
1681 4714 1802 4790 subdit
1828 4712 1884 4788 el·

776 4951 804 5014 (¹)
821 4955 877 5011 ite,
892 4948 1075 5002 extollebatur.
1380 4944 1408 5007 ρ)
1425 4947 1456 4997 li.
1472 4945 1622 4997 amabatur.

776 5027 804 5090 P)
820 5026 851 5077 E.
868 5039 911 5077 ms
926 5027 1010 5090 tpmm
1027 5025 1158 5076 comitem.
1381 5022 1408 5081 p,
1423 5021 1454 5072 ii.
1470 5034 1486 5071 e
1502 5026 1556 5080 tta.
1572 5020 1709 5084 expoliata.

777 5105 805 5167 ι’)
821 5103 852 5154 Ε.
869 5103 923 5166 lpse
939 5105 966 5154 lu
982 5103 1031 5154 hac
1046 5102 1190 5154 ramosae.
1381 5098 1408 5162 Γ)
1424 5097 1455 5150 Β.
1471 5099 1658 5150 sumnonem.
