4534 6842
727 906 796 972 114
1121 915 1325 972 temnunt
1348 917 1499 972 mulsum

723 1071 760 1138 et
784 1060 995 1158 regentibus
1014 1061 1217 1156 Florentio,
1231 1082 1304 1136 non
1325 1067 1450 1136 tamur
1468 1061 1642 1136 baratasti
1659 1068 1767 1136 tuum
1784 1082 1888 1138 oom-

723 1201 846 1256 mune.
873 1181 917 1256 ut
942 1182 1055 1278 tangit
1079 1203 1191 1257 suum
1219 1202 1409 1258 accessum
1441 1181 1488 1256 ad
1522 1165 1712 1278 Virgilium
1741 1182 1886 1258 dicens:

717 1303 881 1394 percl'io
906 1304 954 1375 mi
977 1304 1084 1375 morsi
1105 1323 1125 1374 e
1150 1305 1251 1376 cenni
1270 1309 1364 1376 rollo
1389 1322 1414 1374 a
1438 1304 1498 1393 lui,
1515 1301 1601 1395 quia
1620 1321 1768 1376 summe
1783 1307 1888 1398 opta-

721 1422 783 1496 bat
807 1421 1021 1518 reconinngi
1045 1421 1204 1518 Virgilio,
1225 1429 1262 1498 et
1281 1422 1388 1496 nimis
1413 1427 1493 1496 erat
1519 1421 1716 1498 molestum
1736 1422 1804 1496 sibi
1820 1442 1887 1498 ex·

720 1547 868 1638 pectare
891 1542 987 1618 inter
1011 1542 1087 1618 sola
1111 1563 1200 1618 saxa
1225 1543 1262 1616 in
1287 1544 1367 1620 loeo
1394 1549 1468 1616 tam
1494 1562 1645 1637 asper03
1667 1549 1704 1618 et
1733 1543 1889 1620 ostendit

721 1670 845 1739 actum
869 1655 1205 1757 daemoniorumd),
1227 1663 1381 1757 quinon
1406 1663 1539 1736 minori
1564 1663 1691 1740 lurore
1715 1664 1888 1739 afferres-

721 1790 801 1858 sent
818 1782 929 1857 istum
944 1781 1071 1858 uirum
1090 1782 1339 1878 peregrinum,
1358 1805 1472 1878 quam
1488 1782 1679 1879 Virgilium
1697 1789 1887 1859 mortuum

716 1904 794 1998 jam
820 1923 887 1999 per
911 1909 965 1978 tot
989 1904 1113 1978 secula
1138 1923 1321 1979 annorum
1338 1894 1386 1996 (Ἴ).
1412 1902 1515 1978 Unde
1538 1902 1642 1979 dicit:
1671 1925 1692 1976 e
1719 1907 1733 1976 i
1756 1905 1890 1978 dloomi

719 2045 757 2096 rc
777 2028 872 2118 secer
897 2026 970 2096 ulti
993 2025 1127 2114 ovant,
1151 2022 1246 2097 sicut
1269 2022 1431 2098 fecerant
1446 2013 1483 2114 (³)
1509 2022 1629 2126 primo
1654 2029 1781 2098 contra
1807 2023 1888 2098 Vir-

718 2144 859 2240 gilium,
885 2164 957 2218 non
984 2149 1107 2218 tamen
1127 2163 1212 2219 cum
1235 2147 1336 2216 tanto
1353 2143 1489 2238 impetu
1508 2149 1657 2239 propter
1677 2143 1888 2238 promissio-

719 2284 805 2340 nem
817 2264 897 2358 jam
916 2263 1062 2358 betam
1079 2262 1177 2337 unde
1193 2262 1296 2337 dicit:
1322 2255 1353 2336 sl
1376 2265 1474 2336 el’to
1494 2266 1617 2338 terrrett'
1640 2284 1712 2336 oon
1738 2270 1887 2338 bncsscr

714 2392 837 2478 pauo,
854 2383 940 2478 quia
964 2382 1205 2477 promiserant
1222 2381 1370 2478 Virgilio
1386 2382 1622 2457 securitatem
1639 2390 1677 2458 et
1693 2382 1887 2478 impunita-

718 2511 804 2580 tem.
831 2503 875 2576 Et
899 2507 985 2576 nota
1011 2500 1110 2596 quod
1125 2507 1235 2576 autor
1254 2503 1382 2597 prdcre
1398 2503 1468 2576 boc
1484 2501 1597 2598 lingit,
1619 2502 1705 2596 quia
1726 2522 1812 2578 raro
1828 2483 1912 2576 velb

719 2641 923 2716 numquam
949 2620 1006 2696 isti
1027 2620 1200 2696 baratarii
1224 2629 1371 2697 servant
1389 2622 1488 2716 quod
1508 2623 1737 2718 promittunt,
1755 2621 1821 2696 nisi
1842 2622 1887 2695 sit

718 2743 771 2819 eis
796 2747 907 2818 uncta
932 2762 1083 2816 manus:
1111 2748 1147 2816 et
1170 2740 1341 2816 describit
1364 2748 1473 2816 autor
1497 2742 1655 2817 iormam
1672 2742 1730 2816 sui
1747 2741 1887 2818 timoris

719 2883 786 2958 per
802 2883 914 2936 unam
934 2862 1244 2956 comparationem
1261 2861 1348 2936 satis
1367 2861 1540 2958 ignotam.
1560 2862 1614 2937 bd
1631 2862 1737 2938 cuius
1760 2862 1887 2958 cogni·

718 2982 855 3057 tionem
880 2990 936 3056 est
959 2981 1121 3056 breviter
1146 2981 1345 3075 sciendum,
1365 2981 1464 3074 quod
1484 3002 1582 3058 anno
1606 2981 1885 3075 MCCLXlllllll,

718 3102 839 3177 lucani
864 3121 951 3176 cum
971 3100 1170 3177 llorentinis
1195 3100 1378 3194 equitibus
1403 3106 1441 3174 et
1466 3100 1645 3195 peditibus
1669 3100 1816 3176 iverunt
1840 3100 1887 3176 de

717 3242 844 3298 mense
864 3221 1012 3317 augusti
1028 3221 1065 3296 in
1083 3220 1287 3297 exercitum
1300 3209 1337 3313 (⁴)
1357 3226 1486 3296 contra
1503 3221 1685 3296 civitatem
1705 3221 1884 3314 Pisarum,

716 3353 754 3420 et
778 3342 1000 3418 obsederunt
1024 3341 1226 3436 castellum,
1245 3341 1344 3436 quod
1363 3341 1495 3416 dicitur
1519 3341 1696 3436 Caprona.
1724 3340 1884 3416 Tandem

716 3462 842 3538 lamuli
869 3460 1127 3557 manipulares,
1152 3461 1216 3554 qui
1241 3466 1347 3537 erant
1364 3460 1414 3534 ibi
1434 3459 1596 3554 deputati
1616 3461 1662 3536 ad
1679 3461 1881 3536 custodiam

717 3592 755 3661 et
778 3582 1039 3675 defensionem,
1056 3580 1272 3656 dediderunt
1287 3571 1324 3672 (⁵)
1343 3600 1384 3654 se
1400 3580 1508 3654 salvis
1524 3581 1699 3676 personis.
1718 3579 1778 3654 lsti
1794 3600 1885 3676 ergo

716 3700 940 3795 recedentes,
965 3699 1053 3774 dum
1080 3699 1277 3775 transirent
1301 3719 1367 3794 per
1393 3699 1556 3774 medium
1587 3700 1804 3795 exercitum,
1830 3699 1885 3774 vi·

716 3823 842 3898 dentes
866 3821 988 3896 hostes
1011 3826 1185 3912 armatos
1210 3819 1310 3894 ibant
1335 3839 1422 3895 cum
1449 3818 1611 3895 maximo
1637 3819 1771 3894 timore
1785 3808 1822 3910 (θ)
1847 3825 1885 3894 et

717 3948 880 4018 tremore
905 3959 952 4015 ne
977 3940 1251 4016 trucidarentur
1276 3937 1362 4034 quia
1389 3938 1548 4013 multum
1574 3937 1802 4014 offenderant
1824 3937 1882 4012 lu-

716 4081 852 4136 censes.
879 4060 984 4135 llodo
1008 4059 1056 4135 ad
1073 4057 1301 4155 propositum
1317 4060 1397 4135 vult
1413 4058 1536 4134 dicere
1552 4066 1672 4152 autor,
1689 4057 1789 4153 quod
1808 4057 1884 4153 ipse

716 4201 821 4257 more
845 4181 1000 4256 istorum
1027 4180 1262 4274 famulorum,
1280 4199 1378 4254 nunc
1393 4168 1431 4271 (⁷)
1452 4185 1551 4254 totus
1569 4179 1749 4254 tremebat
1766 4178 1885 4253 maxi·
2000 4245 2004 4252 .

716 4323 788 4397 me,
818 4302 906 4396 quia
936 4300 1076 4376 viderat
1107 4299 1218 4394 paulo
1246 4305 1334 4374 ante
1363 4298 1515 4374 crudele
1544 4298 1755 4373 distracium
1784 4297 1882 4392 quod

715 4423 876 4498 fecerant
889 4410 927 4512 (⁸)
947 4419 994 4494 de
1014 4419 1075 4493 illo
1091 4419 1238 4494 antiano
1255 4419 1406 4512 lucan03
1430 4417 1582 4494 timebat
1601 4419 1699 4494 enim
1725 4439 1773 4494 ne
1788 4418 1884 4494 lorte

714 4540 830 4616 simile
856 4540 1018 4614 iacerent
1041 4537 1088 4612 de
1113 4557 1188 4610 uno
1216 4537 1339 4633 priore
1369 4537 1573 4634 llorentino,
1599 4538 1683 4616 licet
1707 4547 1803 4616 esset
1827 4537 1914 4667 inb

777 4815 804 4876 dl
821 4818 875 4875 tlt,
891 4815 1047 4868 damonum.
1224 4815 1251 4876 (V
1268 4819 1322 4875 lte,
1338 4829 1468 4868 macrum
1484 4815 1597 4868 lnoolm
1612 4813 1717 4866 luterni.
1732 4811 1814 4864 Unde.

777 4891 804 4954 (⁸)
820 4889 846 4942 S.
864 4890 983 4942 lecenrnt
999 4897 1098 4943 contra.
1223 4892 1250 4954 (¹)
1266 4892 1296 4942 E.
1313 4893 1340 4942 ln
1355 4892 1481 4944 exercitu.
1605 4891 1632 4956 (⁸)
1649 4891 1679 4942 lt
1695 4891 1831 4942 dederunt.

776 4967 803 5031 Γ)
819 4968 850 5019 lt.
867 4969 961 5020 timore
976 4981 1009 5020 ne
1025 4967 1226 5020 trucidarentur.
1243 4967 1286 5020 bd
1303 4971 1464 5033 propositum
1479 4983 1553 5036 ergo.

777 5043 804 5107 sl)
820 5045 850 5095 lt.
868 5049 930 5096 tunc
945 5050 1023 5098 totns.
1222 5044 1249 5108 θ)
1266 5050 1320 5106 llo,
1337 5044 1463 5098 lecerunt.
