4606 6840
751 998 893 1054 conans
917 999 1109 1054 mensnrns
1133 951 1317 1053 senmnns.
1540 987 1612 1055 sot

440 1141 488 1217 ad
514 1147 654 1216 tantam
679 1141 951 1218 desolationem.
977 1142 1144 1216 Primum
1169 1147 1226 1216 est
1246 1139 1400 1216 avaritia
1423 1149 1613 1235 pastorum

441 1259 616 1354 eeclesia,
642 1261 706 1355 qni
732 1281 830 1336 nuno
857 1262 1023 1338 vendunt
1047 1281 1162 1336 unam
1189 1267 1340 1355 terram,
1359 1280 1458 1335 nunc
1482 1260 1611 1336 aliam:

442 1400 541 1454 nunc
574 1400 670 1455 unus
701 1379 801 1456 lavet
837 1382 901 1455 uni
934 1387 1101 1478 tyranno,
1131 1379 1225 1456 alius
1262 1379 1379 1473 alteri,
1405 1379 1611 1454 secundum

442 1498 542 1594 qnod
578 1519 675 1595 saepe
707 1505 901 1576 mutantur
937 1500 1121 1576 officiales.
1159 1499 1371 1575 Secundum
1404 1504 1461 1574 est
1490 1498 1614 1594 pravi-

444 1625 500 1694 tas
525 1624 767 1715 tyrannorum
797 1639 966 1715 suorum,
992 1620 1056 1714 qui
1088 1638 1235 1714 semper
1263 1619 1361 1694 inter
1385 1637 1426 1694 se
1451 1620 1615 1695 lacerant

444 1744 482 1814 et
515 1738 661 1832 rodunt,
695 1745 733 1813 et
765 1737 927 1814 subditos
948 1731 986 1831 (¹)
1013 1745 1189 1834 premunt
1216 1744 1253 1812 et
1292 1737 1492 1816 excoriant
1524 1737 1614 1812 Ter-

444 1857 536 1932 tium
562 1862 617 1930 est
643 1856 806 1932 fertilitas
830 1857 999 1934 locorum
1024 1857 1136 1953 ipsius
1161 1857 1372 1954 provinciae,
1396 1856 1502 1932 cuius
1533 1856 1615 1952 pin·-

444 1976 566 2073 guedo
590 1976 700 2053 allicit
723 1975 901 2052 barbaros
926 1985 963 2052 et
987 1984 1160 2054 externos
1180 1977 1218 2051 in
1238 1977 1410 2072 predam.
1431 1975 1612 2064 Quartum

445 2101 501 2170 est
525 2094 671 2190 invidia,
697 2116 781 2191 que
805 2096 905 2194 viget
934 2097 972 2172 in
1002 2097 1172 2172 cordibus
1203 2097 1366 2192 ipsorum
1398 2096 1616 2188 incolarum,

445 2215 538 2290 sicut
575 2221 685 2291 autor
725 2226 850 2293 noster
890 2219 1018 2312 pulcre
1058 2216 1229 2292 describit
1266 2216 1474 2313 Purgatorii
1518 2214 1617 2310 capi-

445 2337 524 2411 tulo
549 2336 641 2429 xlv,
672 2335 748 2430 ubi,
780 2335 876 2412 lacta
900 2357 1036 2434 magna
1065 2336 1384 2412 commendatione
1397 2336 1512 2438 'istius
1544 2335 1618 2408 Ro-

445 2455 651 2548 mandiolae,
668 2455 899 2551 indignanter
924 2456 1124 2532 exclamat:
1143 2458 1407 2546 oromapnnotl
1432 2457 1564 2532 moti
1579 2457 1630 2554 ip,

445 2575 615 2648 bastardi.
629 2613 679 2628 -·
690 2579 870 2650 inomao.
894 2575 999 2650 Nunc
1017 2581 1127 2649 antor
1144 2573 1396 2669 descripturus
1412 2565 1635 2668 speciatim?

445 2700 583 2769 statum
609 2694 869 2787 Romandiole,
895 2694 1018 2790 incipit
1040 2717 1064 2769 a
1088 2695 1275 2788 Ravenna,
1300 2683 1390 2784 et(')
1418 2691 1617 2767 sententia-

447 2813 529 2887 liter
554 2813 633 2888 vult
656 2813 791 2908 dicere,
817 2815 915 2910 quod
941 2815 1070 2890 nobilis
1095 2815 1308 2908 etantiqua
1334 2813 1503 2908 prosapia
1528 2812 1617 2886 isto-

447 2953 533 3008 rum
548 2923 584 3026 (³)
611 2933 658 3009 de
682 2935 833 3010 Potenta
856 2934 1068 3017 dominatur
1089 2936 1274 3010 Ravennae
1291 2939 1328 3008 et
1345 2932 1495 3009 Cerviae.
1515 2931 1618 3006 Unde

446 3053 558 3128 debes
581 3053 688 3147 scire,
714 3053 813 3148 quod
837 3073 883 3129 eo
909 3059 1076 3148 tempore
1110 3052 1288 3149 regnabat
1320 3051 1506 3126 llavennae
1535 3050 1618 3145 qui-

446 3171 532 3247 dam
557 3171 729 3246 dominus
762 3172 880 3247 Guido
910 3171 1083 3247 Novellus
1113 3171 1159 3246 de
1191 3171 1352 3264 Polenta,
1378 3170 1435 3244 vir
1466 3169 1617 3264 quidem

447 3289 534 3365 satis
562 3309 709 3386 magne
738 3288 985 3388 intelligentie
1015 3296 1053 3366 et
1086 3289 1330 3385 eloquentiae3
1356 3289 1421 3383 qni
1456 3289 1617 3365 multum

446 3409 641 3486 honoravit
665 3411 819 3485 llantem
846 3410 882 3485 in
907 3409 981 3486 rita
1006 3416 1044 3486 et
1062 3409 1101 3484 in
1127 3417 1258 3505 morte,
1286 3420 1328 3486 ut
1352 3408 1495 3485 dicetur
1515 3406 1619 3503 alibi5

445 3529 528 3606 ideo
553 3528 719 3623 loquitur
741 3528 788 3604 de
813 3548 859 3604 eo
883 3529 991 3606 valde
1015 3530 1178 3624 honeste,
1205 3528 1416 3605 describens
1431 3517 1468 3622 (⁸)
1497 3529 1635 3646 ipsum!

445 3650 493 3726 ab
517 3648 672 3746 insignio
697 3669 776 3722 suae
801 3648 954 3742 domns;
982 3649 1081 3726 unde
1105 3649 1211 3726 dicit:
1241 3655 1620 3742 conmonuemus

444 3777 538 3845 stota
562 3766 583 3844 e*
605 3771 702 3842 molti
725 3770 824 3860 onai,
850 3767 956 3862 qnasi
979 3768 1087 3863 dicat,
1112 3767 1150 3842 in
1182 3769 1313 3844 eodem
1347 3774 1444 3844 statu
1476 3767 1514 3841 in
1543 3787 1619 3862 quo

445 3887 514 3963 luit
533 3887 676 3984 jamdiu
701 3893 739 3962 et
768 3887 838 3962 sub
866 3886 1029 3963 dominio
1060 3887 1304 3981 eorumdem;
1329 3887 1429 3980 quod
1457 3885 1620 3962 declarat

446 4007 520 4082 sic:
547 4009 723 4099 tlprrptio
734 3998 772 4098 (⁵)
786 4009 835 4080 da
848 4011 1005 4081 Poleam.
1024 4005 1100 4082 lloc
1117 4005 1214 4100 dicit,
1231 4005 1319 4100 qnia
1337 4005 1386 4080 illi
1404 4005 1451 4080 de
1467 3993 1634 4080 Polenta'*

446 4131 594 4223 portant
617 4145 686 4221 pro
711 4125 865 4221 insignio
890 4125 1065 4220 aquilam,
1082 4123 1188 4200 cuius
1208 4123 1386 4200 medietas
1403 4132 1459 4200 est
1480 4123 1564 4198 alba
1581 4123 1619 4198 in

445 4265 578 4341 campo
602 4264 749 4340 azurro,
770 4251 808 4319 et
831 4243 903 4320 alia
919 4243 1095 4320 medietas
1112 4249 1168 4320 est
1194 4243 1322 4338 rubea,
1344 4243 1382 4318 in
1401 4261 1533 4338 campo
1549 4261 1619 4320 au·

447 4387 523 4443 reo.
550 4367 613 4442 list
636 4373 763 4442 autem
789 4364 940 4440 Polenta
964 4384 1120 4460 parvum
1139 4363 1330 4442 castellum
1351 4352 1511 4458 suprad)
1528 4361 1619 4450 Bre

447 4486 644 4581 tenorium,
670 4485 769 4560 unde
793 4483 851 4558 isti
875 4482 1014 4559 nobiles
1043 4483 1217 4559 dicuntur
1247 4483 1335 4559 olim
1365 4481 1489 4577 luisse,
1519 4472 1557 4556 ld
1588 4483 1621 4556 si

446 4625 547 4697 cono,
572 4611 610 4680 et
640 4610 696 4680 est
723 4605 851 4702 pulcra
884 4604 1099 4703 metaphora
1131 4609 1169 4678 et
1205 4603 1365 4700 propria.
1403 4601 1490 4678 Vult
1519 4601 1619 4677 enim

446 4723 579 4820 dicere,
605 4724 705 4817 quod
730 4725 798 4800 iste
822 4724 939 4800 Guido
965 4724 1137 4800 Novellus
1163 4722 1262 4798 lovet
1297 4729 1336 4799 et
1365 4723 1525 4820 protegit
1556 4742 1620 4797 ra·

508 4939 536 5001 (¹)
552 4939 583 4990 lt.
600 4938 717 4990 subditos
731 4943 871 4992 excoriant.
1090 4939 1118 5004 ll)
1134 4939 1166 4990 B.
1181 4944 1208 4990 et
1224 4911 1381 5004 p'smrdttor
1398 4938 1462 4990 rull.

509 5013 537 5078 θ)
555 5021 610 5077 tlt,
626 5015 734 5068 lllornrn
749 5017 782 5068 do
797 5017 915 5068 Poleam.
1091 5015 1120 5078 θ)
1136 5015 1167 5065 ll.
1182 5027 1245 5066 eum
1261 5014 1410 5066 deornm
1425 5015 1466 5066 alt.

509 5092 538 5158 (¹)
554 5092 586 5145 E.
602 5091 726 5158 l'Apuila.
1092 5091 1119 5154 Γ)
1136 5091 1167 5141 ll.
1184 5091 1263 5142 elren.

578 5199 610 5245 n.
1457 5197 1486 5243 to

783 5288 790 5313 ι
