4550 6844
739 978 881 1036 usurus
905 979 1100 1036 mensurnus
1124 979 1255 1036 nouus.
1500 965 1571 1038 393

394 1119 688 1216 innumerabilia,
713 1123 854 1201 infinita
878 1126 916 1200 in
941 1125 1158 1222 corporibus
1188 1125 1371 1221 humanis,
1397 1127 1447 1202 ita
1473 1125 1574 1221 quod

394 1245 450 1315 tot
473 1239 557 1314 libri
582 1242 818 1337 physicorum
844 1245 966 1320 adhuc
996 1265 1070 1320 non
1095 1252 1298 1341 potuerunt
1327 1248 1574 1342 comprehen-

393 1359 483 1437 dere
525 1381 666 1456 omues,
711 1363 761 1438 ita
805 1364 1184 1461 incomprehensibilia
1228 1372 1266 1441 ct
1307 1365 1573 1461 inexplicabilia

392 1487 480 1555 sunt
502 1499 642 1578 genera
668 1483 854 1558 fraudium
880 1490 919 1560 et
943 1485 1082 1580 species
1113 1485 1311 1560 falsitatum
1332 1479 1369 1578 (¹)
1401 1505 1574 1561 corrum-

394 1601 517 1696 pentia
538 1603 680 1678 animas
709 1603 914 1700 hominum,
946 1605 1041 1680 sicul
1072 1615 1129 1683 est
1153 1605 1279 1680 videre
1304 1606 1472 1680 inomni
1502 1607 1573 1680 mi-

396 1721 496 1797 nima
520 1731 602 1799 arte
628 1725 765 1799 mundi.
793 1725 898 1801 Nunc
921 1725 968 1801 ad
994 1727 1138 1802 literam
1159 1726 1341 1802 veniendo
1361 1727 1455 1822 dico,
1472 1727 1573 1823 quod

396 1846 507 1916 autor
532 1843 697 1941 designat
726 1845 847 1940 primo
882 1865 1033 1920 causam
1064 1866 1131 1941 per
1160 1845 1346 1941 ellectum,
1372 1847 1465 1922 idest
1495 1867 1575 1942 poe-

397 1981 483 2037 uam
508 1984 575 2059 per
595 1963 773 2057 dolorem,
794 1957 940 2039 dicens:
958 1968 973 2038 i
993 1968 1098 2056 nnn,
1116 1964 1218 2059 idest,
1236 1964 1331 2040 dura
1348 1971 1385 2040 et
1405 1966 1575 2042 dolorosa

397 2081 666 2178 lamentator,
697 2084 799 2179 idest,
833 2085 981 2159 illorum
1012 2085 1239 2180 talentorum,
1271 2087 1343 2178 cte,
1374 2085 1478 2182 idest,
1510 2087 1575 2181 qui

396 2223 539 2297 versus,
574 2225 690 2278 nocuo
722 2208 748 2279 lt
777 2208 893 2297 strui,
932 2206 1034 2299 idest,
1069 2206 1219 2303 sagittas
1253 2212 1291 2280 et
1327 2207 1410 2299 tela,
1442 2210 1576 2301 [muti

396 2325 435 2398 cti
452 2314 562 2417 pictai,
588 2325 690 2418 idest,
716 2325 916 2421 pungentia
941 2325 1129 2401 hominem
1150 2326 1197 2401 ad
1221 2326 1393 2420 pietatem
1415 2333 1453 2400 et
1470 2345 1575 2400 com-

397 2445 623 2540 passioncm3
649 2444 732 2520 ideo
766 2445 861 2520 bene
891 2445 998 2520 dicit:
1026 2449 1168 2540 forcti,
1202 2445 1290 2539 quia
1320 2444 1381 2519 illa
1413 2445 1575 2520 lamenta

396 2556 554 2657 crant(¹)
581 2563 742 2640 efficacia
767 2565 814 2640 ad
838 2565 1110 2661 penetrandum
1135 2565 1246 2641 corda
1272 2566 1380 2659 dura,
1405 2571 1443 2640 et
1464 2565 1575 2640 inhu-

397 2705 518 2778 mana,
544 2688 726 2758 soetturmi
748 2688 786 2758 ln
811 2692 933 2776 monle,
960 2683 1063 2780 idest,
1089 2685 1358 2782 sagittaverunt
1380 2689 1419 2759 et
1444 2685 1576 2758 vulne-

397 2810 575 2880 raverunt
594 2805 756 2879 animam
783 2823 907 2879 meam
932 2805 979 2879 ad
1001 2805 1291 2900 compassionem
1310 2811 1347 2879 el
1364 2803 1574 2880 misericor-

396 2925 507 3019 diam,
537 2926 680 3017 mundo
711 2927 774 2997 noi
798 2928 933 3018 mmmo
960 2927 1038 2998 rull
1047 2928 1169 2999 ultim
1196 2927 1363 3016 chotha,
1393 2924 1496 3017 idest,
1534 2923 1572 2996 in

395 3051 508 3139 ponte
538 3043 602 3138 qui
641 3048 695 3117 est
726 3063 838 3138 super
868 3044 1052 3118 decimum
1084 3045 1302 3138 claustrum,
1331 3047 1370 3117 di
1403 3043 1576 3118 Mulcbol·

396 3169 464 3258 με,
496 3170 535 3239 et
566 3165 725 3259 appellat
756 3163 938 3238 decimam
973 3163 1136 3260 bulgiam
1155 3155 1205 3258 (⁸),
1231 3185 1316 3259 quae
1348 3173 1405 3240 est
1431 3162 1572 3257 ultima,

398 3283 601 3358 claustrum
632 3281 902 3377 metaphorice3
929 3282 1016 3377 quia
1049 3283 1142 3358 sicut
1175 3283 1379 3358 claustrum
1411 3283 1576 3360 continet

399 3401 586 3499 religiosos
610 3401 656 3476 ad
681 3402 870 3478 ferendam
897 3403 1160 3498 poeniteutiam,
1187 3404 1238 3479 ita
1262 3404 1388 3501 bulgia
1413 3403 1575 3480 continet

397 3525 589 3601 damnatos
614 3523 772 3599 inclusos
794 3524 843 3599 ad
875 3524 1066 3601 ferendam
1101 3544 1262 3621 poenam.
1294 3524 1380 3600 ldeo
1411 3515 1575 3600 dicitrsi

397 3647 457 3718 olle
483 3647 498 3718 i
527 3645 604 3717 moi
628 3647 800 3735 concern,
824 3644 929 3739 idest,
958 3644 1159 3737 falsatores,
1193 3644 1373 3739 quisunt
1406 3643 1573 3722 conversi

397 3766 500 3839 istius
525 3766 625 3840 ialsae
645 3764 849 3860 religionis3
871 3770 908 3838 et
924 3772 1122 3840 conservat
1136 3753 1174 3856 (ι)
1193 3767 1467 3859 metaphoram:
1486 3763 1574 3859 quia

397 3887 497 3960 euim
534 3886 658 3958 locum
692 3884 941 3978 appellaverat
975 3885 1192 3976 claustrum,
1234 3884 1317 3958 ideo
1351 3884 1575 3958 habitatores

399 4005 480 4080 talis
504 4003 656 4078 claustri
681 4003 841 4097 appellat
858 4021 1073 4096 conversos5
1097 4010 1225 4095 poleno
1248 4023 1381 4094 parcre
1404 4023 1430 4074 a
1453 4005 1490 4075 lu
1515 4021 1575 4074 oe·

397 4128 483 4198 duta
506 4131 644 4215 noenu,
662 4122 754 4198 idest
778 4127 948 4218 poterant
964 4141 1144 4217 apparere
1160 4121 1400 4217 speculationi
1418 4126 1573 4213 nostrae3

398 4251 436 4322 et
461 4245 548 4339 quia
574 4243 630 4318 isli
656 4263 786 4318 versus
800 4233 838 4336 (ὅ)
864 4248 972 4317 erant
996 4242 1044 4316 ita
1075 4241 1279 4336 horribiles,
1304 4241 1414 4317 dicit:
1445 4243 1527 4314 ond'
1539 4242 1574 4313 io

398 4367 535 4458 nopersi
559 4365 748 4437 l'oreccllic
771 4383 838 4436 con
855 4365 886 4435 le
911 4365 1021 4454 mont,
1039 4362 1176 4446 scilicet
1193 4383 1240 4437 ue
1256 4361 1426 4436 audirem
1445 4369 1519 4437 tam
1537 4352 1575 4452 (⁶)

398 4485 600 4561 terribilem
631 4505 778 4576 sonum,
810 4481 900 4576 quia
931 4483 1079 4557 auditus
1111 4476 1297 4557 humanus
1327 4501 1401 4556 non
1432 4486 1577 4576 poterat

398 4606 484 4703 pati.
506 4647 556 4660 —
578 4608 678 4694 Quot.
713 4605 778 4679 llic
803 4610 914 4678 autor
947 4603 1105 4699 explicat
1134 4603 1299 4709 dolorem
1332 4609 1369 4676 et
1403 4601 1574 4676 soelorem

397 4725 626 4821 praedictum,
653 4734 856 4820 utrumque
880 4745 948 4820 per
972 4724 1302 4819 comparationem
1326 4729 1364 4797 et
1388 4721 1468 4798 vult
1488 4741 1574 4796 sen-

460 4943 488 5004 (¹)
503 4943 534 4992 B.
549 4941 744 4993 ialnlflcatorum
762 4942 989 5004 corrumpentium
1005 4942 1110 4990 nulnum.
1206 4936 1234 5000 ζ’)
1251 4939 1281 4988 li.
1297 4941 1391 4988 unul.

460 5019 487 5080 (Ἴ
503 5018 534 5070 Ε.
551 5018 665 5083 bulplam
682 5019 809 5078 ultimam,
826 5019 887 5082 qnia
900 5022 949 5068 est.
1208 5015 1235 5077 (⁸)
1250 5014 1276 5064 S.
1292 5026 1307 5064 o
1324 5013 1356 5062 li.
1371 5016 1466 5062 nervat.

460 5095 488 5160 Γ)
504 5100 559 5158 lto,
575 5097 701 5148 conversi.
1206 5091 1233 5153 (¹l
1251 5093 1306 5150 lit,
1323 5095 1376 5140 tarn
1392 5086 1556 5138 horribilem.

371 5319 401 5382 l
