4534 6842
688 893 826 970 smnus
851 915 1041 972 vronsruus
1066 915 1208 972 snmus.
1464 907 1533 974 105

366 1069 424 1136 tus
438 1053 474 1154 (⁴)
502 1081 526 1133 a
550 1061 705 1152 sepiatur
730 1061 765 1134 lo
786 1059 1005 1155 prraidest,
1022 1059 1069 1135 ad
1086 1060 1381 1156 persequendum
1400 1062 1535 1157 iurem,

363 1203 430 1256 con
461 1187 560 1254 mom
590 1183 710 1274 heth,
736 1179 825 1256 idest
858 1199 946 1255 cum
978 1191 1054 1258 tam
1083 1181 1189 1258 arida
1222 1182 1420 1277 celeritate,
1447 1203 1534 1258 cum

363 1309 513 1399 quanta,
539 1302 677 1396 supple,
703 1300 919 1395 festinantia,
951 1301 1011 1376 ille
1042 1302 1187 1378 daemon
1220 1302 1288 1376 luit
1317 1303 1457 1377 solutus
1488 1302 1534 1378 ad

363 1421 591 1499 currendum
617 1426 655 1495 et
674 1419 908 1494 redeundum
935 1441 1002 1517 pro
1028 1441 1103 1495 nno
1128 1421 1202 1495 alio
1226 1421 1373 1496 antiano
1399 1429 1534 1498 sanctae

363 1543 468 1635 Zitae3
486 1546 524 1615 et
549 1545 604 1614 est
619 1539 845 1634 comparatio
863 1539 1020 1636 propria,
1039 1541 1125 1635 quia
1144 1541 1320 1616 maslinus
1337 1541 1422 1616 iacit
1438 1561 1534 1637 prae-

363 1661 448 1736 dam
480 1659 670 1752 violenter,
696 1659 757 1732 lur
782 1679 872 1734 vero
898 1660 1149 1736 fraudulenter
1175 1667 1212 1734 et
1237 1661 1274 1734 in
1299 1661 1469 1735 obscuro.
1483 1699 1533 1714 -

368 1782 460 1870 οιιεί.
486 1779 552 1853 llic
571 1783 680 1854 autor
696 1780 852 1855 ostendit
871 1781 1057 1874 quomodo
1075 1780 1134 1856 ille
1151 1781 1312 1856 deiectus
1331 1803 1372 1856 se
1391 1783 1533 1857 hahue-

363 1901 420 1995 rit,
448 1904 486 1974 et
510 1898 696 1974 daemones
720 1905 848 1974 eontra
874 1921 972 1975 eum.
999 1901 1091 1975 Dicit
1116 1920 1229 1997 ergo:
1261 1904 1344 1989 (luel
1367 1905 1396 1974 ε’
1408 1894 1531 1994 amffd,

363 2020 454 2094 idest
467 2019 526 2093 ille
545 2018 692 2114 spiritus
709 2019 953 2114 precipitatus
970 2019 1097 2096 mersit
1109 2041 1150 2095 se
1162 2018 1231 2094 suh
1247 2019 1377 2115 picem,
1394 2042 1414 2093 e
1430 2011 1533 2094 mot

363 2144 420 2214 col
442 2142 534 2214 oolto
557 2160 622 2248 su,
638 2137 727 2214 idest
753 2161 864 2235 supra
881 2131 917 2231 (²)
942 2161 1090 2234 aquam.
1118 2139 1161 2212 lit
1185 2138 1222 2212 in
1248 2139 1318 2213 hoc
1335 2145 1435 2214 recte
1452 2145 1533 2214 tan-

363 2259 416 2358 git
441 2263 567 2334 actum
591 2259 760 2353 natantis,
786 2259 850 2353 qui
867 2259 1029 2334 deiectus
1049 2259 1238 2353 inaquam
1254 2257 1350 2332 cadit
1366 2277 1453 2332 cum
1471 2279 1534 2334 ca·

364 2381 438 2477 pite
462 2379 649 2474 deorsum,
675 2378 805 2454 deinde
825 2379 1022 2454 revertitur
1040 2401 1127 2455 cum
1144 2379 1236 2454 lucie
1252 2399 1401 2453 sursum
1419 2379 1449 2452 si
1466 2377 1533 2452 scit

365 2507 494 2575 natare
509 2490 565 2594 (³);
591 2499 658 2574 iste
683 2510 807 2576 autem
834 2507 990 2575 noverat
1013 2500 1122 2597 longa
1147 2506 1227 2575 arte
1252 2506 1290 2574 et
1310 2499 1534 2594 experientia

365 2629 493 2696 natam
517 2619 554 2692 in
571 2619 670 2714 pice,
696 2618 733 2692 in
746 2607 784 2711 (⁴)
804 2639 902 2712 aqua
922 2639 1012 2694 vero
1029 2619 1127 2694 clara
1145 2640 1238 2713 non,
1256 2625 1294 2694 et
1309 2619 1425 2715 tangit
1441 2640 1536 2713 qno-

364 2739 474 2814 modo
494 2738 680 2814 daemones
697 2739 891 2814 habuerint
906 2731 943 2832 (Β)
961 2760 1001 2815 se
1016 2739 1063 2814 ad
1083 2738 1194 2814 istum
1212 2739 1331 2840 primo
1352 2745 1532 2834 quantum

361 2858 408 2934 ad
434 2861 565 2953 rerha3
593 2859 691 2934 unde
716 2858 822 2933 dicit:
849 2881 908 2932 ma
923 2862 938 2932 i
953 2861 1073 2934 dimon
1096 2861 1261 2933 ch'aviun
1280 2863 1460 2952 coperchio
1476 2863 1535 2935 del

357 2987 475 3074 ponte,
501 2979 604 3074 idest,
631 2979 694 3073 qui
719 2979 865 3054 stabant
892 2981 1052 3076 cooperti
1082 2978 1151 3054 sub
1177 2985 1298 3087 ponte,
1323 2979 1410 3073 quia
1435 3000 1533 3054 sem-

360 3121 426 3196 per
451 3100 489 3174 in
514 3100 659 3175 occulto
686 3099 824 3174 iaciunt
855 3099 1067 3195 baratarius
1098 3101 1274 3192 prhluro:
1307 3103 1366 3193 qui
1389 3120 1461 3173 non
1485 3101 1531 3175 ha

361 3225 438 3294 loco
461 3223 491 3296 il
512 3228 614 3294 muto
638 3223 753 3314 volto;
778 3220 881 3314 quasi
913 3219 1022 3296 dicat:
1054 3221 1111 3295 hic
1141 3241 1214 3295 non
1243 3226 1299 3294 est
1322 3240 1416 3316 opus
1445 3227 1531 3296 roto

360 3341 419 3415 vel
444 3360 568 3437 prece,
594 3339 680 3435 quia
700 3360 773 3414 non
791 3349 893 3434 potes
911 3359 1106 3416 recurrere
1122 3338 1169 3414 ad
1185 3339 1330 3415 vultum
1351 3345 1531 3435 sanctum,

359 3461 454 3536 sicut
479 3460 597 3535 solent
620 3459 743 3535 lacere
768 3460 935 3536 lucenses
961 3459 998 3533 in
1018 3459 1129 3536 rebus
1149 3459 1322 3535 adversis.
1351 3459 1405 3534 hd
1426 3459 1536 3535 cuius

360 3581 416 3656 rei
441 3578 714 3676 intelligentiam
741 3585 796 3654 est
820 3578 1008 3656 sciendum
1023 3567 1074 3674 (⁶),
1099 3577 1211 3674 quod,
1236 3577 1330 3656 siout
1354 3579 1475 3674 reperi
1492 3580 1528 3654 in

359 3699 521 3796 quadam
555 3698 735 3794 scriptura
764 3699 983 3795 apocrypha,
1009 3719 1096 3774 cum
1131 3697 1280 3792 quidam
1314 3697 1530 3775 venerahilis

360 3821 560 3917 episcopus,
594 3819 743 3894 nomine
777 3818 1012 3911 Guaiiredus,
1049 3817 1138 3892 dum
1176 3817 1294 3914 gratia
1328 3818 1530 3894 devotionis

359 3941 483 4016 ivisset
496 3929 534 4031 (⁷)
561 3939 801 4032 Hierusalem,
827 3944 865 4013 et
882 3939 962 4013 loca
979 3944 1104 4012 sancta
1121 3943 1336 4012 reverenter
1356 3936 1528 4033 visitaret,

360 4061 448 4135 vidit
473 4061 510 4134 in
534 4080 664 4134 somno
693 4059 866 4154 angelum
892 4057 1073 4133 dicentem
1089 4047 1138 4150 (⁸),
1166 4064 1207 4130 ut
1231 4057 1444 4151 exquireret
1469 4079 1528 4132 sa-

359 4170 658 4271 cratissimumd)
686 4178 829 4256 vultum
847 4175 1053 4252 ¹Salvatoris
1073 4176 1110 4250 iu
1126 4175 1236 4251 domo
1252 4174 1443 4250 cuiusdam
1462 4175 1529 4252 Se·

359 4299 466 4376 leucii
491 4298 560 4375 viri
587 4297 883 4391 christianissimi,
909 4295 1118 4372 adhaerente
1146 4294 1274 4370 domui
1305 4313 1402 4390 suae3
1436 4315 1529 4389 quo-

359 4420 457 4496 niam
491 4419 710 4494 Nicodemus
744 4424 826 4512 post
858 4416 1166 4494 resurrectionem
1205 4423 1243 4492 et
1278 4416 1528 4492 ascensionem

359 4540 499 4634 Christi,
525 4541 684 4636 flagrans
708 4537 788 4613 eius
813 4557 953 4630 amore,
981 4537 1154 4634 effigiavit
1165 4528 1218 4628 (⁴⁰)
1235 4535 1302 4611 sihi
1330 4535 1525 4633 imaginem

422 4721 450 4784 ς’)
465 4720 496 4770 E.
512 4724 539 4770 ol
553 4718 695 4782 axmdltus.
1050 4717 1077 4779 (¹)
1094 4721 1147 4775 llo.
1164 4729 1241 4780 supra
1257 4717 1350 4780 poem.

421 4797 448 4860 ω
464 4797 490 4850 s.
507 4801 596 4848 natam
612 4797 639 4847 ln
655 4795 720 4859 plna.
737 4795 797 4846 lats.
1047 4793 1116 4856 (ἤιε.
1132 4807 1148 4844 o
1163 4794 1194 4844 Ε.
1211 4795 1237 4844 Ιιι
1253 4805 1319 4857 «ιιι
1335 4803 1484 4854 smenon.

421 4871 449 4936 (⁸)
465 4872 496 4924 Ε.
507 4872 654 4922 hahuerunt
670 4883 697 4921 sa
713 4869 746 4919 ad
762 4869 854 4930 istum:
870 4873 897 4920 et
913 4869 1005 4932 primo.
1047 4867 1074 4932 (¹)
1091 4874 1145 4930 llo,
1163 4868 1297 4919 mudum
1313 4867 1434 4928 hrsrltm.
1449 4869 1527 4932 quod.

421 4947 448 5012 (¹)
464 4947 489 4998 S.
505 4948 591 4999 ivisset
608 4947 737 5000 visitatum
755 4945 920 4997 Hierusalem
929 4949 957 4996 et
967 4946 1024 4996 loca
1033 4949 1298 5007 “damnaveramus
1310 4944 1373 4996 rhht
1381 4945 1407 4994 ln
1418 4944 1526 4996 somnio.

421 5023 449 5088 ι’)
464 5025 495 5077 ll.
511 5024 639 5076 drentem
654 5023 702 5074 sibl
719 5027 773 5074 ut.-
840 5019 910 5086 OS.
926 5035 942 5073 a
958 5021 989 5072 ll.
1005 5022 1201 5074 unctissimum.
1279 5021 1317 5084 (¹⁰)
1333 5021 1365 5072 E.
1379 5019 1525 5084 suignult
