4550 6844
781 973 923 1032 CANTUS
948 971 1141 1028 vlumus
1165 968 1297 1024 Nonus.
1545 957 1617 1024 4θῦ

441 1115 530 1211 quia
555 1114 702 1192 videtur
727 1119 956 1214 respondisse
981 1116 1147 1213 quesite,
1172 1113 1256 1190 ideo
1288 1113 1410 1188 stetim
1444 1113 1523 1188 sine
1546 1112 1619 1188 alio

441 1235 595 1314 exordio
619 1235 709 1332 petit
735 1237 817 1330 quis
841 1237 888 1311 sit
912 1237 975 1332 qui
993 1233 1247 1332 interrogavit,
1263 1231 1387 1309 dicens
1402 1257 1411 1306 ε
1429 1254 1489 1306 ma
1515 1239 1550 1306 tu
1567 1233 1621 1306 edi

441 1361 489 1434 se'
505 1360 566 1432 ete
589 1358 628 1429 di
656 1359 718 1432 noi
746 1359 992 1434 diumadustit
1017 1353 1243 1451 quasi-dicat
1275 1353 1408 1430 tacite:
1441 1359 1479 1428 et
1502 1374 1551 1428 an
1578 1358 1618 1426 tu

441 1499 483 1556 es
512 1476 658 1570 tatinus,
690 1476 754 1571 qui
787 1477 879 1572 petis
907 1477 955 1552 de
988 1475 1137 1551 latinist
1172 1473 1317 1550 videtur
1346 1474 1445 1569 quod
1477 1473 1540 1548 sic.
1574 1473 1620 1546 Et

440 1597 543 1694 pouit
568 1596 840 1692 responsionem
857 1597 1007 1694 Virgilii,
1027 1595 1171 1672 dicem:
1190 1598 1224 1668 et
1241 1596 1333 1669 duca
1357 1597 1467 1668 disse:
1491 1598 1534 1668 Io
1552 1613 1621 1667 son

440 1737 491 1792 sss
514 1718 575 1790 cde
598 1718 763 1790 discendo
787 1733 854 1790 eost
879 1721 997 1809 presto
1014 1717 1107 1806 mou,
1126 1713 1265 1808 *quasi
1281 1713 1401 1790 dieat:
1419 1735 1502 1788 sum
1521 1731 1621 1787 unus

444 1845 614 1912 mortuos
639 1835 703 1929 qui
728 1835 814 1910 olim
841 1835 879 1909 in
903 1833 979 1910 vita
1003 1832 1145 1908 ostendi
1176 1833 1283 1908 istam
1315 1832 1426 1926 viam,
1453 1839 1490 1908 et
1522 1851 1621 1906 nune

443 1953 592 2030 intendo
622 1953 816 2032 ostendere
846 1955 909 2030 uni
941 1946 1110 2046 vivo*(⁴)
1137 1972 1203 2048 per
1235 1952 1359 2028 omnia
1395 1953 1487 2028 ioca.
1520 1952 1622 2028 Unde

442 2073 550 2152 dicit:
576 2076 615 2148 di
639 2075 743 2150 tutto
765 2078 805 2150 in
828 2076 946 2166 bulso,
972 2073 1074 2169 idest,
1100 2073 1147 2149 de
1171 2072 1289 2170 gradu
1317 2073 1355 2148 in
1384 2073 1555 2170 madum,
1585 2079 1624 2147 et

443 2192 491 2270 de
515 2192 654 2270 circulo
688 2193 725 2267 iu
755 2193 951 2289 circulum,
981 2200 1019 2269 et
1047 2192 1155 2269 dicit:
1191 2193 1380 2268 stando
1403 2195 1443 2267 di
1465 2199 1624 2266 mostror

445 2316 613 2408 remano
637 2333 662 2386 a
686 2315 748 2405 tui,
775 2313 878 2408 quasi
904 2312 1022 2388 dicat:
1050 2333 1124 2388 non
1149 2311 1259 2388 venio
1289 2313 1375 2407 hue,
1402 2318 1445 2386 ut
1468 2311 1621 2386 doceam

445 2433 557 2508 istum
589 2433 800 2508 alchimiam
827 2425 877 2529 (¹),
912 2434 970 2509 vel
1000 2440 1193 2528 tamquam
1227 2431 1435 2528 puniendus
1465 2431 1524 2507 hie
1554 2451 1623 2527 pro

444 2552 627 2648 meinimis,
653 2553 729 2630 imo
758 2554 881 2650 potius
905 2560 948 2628 ut
973 2553 1163 2628 ostendam
1189 2553 1247 2628 isti
1273 2572 1424 2648 poenam
1450 2553 1625 2629 Aichimi-

446 2678 601 2766 starum,
627 2683 666 2750 et
688 2673 849 2750 aliorum
874 2673 1148 2768 damnatorum,
1182 2681 1223 2748 ut
1252 2672 1367 2749 discat
1398 2673 1567 2770 expensis
1586 2664 1625 2766 (³)

445 2791 577 2868 vestris
601 2811 736 2870 cavere
753 2799 828 2869 tam
850 2815 947 2869 vana
971 2800 1009 2870 et
1025 2793 1202 2869 damnosa
1219 2792 1349 2869 stada
1364 2833 1414 2848 -
1426 2798 1538 2869 Adur.
1557 2794 1623 2869 iiic

445 2917 556 2988 autor
580 2911 682 3008 ponit
696 2900 734 3006 (⁴)
761 2913 934 2990 effectum
962 2912 1205 3009 responsionis
1222 2911 1371 3009 Virgilii,
1398 2918 1436 2988 et
1459 2913 1623 2990 breviter

444 3030 540 3126 dicit,
567 3033 668 3126 quod
692 3033 853 3129 prmdicti
879 3033 955 3108 duo
983 3033 1141 3129 spiritus,
1174 3032 1300 3108 audito
1329 3032 1430 3128 quod
1462 3032 1512 3108 ibi
1543 3039 1625 3110 erat

446 3171 545 3226 uuus
570 3151 678 3226 virus
702 3151 748 3228 de
773 3172 849 3248 quo
873 3171 948 3227 non
973 3151 1255 3248 perpenderant,
1281 3152 1369 3245 quia
1394 3158 1501 3228 erant
1516 3153 1626 3227 nimis

447 3269 616 3365 occupati
640 3270 688 3345 ad
713 3270 963 3366 scalpendum,
992 3263 1263 3363 convertunt(⁵)
1294 3291 1335 3346 se
1365 3271 1477 3347 ambo
1502 3271 1626 3347 statim

448 3409 580 3465 versus
603 3409 678 3466 eos
704 3389 807 3466 Unde
831 3391 940 3466 dicit:
957 3393 1125 3464 dromon
1145 3393 1307 3466 maudo
1329 3393 1362 3466 si
1385 3411 1497 3484 ruppe
1518 3393 1626 3483 attur,

449 3511 537 3607 quia
563 3510 621 3586 isti
646 3511 710 3605 qui
735 3511 854 3607 primo
876 3511 1023 3588 stabant
1046 3510 1155 3588 simul
1181 3511 1363 3608 appodiati
1380 3518 1627 3588 sustentantes

449 3632 544 3708 ulter
559 3630 731 3725 aiterum,
753 3629 922 3707 disiuncti
934 3637 972 3706 et
983 3629 1165 3706 dissociati
1177 3632 1329 3706 fuerunt
1344 3632 1392 3708 ab
1410 3631 1566 3708 invicem
1580 3631 1627 3706 ad

451 3750 720 3848 respiciendum
745 3758 934 3846 autorem3
961 3751 1061 3828 unde
1084 3751 1193 3828 dicit:
1219 3773 1239 3824 e
1262 3755 1404 3828 mun
1427 3755 1460 3826 si
1486 3756 1578 3828 vous
1603 3774 1628 3827 a

451 3893 505 3946 me
529 3873 727 3963 demendo,
748 3870 835 3964 quia
861 3892 935 3946 non
961 3875 1105 3966 poterat
1130 3892 1227 3946 unus
1252 3891 1293 3946 se
1317 3873 1525 3948 substinere
1549 3871 1629 3946 siue

449 3991 658 4068 adhaesione
682 3991 834 4067 alterius
858 3992 958 4087 socii,
985 3999 1022 4068 et
1046 3989 1154 4066 dicit:
1179 4011 1247 4066 non
1270 3993 1355 4066 uitri
1378 3994 1438 4065 cte
1463 3993 1630 4066 radron

450 4115 490 4188 di
511 4111 700 4204 sinduizo,
726 4111 828 4207 idest,
854 4133 902 4190 ex
934 4120 1156 4205 transverso,
1188 4131 1235 4186 ex
1257 4101 1295 4203 (⁸)
1332 4111 1628 4208 superventione,

451 4231 539 4326 quia
564 4230 700 4306 scilieet
723 4251 799 4306 non
830 4237 912 4307 erat
940 4229 1187 4325 principaliter
1216 4230 1355 4306 dictum
1381 4229 1453 4306 eis:
1479 4236 1517 4305 et
1542 4236 1629 4305 nota

452 4351 553 4446 quod
577 4350 634 4425 isti
660 4350 864 4428 affectuose
886 4356 1080 4426 veroerunt
1099 4370 1140 4426 se
1165 4352 1257 4426 moti
1287 4351 1449 4426 nontate
1482 4350 1536 4425 rei
1562 4349 1632 4424 mi-

453 4472 588 4568 rabitis,
614 4471 750 4548 scilieet
779 4471 880 4565 quod
913 4471 1019 4546 vivus
1044 4479 1199 4548 venerat
1214 4461 1251 4564 (⁷)
1283 4471 1330 4548 ad
1361 4471 1558 4546 internum.
1585 4468 1629 4544 Et

515 4705 542 4764 (¹)
559 4704 596 4753 Le
612 4703 702 4766 perois
719 4703 759 4754 irs
775 4705 783 4754 t
799 4704 851 4754 due
867 4703 1001 4755 asteriscis!
1016 4716 1063 4754 son
1080 4702 1192 4768 supplite
1208 4703 1277 4768 dagli
1293 4702 1352 4754 altri
1369 4707 1410 4752 tre
1425 4700 1521 4753 Codiet.

515 4777 542 4840 Γ)
560 4779 591 4827 Ε.
608 4779 767 4840 sichimiem,
784 4781 837 4832 imo
853 4781 946 4843 potius.

516 4853 543 4917 Ρ)
558 4853 589 4906 it.-
600 4855 728 4918 exemptis
744 4858 879 4910 restruet
894 4857 1012 4919 expensis
1027 4869 1128 4908 essere.
1137 4881 1169 4896 -
1178 4856 1209 4908 E.
1225 4855 1352 4920 exemptis
1367 4855 1460 4906 ratris
1475 4864 1577 4906 cerere.

516 4927 543 4991 θ)
559 4929 590 4980 Ε.
606 4931 679 4993 pouit
695 4931 809 4984 bndter
825 4934 901 4984 uum
916 4933 1111 4997 responsionem
1128 4933 1239 4996 Virgilii,
1256 4937 1284 4984 et
1300 4932 1370 4984 dtett.

517 5005 544 5068 (¹)
563 5010 608 5058 tto
623 5019 640 5056 e
655 5006 687 5057 Β.
703 5014 900 5060 converterunt.

516 5081 544 5146 Γ)
563 5082 592 5132 Ε.
608 5095 640 5132 eu
659 5083 772 5136 mansilis
786 5098 819 5136 ex
835 5089 981 5136 transverse
997 5087 1204 5150 superventione.
1330 5083 1358 5148 (a)
1373 5084 1405 5135 tt
1421 5082 1531 5136 venerit.
