4580 6844
721 950 859 1008 murus
885 951 1079 1008 mammos
1104 950 1276 1008 ocravus.
1517 935 1588 1004 die

413 1096 547 1193 praedae
564 1103 801 1194 spargeretur
817 1119 884 1195 per
900 1118 1085 1193 campum.
1106 1098 1152 1175 Et
1166 1097 1218 1172 sic
1237 1097 1446 1192 paulopost
1462 1093 1589 1170 videns

411 1238 610 1315 germanos
634 1217 721 1292 nihil
747 1217 813 1294 sibi
836 1218 1008 1294 timentes
1024 1217 1213 1313 dispersim
1232 1216 1423 1292 intendere
1439 1213 1586 1311 prede,

410 1337 519 1412 dixit:
546 1339 706 1433 Tempus
731 1345 796 1414 est.
822 1340 926 1413 Tunc
949 1337 1119 1414 veniente
1143 1337 1223 1412 acie
1251 1335 1383 1431 Caroli,
1410 1334 1587 1411 conradi-

411 1478 481 1532 nus
506 1477 593 1532 cum
619 1457 695 1532 suis
719 1466 865 1554 putans,
881 1457 981 1552 quod
1007 1464 1103 1532 esset
1125 1457 1173 1532 de
1196 1463 1306 1554 geute
1325 1476 1405 1550 sua,
1426 1476 1500 1530 non
1522 1475 1587 1530 oo-

412 1577 530 1651 currit
559 1576 619 1651 illi.
652 1577 757 1665 Quod
791 1577 916 1654 ridens
947 1578 1218 1654 caroluscum
1251 1597 1319 1652 suu
1351 1575 1431 1652 acie
1461 1574 1587 1650 stricta

414 1696 489 1771 ruit
502 1689 538 1789 (¹)
558 1717 670 1794 super
693 1697 824 1791 aciem,
845 1696 908 1772 ubi
934 1704 1016 1773 erat
1032 1695 1279 1774 Conradinus:
1298 1695 1347 1770 ibi
1360 1687 1397 1788 (¹)
1416 1693 1485 1768 iuit
1500 1712 1587 1769 ecre

414 1815 599 1911 proelium,
625 1817 690 1892 sed
714 1816 840 1911 breve,
867 1817 953 1911 quia
977 1836 1068 1914 gens
1092 1815 1287 1892 Conradini
1306 1819 1388 1891 erat
1406 1831 1525 1909 pauca
1550 1817 1589 1887 et

415 1935 576 2032 fatigata,
594 1935 737 2012 ceteris
760 1936 894 2032 sparsis
913 1937 959 2012 ad
979 1935 1152 2032 prodam.
1171 1935 1273 2010 Unde
1289 1935 1386 2011 acies
1403 1935 1483 2010 eius
1499 1953 1589 2009 con-

417 2055 520 2131 tinuo
558 2056 843 2151 diminuebatur,
881 2063 919 2132 et
956 2056 1054 2132 acies
1090 2055 1211 2131 Caroli
1243 2055 1465 2152 augebatur,
1502 2053 1590 2149 quia

419 2176 536 2272 multi,
562 2176 627 2271 qui
651 2176 822 2274 sugerent
847 2197 870 2251 a
895 2176 1014 2272 primo
1040 2175 1221 2269 conflictu,
1245 2175 1528 2250 revertebantur
1543 2174 1589 2248 ed

417 2315 519 2391 eum,
545 2303 808 2393 cognoscentes
832 2295 986 2392 imignia
1000 2286 1036 2388 (³)
1065 2293 1223 2392 regalia:
1258 2298 1297 2370 et
1326 2292 1379 2368 sic
1403 2293 1477 2368 cito
1501 2313 1592 2389 gens

417 2413 610 2490 Conradini
644 2414 712 2489 init
741 2414 833 2490 susa.
865 2413 1094 2490 Conradinus
1125 2413 1252 2489 videns
1286 2413 1471 2490 fortunam
1506 2411 1589 2487 beili

416 2539 494 2608 tam
521 2533 593 2608 cito
617 2540 814 2629 mutatam,
839 2533 887 2609 de
911 2533 1059 2609 oonsilio
1084 2531 1268 2608 baronum
1294 2552 1450 2607 suorum
1476 2551 1591 2627 expo-

417 2653 491 2729 suit
519 2675 559 2729 se
590 2653 687 2750 sugas
720 2675 809 2729 cum
842 2654 939 2730 duce
962 2653 1119 2728 Austriae
1134 2640 1186 2747 (⁸),
1216 2660 1254 2729 et
1284 2652 1504 2747 quibusdam
1527 2671 1591 2727 oo-

416 2773 576 2849 mitibus.
613 2775 716 2849 Tunc
747 2775 1039 2870 circumspectus
1075 2772 1232 2848 Alardus
1270 2791 1425 2848 cerneus
1463 2771 1589 2869 sugam

418 2892 579 2968 bostium
596 2893 778 2969 clamabat
802 2893 884 2968 altis
909 2893 1072 2988 vocibus,
1092 2912 1226 2989 rogans
1251 2911 1379 2989 regem
1405 2895 1443 2967 et
1466 2890 1591 2985 duces,

421 3033 468 3088 ne
485 3012 700 3088 recederent
715 3013 764 3087 ab
783 3012 863 3088 acie
878 3004 914 3105 (ὓ)
934 3032 1002 3108 pro
1019 3009 1276 3108 persequendo
1292 3011 1426 3105 hostes,
1442 3016 1509 3086 aut
1528 3031 1592 3086 ca·

422 3131 553 3228 piendo
576 3131 752 3228 predam,
779 3131 911 3206 timens
935 3151 984 3208 ne
1006 3151 1098 3227 gens
1124 3129 1318 3205 Conradini
1338 3129 1499 3226 dispersa
1519 3129 1595 3204 oot-

421 3251 598 3348 iigeretur
611 3257 678 3326 aut
690 3249 953 3348 detegerentur
970 3249 1118 3324 insidiae.
1131 3250 1176 3323 Et
1192 3250 1288 3326 bene
1308 3255 1388 3325 erat
1408 3269 1501 3344 opus
1517 3255 1593 3324 mm

421 3368 846 3463 salubriadmonitione,
870 3367 959 3464 quia
983 3369 1105 3445 statim
1131 3367 1301 3445 dominus
1321 3369 1515 3463 demicus,
1531 3369 1594 3464 qui

421 3509 509 3566 oum
535 3488 611 3562 suis
635 3488 794 3584 hispanis
810 3477 847 3581 (⁶)
874 3495 912 3564 et
935 3487 1122 3585 germanis
1139 3489 1285 3584 sequuti
1307 3488 1453 3567 inerant
1469 3489 1595 3586 iugem

421 3607 700 3706 provincialium
725 3615 764 3684 et
788 3607 963 3684 italorum
975 3598 1013 3702 (⁷)
1041 3629 1107 3705 per
1134 3630 1246 3685 unam
1273 3609 1418 3706 vallem,
1447 3617 1485 3686 et
1510 3610 1595 3686 nibil

421 3729 589 3805 viderant
622 3728 824 3825 depugna
861 3727 981 3804 Caroli
1015 3733 1053 3804 et
1085 3729 1172 3827 iuga
1206 3729 1412 3825 Conradini‚
1445 3730 1596 3806 collecta

420 3855 534 3945 gente
558 3869 626 3923 sua
653 3846 936 3923 revertebantur
961 3847 1008 3922 ad
1033 3868 1218 3945 campum.
1237 3849 1307 3938 Qui
1328 3849 1454 3926 videns
1477 3849 1595 3926 aciem

423 3967 556 4062 Caroli,
574 3965 728 4043 credens
748 3985 830 4042 esse
846 3965 1106 4061 Conradinum‚
1125 3967 1271 4043 tandem
1288 3969 1595 4064 appropinquans,

423 4087 568 4184 cognita
592 4086 723 4162 fraude
747 4085 983 4182 stupetactus,
1008 4085 1072 4161 sed
1102 4091 1293 4181 tamquam
1324 4087 1381 4162 vir
1412 4088 1596 4183 cordatus,

424 4227 499 4282 non
536 4205 687 4282 territus
730 4205 768 4280 in
815 4212 916 4280 tanto
953 4204 1174 4301 discrimine,
1212 4205 1400 4283 restrinxit
1433 4227 1474 4283 se
1510 4226 1598 4283 cum

424 4327 521 4422 snis;
547 4326 596 4400 ita
627 4325 726 4420 quod
751 4345 841 4423 gens
868 4323 987 4400 Caroli
1013 4323 1118 4419 fessa,
1144 4343 1217 4400 non
1244 4325 1397 4402 tentadt
1425 4326 1600 4403 invadere

424 4447 542 4523 aciem
559 4435 595 4540 (⁸)
631 4446 722 4542 eius,
748 4465 797 4520 ne
830 4445 1016 4522 fortunam
1049 4465 1155 4522 suam
1188 4456 1392 4541 exponeret
1424 4447 1598 4543 periculo.

425 4565 529 4642 Unde
548 4567 650 4643 'acies
676 4565 774 4642 stetit
798 4564 905 4642 drma
934 4575 1062 4643 eontra
1091 4565 1209 4643 aciem
1246 4566 1324 4643 iere
1356 4587 1422 4664 per
1447 4569 1599 4662 boram3

1494 4735 1600 4746 ιιι-.-

489 4827 516 4889 (’)
532 4827 564 4879 Ε·
580 4829 667 4881 imit·
1070 4827 1100 4892 (¹)
1115 4831 1147 4882 B.
1161 4831 1215 4882 nid.

491 4901 518 4963 i'i
532 4901 560 4954 S·
576 4904 657 4968 sigua.
1072 4907 1100 4968 (¹)
1117 4905 1148 4958 li.
1164 4907 1309 4958 mutent.

491 4978 519 5042 (¹)
533 4979 567 5031 R.
583 4980 639 5031 acie
655 4981 841 5046 maudo.
1070 4981 1098 5043 (Ἰ
1114 4980 1145 5032 li.
1160 4981 1274 5045 hispanis
1288 4983 1399 5048 aquati

435 5087 439 5096 ·
489 5053 516 5117 (Ἴ)
534 5055 565 5107 E.
582 5069 598 5108 e
615 5061 670 5118 ne,
686 5057 843 5110 iudeorum.
1072 5054 1101 5118 ι’)
1117 5057 1143 5108 S.
1160 5062 1272 5122 mrem.
