4534 6842
722 955 792 1022 194
1117 966 1319 1022 counitum
1343 965 1493 1022 munuru

624 1187 627 1194 ,
717 1132 784 1207 per
808 1111 992 1206 ellectum,
1018 1112 1163 1188 dicens:
1196 1107 1268 1204 ole',
1293 1110 1395 1204 idest,
1420 1109 1519 1204 qnia,
1545 1113 1579 1184 lo
1607 1111 1698 1184 duca
1730 1112 1762 1184 si
1791 1115 1884 1186 oolse

717 1252 743 1303 o
766 1252 833 1324 nte,
858 1252 924 1304 oon
940 1235 1019 1325 puel
1033 1235 1142 1325 piplio
1158 1234 1268 1324 dolor,
1294 1231 1396 1324 idest,
1422 1250 1508 1306 cum
1535 1229 1596 1303 illo
1615 1237 1764 1324 aspectu
1782 1231 1885 1306 beni-

717 1370 791 1448 gno
816 1357 854 1426 et
878 1351 1077 1446 favorabili,
1103 1354 1154 1424 olt'
1166 1355 1201 1423 io
1213 1353 1239 1423 'l
1253 1353 1324 1424 nidi
1334 1352 1457 1442 primu
1474 1351 1512 1422 al
1527 1344 1586 1440 pte*
1600 1350 1658 1422 del
1670 1357 1797 1442 morde,
1815 1351 1885 1426 soi-

718 1473 812 1567 licet,
838 1472 986 1566 quando
1009 1472 1075 1546 sibi
1102 1470 1247 1546 ruituro
1271 1470 1317 1545 de
1343 1476 1467 1544 monte
1485 1469 1532 1543 ad
1551 1470 1695 1564 vallem,
1713 1470 1884 1566 Virgilius

718 1592 880 1666 occurrit
903 1592 981 1686 sibi,
1007 1591 1071 1685 qui
1095 1590 1261 1686 promisit
1285 1589 1320 1666 ei
1345 1590 1535 1664 consilium
1562 1595 1599 1664 et
1623 1589 1813 1684 auxilium,
1841 1597 1883 1664 ut

717 1712 833 1807 patuit
857 1712 1015 1806 capitulo
1039 1711 1179 1806 primp3
1204 1711 1254 1784 ita
1268 1701 1305 1802 (⁴)
1332 1710 1398 1784 sibi
1423 1729 1622 1784 ascensuro
1646 1709 1693 1784 de
1718 1710 1813 1785 valle
1837 1709 1883 1784 ed

717 1837 894 1924 montem,
907 1830 1076 1926 Virgilius
1101 1830 1258 1926 benigne
1282 1829 1380 1906 dedit
1404 1829 1471 1904 sibi
1487 1829 1678 1905 consillum
1696 1829 1828 1922 verbis,
1846 1834 1883 1902 et

717 1951 881 2046 porrexit
899 1951 1078 2025 auxilium
1096 1971 1182 2024 cum
1200 1949 1393 2043 menibus3
1411 1949 1506 2022 sicut
1521 1949 1632 2024 etiarn
1652 1949 1786 2024 Dentes
1803 1953 1882 2022 erut

716 2071 754 2146 in
778 2091 933 2148 asosnsu
961 2071 1055 2144 illius
1085 2069 1218 2144 montis
1248 2068 1397 2143 territus
1426 2074 1575 2163 aspectu
1605 2067 1751 2142 illarum
1786 2067 1883 2142 lera-

718 2212 815 2285 rum‚
844 2191 894 2266 ita
925 2210 1023 2264 nunc
1055 2190 1090 2262 in
1122 2209 1276 2264 ascensu
1310 2187 1414 2262 istius
1447 2187 1564 2282 pontis
1598 2194 1680 2264 eret
1712 2187 1883 2262 turbatus

716 2317 865 2406 aspectu
890 2310 1028 2407 Virgilii
1054 2309 1147 2404 irati,
1173 2315 1211 2384 et
1234 2315 1385 2404 aspectu
1410 2307 1504 2382 illius
1531 2308 1599 2384 viae
1623 2327 1773 2404 asperae.
1799 2309 1883 2383 ldeo

716 2431 823 2506 dicit:
849 2452 944 2505 come
969 2433 1029 2504 nol
1053 2432 1222 2503 vendumo
1248 2431 1287 2502 al
1309 2427 1799 2524 promptissimorum
1822 2449 1883 2504 re-

715 2550 874 2626 divimus
887 2541 924 2641 (2)
951 2548 998 2624 ed
1021 2556 1170 2644 pontem
1182 2548 1368 2642 iacentem
1385 2546 1577 2622 ruinosum
1598 2547 1636 2620 ln
1652 2547 1765 2622 lundo
1781 2547 1883 2622 istius

716 2671 850 2766 bulgiae
868 2675 993 2764 sextae,
1012 2668 1098 2762 quia
1115 2669 1326 2744 dimiserant
1343 2668 1440 2743 viem
1459 2675 1597 2742 rectem
1616 2667 1763 2744 oonsilio
1780 2668 1883 2742 irau-

715 2789 866 2864 dulento
878 2789 1187 2864 Melampu-ne
1202 2790 1354 2862 marom.
1371 2788 1436 2862 llic
1453 2787 1623 2862 describit
1638 2795 1748 2862 autor
1761 2789 1879 2884 ipsum

715 2909 894 2986 auxiium
908 2915 946 2984 et
957 2908 1148 2984 consilium
1158 2907 1294 3002 Virgilii
1308 2908 1405 2982 circa
1421 2926 1615 2982 ascensum
1633 2907 1735 2983 istius
1751 2908 1881 3002 pontis,

715 3035 753 3104 et
778 3049 965 3104 recessum
991 3028 1036 3102 de
1061 3028 1152 3102 loco.
1179 3027 1272 3101 llicit
1296 3047 1409 3124 ergo:
1428 3029 1617 3100 tetracola
1633 3047 1771 3118 aperte,
1789 3027 1883 3101 sicut

713 3149 833 3223 bonus
857 3156 961 3248 pater
986 3147 1049 3240 qui
1073 3147 1193 3241 primo
1218 3145 1410 3220 videbatur
1435 3146 1551 3220 iratus
1575 3145 1667 3220 laetis
1691 3146 1785 3220 ulnis
1821 3166 1882 3222 re-

715 3269 799 3364 cipit
814 3258 851 3362 (³)
876 3268 993 3342 lilium
1020 3266 1208 3340 timentem
1235 3272 1278 3339 nt
1303 3265 1518 3340 exhortetur
1552 3285 1653 3358 eum,
1678 3271 1716 3340 et
1745 3265 1882 3341 tribuat

714 3389 781 3462 sibi
806 3388 942 3463 bonam
968 3407 1081 3481 spem.
1109 3387 1153 3460 Et
1176 3385 1328 3460 adverte
1356 3384 1456 3478 quod
1487 3383 1657 3481 Virgilius
1681 3391 1880 3478 antequem

713 3508 920 3583 ostenderet
936 3507 1137 3603 benignum
1153 3511 1343 3600 aspectum
1364 3504 1481 3598 Danti,
1500 3510 1537 3580 et
1554 3503 1713 3599 aperiret
1732 3503 1881 3578 brachio

712 3628 759 3703 ad
784 3627 1000 3723 capiendum
1026 3645 1112 3702 eum
1140 3631 1177 3700 et
1206 3623 1416 3718 levandum,
1441 3623 1708 3698 deliberaverat
1720 3611 1759 3714 (⁸)
1784 3623 1879 3697 inter

712 3769 753 3824 se
777 3754 816 3822 et
839 3751 1030 3824 notaverat
1054 3745 1168 3820 oculis
1193 3745 1290 3819 riam
1317 3764 1384 3838 per
1409 3765 1523 3838 quem
1543 3751 1663 3840 posset
1681 3742 1881 3817 ascendero

712 3888 872 3942 sursum.
891 3867 982 3942 llicit
998 3887 1111 3964 ergo:
1138 3867 1232 3958 dopo
1255 3867 1358 3938 moun
1376 3866 1543 3955 consiplio
1560 3865 1656 3936 eleuo
1672 3883 1763 3954 sero,
1781 3883 1877 3958 prae-

712 3986 931 4082 meditando,
952 3993 990 4061 et
1005 3986 1257 4079 deliberand03
1278 3984 1359 4060 ideo
1375 3983 1478 4058 dicit:
1495 3985 1744 4074 mpumdundo
1759 3987 1880 4076 primo

712 4109 776 4182 ben
806 4111 843 4180 la
870 4109 989 4199 runa,
1020 4105 1154 4182 scilicet
1170 4097 1220 4199 (⁵),
1247 4111 1289 4178 ut
1322 4104 1474 4200 eligeret
1504 4103 1694 4178 meliorem
1727 4103 1836 4199 viam,
1863 4125 1882 4176 e

671 4302 680 4322 ‚
711 4229 857 4302 dudemi
880 4229 918 4300 dl
935 4229 1061 4319 piplto,
1086 4225 1189 4320 idest,
1214 4225 1310 4319 oepit
1339 4244 1400 4298 me
1429 4229 1466 4298 et
1497 4224 1690 4319 amplexus
1722 4230 1776 4298 est
1806 4243 1878 4298 me.

711 4347 823 4440 Unde,
850 4354 893 4421 ut
916 4345 1093 4442 intelligas
1118 4344 1228 4420 istum
1255 4349 1394 4437 actum,
1421 4343 1625 4440 imaginare
1655 4343 1685 4415 si
1711 4361 1877 4436 unquam

711 4469 828 4544 vidisti
852 4469 890 4542 in
914 4487 991 4542 una
1015 4467 1110 4540 valle
1135 4485 1253 4539 unum
1278 4471 1428 4559 pontem
1454 4485 1568 4560 supra
1595 4485 1714 4538 unum
1740 4465 1878 4539 llumen

710 4589 770 4662 vel
795 4587 918 4661 rivum
942 4585 1113 4680 tractum,
1138 4590 1175 4659 et
1199 4584 1342 4679 lapsum
1374 4583 1412 4657 in
1443 4583 1568 4678 londo,
1594 4583 1642 4658 ite
1672 4583 1772 4678 quod
1804 4604 1878 4658 non

709 4712 829 4804 posset
853 4705 946 4782 exiri
970 4705 1017 4780 de
1041 4705 1137 4780 vallo
1160 4703 1228 4778 nisi
1252 4724 1319 4799 per
1342 4703 1489 4778 ruinam
1512 4702 1616 4778 istius
1635 4703 1754 4800 pontis
1770 4703 1878 4798 juxta

721 4883 722 4886 Ἴ
773 4923 801 4983 (¹)
817 4924 870 4982 llo,
887 4921 922 4972 itu
937 4935 1007 4974 nuno
1022 4922 1079 4972 slltl.
1324 4919 1352 4983 (¹)
1369 4920 1399 4971 E.
1416 4933 1464 4973 nos
1479 4921 1635 4972 venlremuu.

771 4997 799 5060 l'l
815 5002 861 5050 lto
876 5011 891 5049 e
907 4999 938 5050 B.
955 4999 1061 5063 reoopit.
1323 4997 1351 5058 (⁸)
1367 4997 1397 5048 R
1415 4995 1675 5060 auocarentur,
1692 4999 1720 5048 ol
1734 5000 1879 5050 notarent.

772 5076 800 5138 (⁸)
817 5075 848 5126 Ε.
863 5075 961 5128 solllool
977 5077 1010 5128 nd
1025 5078 1075 5132 lton
1090 5079 1121 5128 ul
1135 5073 1253 5140 eligeret.
