4534 6842
711 939 779 1006 leo
1099 951 1302 1006 connunum
1327 952 1477 1006 mnsam

708 1097 867 1193 rigidum
882 1091 919 1189 (¹)
941 1097 1034 1192 gelu·
1045 1117 1091 1171 ex
1109 1116 1245 1192 magna
1263 1097 1409 1190 bruma,
1427 1114 1511 1190 quae
1528 1095 1674 1170 videtur
1693 1095 1873 1188 quodam-

709 1217 819 1290 modo
845 1216 1013 1310 quadam
1030 1216 1105 1310 nix,
1126 1216 1225 1290 dolet
1242 1222 1279 1291 et
1295 1217 1534 1310 conqueritur
1551 1215 1650 1310 quod
1667 1236 1741 1289 non
1757 1221 1876 1310 potest

707 1335 891 1430 expellere
907 1355 995 1410 oves
1019 1333 1066 1410 ad
1091 1355 1288 1430 pascuum3
1314 1336 1445 1410 deinde
1461 1337 1571 1430 paulo
1587 1341 1667 1430 post
1684 1335 1876 1434 egrediens

708 1455 911 1551 tugurium,
932 1461 971 1529 et
987 1455 1112 1532 videns
1128 1457 1301 1530 brumam
1326 1456 1525 1530 resolutam
1545 1457 1673 1550 asole,
1694 1456 1876 1530 exhilara-

708 1581 768 1649 tus
794 1575 947 1649 reintrat
962 1567 998 1667 (²)
1024 1574 1189 1669 domum,
1215 1581 1253 1650 et
1277 1581 1427 1670 accepta
1447 1576 1551 1671 virga
1568 1576 1716 1670 expellit
1734 1595 1823 1650 oves
1840 1581 1877 1649 et

709 1694 979 1787 reconsolatur3
1005 1693 1055 1769 ita
1072 1693 1243 1789 Virgilius
1267 1715 1291 1768 a
1316 1693 1421 1768 simili
1442 1700 1524 1768 erat
1539 1694 1745 1787 aliqualiter
1762 1695 1877 1768 iratus

710 1812 877 1887 illusione
901 1812 995 1887 lacta
1021 1813 1087 1886 sibi
1118 1834 1141 1887 a
1170 1801 1371 1906 'Malacoda
1399 1813 1462 1886 sed
1494 1819 1575 1908 post
1599 1813 1798 1906 modicum,
1823 1813 1878 1885 ira

710 1931 856 2024 reiecta,
874 1932 1057 2007 serenavit
1074 1932 1242 2024 frontem,
1257 1937 1294 2005 et
1311 1930 1464 2004 reddidit
1480 1951 1521 2006 se
1539 1932 1740 2026 benignum
1757 1931 1875 2004 Danti.

638 2092 641 2098 ·
709 2051 814 2124 Nunc
845 2050 1024 2124 descende
1055 2050 1102 2124 ad
1126 2049 1281 2144 literam,
1313 2070 1426 2144 quam
1458 2050 1586 2124 ordina
1614 2051 1677 2144 sic,
1707 2051 1794 2143 quia
1823 2055 1878 2124 est

708 2169 795 2242 satis
820 2169 997 2264 intricata,
1023 2176 1062 2244 et
1085 2169 1202 2263 incipe
1227 2169 1294 2243 ibi:
1321 2174 1370 2242 Lo
1392 2172 1576 2261 vilianello,
1599 2191 1624 2242 o
1648 2172 1704 2242 cui
1727 2172 1764 2241 ln
1787 2169 1878 2240 roda

709 2309 849 2381 manco,
868 2288 973 2383 quasi
992 2288 1110 2364 dicat:
1130 2291 1390 2382 pauperculus,
1406 2289 1497 2384 vquia
1514 2309 1588 2363 non
1604 2289 1689 2364 lecit
1705 2288 1772 2363 sibi
1791 2308 1878 2383 pro-

708 2407 885 2483 visionem
911 2409 1095 2482 straminis
1111 2428 1179 2502 pro
1196 2411 1340 2504 hyeme,
1359 2429 1444 2501 quae
1465 2418 1621 2502 estpars
1637 2408 1767 2486 inferni
1784 2427 1877 2503 pan-

713 2527 791 2622 peri
807 2519 843 2620 (²¹)
870 2528 1020 2621 homini,
1045 2527 1104 2601 vel
1128 2528 1216 2622 quia
1240 2529 1311 2602 alio
1337 2549 1425 2604 casu
1450 2529 1614 2623 perdidit
1638 2531 1671 2602 sa·
1694 2531 1785 2618 nvo,
1805 2527 1875 2600 sci·

713 2646 807 2740 licet,
825 2647 871 2722 de
887 2667 1007 2740 mane,
1024 2669 1044 2718 e
1058 2650 1201 2736 guarda
1220 2669 1239 2718 e
1255 2651 1338 2720 neda
1362 2651 1399 2720 ln
1413 2667 1613 2740 compagae
1629 2647 1875 2738 uamtepptar

710 2771 810 2856 tutta,
840 2771 989 2860 propter
1019 2765 1141 2840 albam
1179 2765 1347 2860 pruinam
1380 2786 1465 2859 quas
1499 2765 1587 2860 tegit
1617 2766 1713 2838 illam
1746 2771 1875 2858 lotam,

711 2887 838 2958 oadal
860 2889 892 2958 si
915 2885 1005 2958 batte
1028 2888 1169 2976 tama,
1194 2885 1331 2960 scilicet
1352 2905 1437 2961 cum
1459 2905 1572 2973 manu
1590 2885 1627 2958 in
1646 2885 1793 2980 signum
1809 2884 1876 2958 do·

710 3005 808 3098 loris,
833 3027 853 3078 e
876 3008 1015 3078 aaran
1038 3007 1077 3078 ia
1100 3025 1199 3096 cuso,
1223 3027 1243 3078 e
1267 3025 1338 3097 pua
1366 3027 1385 3077 e
1413 2995 1461 3097 ut,
1492 3005 1626 3080 scilicet
1654 3005 1876 3080 ambulando

709 3127 780 3200 sub
800 3128 1094 3220 tecto,st1apna,
1111 3125 1213 3219 idest,
1230 3125 1481 3219 conqueritur,
1498 3146 1593 3200 como
1604 3129 1630 3200 Ἰ
1645 3128 1755 3219 topia,
1772 3125 1875 3220 idest,

711 3253 900 3339 umquam
918 3244 1081 3320 misellus
1092 3233 1141 3337 (⁸),
1158 3247 1217 3316 cde
1233 3265 1305 3318 aon
1320 3266 1364 3318 so
1380 3248 1439 3318 cite
1461 3247 1495 3318 a·
1514 3248 1643 3338 socna,
1661 3246 1746 3339 quia
1767 3245 1795 3319 si
1821 3251 1877 3319 te-

711 3371 774 3438 net
798 3362 957 3458 pecudes
977 3364 1015 3436 in
1031 3362 1142 3437 domo
1155 3363 1367 3438 afficiuntur
1385 3363 1492 3458 lame,
1510 3365 1539 3436 si
1557 3365 1703 3457 expellit
1716 3356 1753 3456 (ὖ)
1773 3369 1876 3438 extra

711 3483 922 3556 moriuntur
948 3482 1084 3578 frigore
1109 3489 1147 3558 et
1171 3482 1281 3576 lame,
1306 3483 1388 3556 ideo
1413 3503 1488 3557 non
1516 3484 1649 3558 emittit
1679 3505 1747 3579 pro
1777 3491 1876 3578 tunc,

708 3604 772 3695 poi
794 3604 904 3692 meda,
929 3601 1030 3695 idest,
1055 3602 1165 3695 paulo
1193 3609 1274 3696 post
1305 3602 1503 3679 revertitur
1532 3611 1637 3678 extra
1670 3603 1878 3697 domum,e

711 3725 934 3811 riacovopnu
958 3723 994 3794 lo
1018 3741 1209 3813 wanze,
1230 3720 1333 3816 idest,
1354 3731 1548 3817 recuperat
1566 3743 1667 3818 spem
1685 3723 1875 3817 perditam.

711 3841 756 3914 Et
780 3846 867 3914 nota
892 3839 991 3934 quod
1014 3846 1124 3914 autor
1155 3840 1238 3915 lacit
1263 3841 1522 3935 pulcerrimam
1548 3841 1875 3936 transumptionem

712 3959 879 4034 vocabuli
905 3959 942 4032 in
960 3959 1021 4033 tali
1038 3979 1145 4052 casu3
1163 3981 1248 4034 nam
1270 3981 1432 4056 cavagna
1449 3969 1503 4036 est
1520 3961 1607 4037 cista
1628 3962 1823 4054 rusticana,
1840 3966 1877 4036 et

711 4085 821 4154 autor
846 4098 893 4154 ex
919 4077 1067 4152 nomine
1093 4079 1202 4152 trahit
1227 4079 1299 4154 tale
1319 4080 1488 4173 verbum,
1505 4079 1604 4173 quod
1619 4080 1755 4175 optime
1776 4099 1877 4154 com-

711 4197 802 4292 petit
831 4197 995 4272 materiae
1031 4197 1237 4290 rusticana,
1267 4198 1362 4273 sicut
1395 4205 1433 4274 et
1457 4200 1627 4294 Virgilius
1659 4219 1725 4295 per
1757 4206 1875 4276 totum

712 4317 847 4391 librum
877 4317 1134 4392 Bucolicorum
1163 4318 1267 4412 qnasi
1297 4339 1443 4412 semper
1471 4319 1555 4394 iacit
1587 4320 1878 4416 comparationes

712 4443 749 4510 et
766 4437 998 4530 metaphoras
1015 4437 1218 4513 rusticanas
1235 4439 1439 4512 secundum
1457 4439 1676 4536 exigentiam
1695 4439 1877 4516 materiae:

713 4561 751 4629 ct
767 4573 854 4629 ecce
867 4574 984 4647 qnare
1002 4555 1157 4628 resumit
1172 4575 1288 4651 spem,
1306 4562 1483 4649 vappardo
1499 4562 1526 4633 il
1541 4563 1670 4636 mondo
1685 4581 1773 4634 aver
1790 4579 1878 4632 corr·

710 4674 811 4763 pinta
831 4675 960 4766 fondo,
986 4673 1088 4768 idest,
1115 4673 1241 4750 videns
1258 4683 1395 4750 terram
1418 4684 1581 4754 mutasse
1596 4685 1783 4774 aspectum
1801 4677 1879 4754 sive

711 4793 973 4888 apparentiam,
999 4793 1085 4887 quia
1112 4795 1174 4870 nbi
1198 4802 1280 4870 crat
1312 4796 1432 4891 primo
1459 4797 1544 4874 alba
1576 4819 1623 4874 ex
1655 4799 1797 4894 pruina,
1823 4803 1877 4874 ast

772 4980 798 5043 (¹)
815 4983 870 5040 llll.
886 4981 998 5044 rigidum
1015 4981 1073 5046 gali.
1136 4981 1164 5044 (¹)
1180 4981 1210 5035 B.
1225 4989 1333 5034 remeat.
1397 4983 1423 5046 (¹)
1440 4989 1494 5048 lla,
1512 4987 1670 5050 pauperrimi
1686 4985 1792 5038 homlnl.

773 5055 800 5118 (¹)
816 5055 847 5107 ll.
863 5057 1011 5110 mnarum
1138 5057 1207 5122 (Ἲῦ.
1223 5065 1297 5112 axlrn
1312 5060 1394 5124 pellit,
1409 5065 1567 5118 manantur.
