4526 6836
740 981 880 1038 caurus
904 983 1060 1040 oucmus
1084 985 1254 1042 manvus.
1557 975 1578 1042 3

406 1126 637 1224 punctaliten
667 1129 725 1200 del
755 1149 880 1220 compo
913 1132 1080 1222 metipso.
1111 1133 1156 1208 lit
1188 1153 1235 1208 ex
1265 1131 1369 1208 (lictis
1397 1131 1580 1206 concludit

406 1250 504 1344 quod
530 1249 559 1323 si
584 1255 717 1342 puteus
734 1255 790 1322 est
805 1249 967 1343 spericus
984 1258 1022 1326 et
1039 1252 1211 1346 circulus,
1229 1271 1320 1349 ergo
1345 1259 1383 1328 et
1405 1272 1471 1347 per
1488 1271 1579 1326 con-

406 1389 563 1462 sequens
587 1388 716 1443 omnes
741 1369 854 1444 valles
879 1371 1004 1464 positae
1030 1371 1125 1446 inter
1151 1372 1217 1448 ista
1243 1373 1318 1448 duo
1344 1370 1463 1446 media
1493 1382 1579 1448 sunt

405 1489 566 1585 spericae.
593 1489 685 1564 Dicit
710 1509 823 1586 ergo:
850 1493 1012 1588 odonpm
1036 1496 1115 1584 quel
1128 1495 1276 1585 cerclio,
1294 1491 1386 1566 idest
1404 1498 1502 1568 totus
1519 1493 1580 1568 ille

404 1609 579 1685 circuitus
591 1601 643 1702 (¹),
668 1611 728 1683 cle
751 1613 870 1684 mutan
895 1619 953 1684 tra
969 1615 995 1684 ’t
1015 1615 1135 1704 pocct'o
1159 1615 1221 1685 c't
1233 1607 1292 1704 po*
1309 1615 1353 1686 de
1369 1615 1478 1686 tollo
1494 1615 1577 1703 ripa

404 1733 510 1822 duro,
536 1730 582 1805 de
606 1749 681 1822 qua
705 1729 843 1805 dictum
869 1739 935 1824 ost
961 1727 999 1806 e'e
1023 1735 1143 1824 mmo,
1160 1735 1236 1808 etit
1247 1735 1372 1826 formo,
1390 1733 1482 1807 idest
1502 1739 1578 1808 tota
1603 1806 1607 1816 ,

405 1851 568 1944 planities
593 1871 739 1946 magna,
764 1848 802 1925 e'e
826 1854 964 1926 dtitimo
988 1855 1023 1926 in
1049 1855 1138 1928 dicct·
1162 1857 1256 1948 volti,
1283 1873 1368 1948 quae
1392 1855 1578 1948 appellan-

405 1976 466 2042 tur
496 1969 707 2065 bulgiae-
730 1973 847 2058 Ortum
874 1972 939 2046 llic
962 1980 1073 2047 autor
1098 1973 1276 2068 descripta
1304 1965 1340 2066 (²)
1368 1973 1487 2049 iorma
1512 1993 1579 2068 ge-

405 2089 518 2164 nerali
544 2090 656 2164 totius
679 2091 817 2184 circuli,
834 2092 995 2166 declarat
1020 2093 1177 2168 iormam
1200 2093 1395 2186 specialem
1413 2094 1495 2168 eius
1511 2113 1578 2188 por

404 2231 517 2286 unam
543 2211 854 2306 comparationem
881 2213 967 2286 satis
991 2233 1244 2308 communem,
1265 2213 1371 2288 cuius
1396 2213 1576 2290 sementia

404 2338 459 2406 est
483 2331 569 2404 satis
585 2330 748 2424 contusa,
765 2338 803 2406 et
823 2331 929 2407 litera
952 2332 1058 2407 valde
1077 2333 1255 2408 intricata.
1273 2333 1358 2408 ldeo
1371 2324 1409 2426 (³)
1430 2334 1477 2408 ad
1497 2333 1578 2408 cius

402 2450 684 2526 declarationem
701 2457 812 2524 autor
829 2451 908 2524 vult
924 2450 1047 2526 dicere
1066 2451 1348 2528 sententialiter:
1370 2453 1575 2548 imaginare

405 2577 443 2646 et
467 2571 565 2668 finge
590 2571 653 2645 tibi
677 2571 715 2644 in
740 2577 945 2646 mentetua
963 2591 1080 2646 unum
1101 2572 1292 2648 castellum
1319 2571 1520 2646 rotundum
1537 2571 1575 2645 in

405 2711 537 2788 magna
563 2691 711 2787 planitie
735 2690 941 2786 campestri,
967 2691 1066 2784 quod
1093 2691 1203 2766 habet
1218 2679 1254 2784 (⁸)
1274 2691 1372 2768 circa
1394 2713 1435 2767 se
1451 2693 1577 2787 plures

403 2821 441 2888 et
464 2809 588 2908 plures
613 2813 738 2906 fossas,
763 2819 801 2888 et
820 2813 928 2907 juxta
954 2817 1098 2907 portam
1124 2811 1260 2888 castelli
1291 2834 1316 2887 a
1346 2811 1424 2907 ripa
1450 2812 1575 2888 infima

403 2934 524 3029 incipit
547 2955 623 3008 una
647 2935 745 3008 volta
771 2933 999 3028 pontisque
1024 2932 1186 3026 cooperit
1201 2924 1238 3024 (ὅ)
1261 2932 1419 3028 primam
1440 2932 1574 3008 fossam

402 3074 521 3147 usque
545 3052 592 3127 ad
617 3053 814 3128 mundam
842 3053 976 3148 ripam;
994 3051 1098 3128 etita
1114 3052 1276 3128 munda
1293 3054 1391 3127 volta
1407 3052 1530 3146 incipit
1550 3073 1574 3128 a

405 3175 565 3250 secundo
582 3175 672 3269 ripa,
690 3180 727 3250 et
743 3174 907 3269 cooperit
926 3172 1126 3248 secundam
1143 3173 1277 3248 iussam
1295 3191 1414 3266 usque
1435 3171 1481 3245 ad
1498 3181 1575 3248 ter-

404 3296 492 3370 tiam
518 3294 653 3389 ripam;
671 3302 709 3369 et
725 3295 775 3370 ita
791 3294 837 3370 de
853 3295 1025 3369 omnibus
1045 3314 1164 3388 usque
1180 3293 1227 3370 ad
1243 3293 1390 3386 decem;
1409 3292 1458 3368 ita
1475 3291 1575 3387 quod

403 3416 474 3488 sint
490 3405 527 3506 (⁶)
552 3415 681 3490 decem
706 3435 817 3490 orcus
833 3413 994 3509 contigui
1012 3413 1217 3488 successive
1236 3433 1335 3488 unus
1351 3418 1432 3507 post
1447 3411 1575 3504 alium,

400 3542 438 3610 et
456 3542 580 3610 tamen
597 3536 643 3609 sit
655 3525 694 3628 (Ὗ)
711 3541 811 3610 totus
827 3553 924 3608 uuus
940 3553 1031 3628 pons
1048 3540 1183 3627 rectus,
1196 3533 1245 3607 ita
1259 3523 1297 3624 (⁸)
1315 3531 1353 3606 in
1375 3532 1436 3608 tali
1453 3531 1574 3626 figura

401 3655 468 3730 iste
493 3663 627 3751 puteus
641 3655 821 3730 rotundus
841 3654 944 3729 velut
959 3653 1162 3729 lortilitium
1181 3653 1342 3728 cinctum
1360 3652 1442 3727 altis
1461 3651 1576 3726 turri·

402 3775 483 3870 bus,
497 3775 631 3850 scilicet
646 3773 867 3870 gigantibus,
879 3775 991 3849 habet
1002 3773 1100 3850 circa
1117 3793 1157 3848 se
1173 3773 1303 3850 docem
1316 3773 1428 3848 valles
1440 3792 1575 3848 couca-

402 3917 467 3970 vas
483 3895 520 3969 in
538 3894 690 3969 modum
708 3893 902 3986 fossarum,
919 3900 958 3969 et
979 3892 1106 3970 decem
1125 3893 1327 3987 ponticulus
1343 3883 1380 3985 (⁹)
1398 3912 1465 3988 per
1482 3912 1575 3986 quos

403 4017 578 4092 transitur
594 4035 660 4111 per
677 4021 797 4093 totum
810 4006 865 4106 (⁴⁰)
894 4013 1117 4110 llalebolgie
1144 4013 1249 4088 Nunc
1274 4013 1402 4088 ordina
1428 4013 1571 4088 literam

400 4138 472 4213 sic:
498 4141 618 4230 puelle,
635 4137 771 4212 scilicet
794 4134 1055 4228 valliscrosae
1081 4136 1186 4228 patim,
1203 4133 1241 4207 in
1257 4133 1325 4208 ista
1350 4133 1498 4228 planitie
1515 4133 1572 4206 iu-

401 4258 542 4353 iemali,
567 4261 618 4332 tul
639 4259 792 4349 imagine
817 4258 903 4348 quat
921 4258 1042 4348 figura
1067 4257 1104 4328 tu
1123 4261 1230 4346 porte
1254 4255 1343 4328 douc
1370 4273 1437 4326 son
1461 4256 1487 4326 tt
1510 4273 1573 4326 co-

399 4383 487 4454 stctlt'
518 4381 639 4472 rende,
664 4378 757 4454 idest
785 4376 954 4470 ostendit,
979 4380 1229 4470 representat,
1258 4376 1347 4450 douc
1374 4368 1484 4467 pilio
1512 4367 1574 4468 ptri

396 4504 485 4596 {ossi
507 4503 636 4593 mpori
661 4502 763 4592 pou
785 4498 917 4572 castelli
933 4515 1004 4589 per
1027 4499 1182 4587 mardic
1207 4497 1251 4568 de
1267 4497 1298 4570 tc
1314 4515 1433 4586 muro,
1450 4503 1493 4572 ut
1509 4513 1573 4570 ca·

400 4623 504 4698 stella
529 4619 600 4696 sint
624 4619 776 4694 tortiora
800 4637 875 4692 uon
900 4617 1021 4692 solum
1044 4614 1248 4690 munimine
1273 4633 1483 4708 murorum,
1508 4613 1573 4690 scd

459 4829 487 4894 (¹)
504 4834 548 4883 ltu
563 4843 580 4882 c
595 4830 626 4881 ll.
643 4829 767 4880 circulus.
1079 4823 1106 4885 (¹)
1125 4827 1178 4882 llo,
1195 4821 1322 4872 distinctu.

460 4905 487 4972 t')
503 4909 533 4959 n
548 4911 576 4958 ct
591 4907 658 4958 loeo.
1078 4899 1106 4964 (ἦ
1123 4903 1200 4951 title
1216 4899 1247 4949 E.
1263 4899 1364 4952 istut

460 4981 489 5048 (¹)
504 4985 535 5036 ll.
551 4985 628 5048 capit.
1078 4977 1105 5039 θ)
1121 4977 1153 5027 lt.
1168 4981 1238 5028 sunt.

459 5057 757 5124 mmmmm.
1079 5051 1401 5116 visitsqootllnlali.

458 5133 528 5200 (llil.
546 5136 709 5200 ponticellus
718 5159 747 5176 ι·
757 5135 789 5186 ll.
804 5129 956 5198 porticulus.
1066 5129 1106 5190 (¹⁸)
1122 5128 1153 5180 ll.
1170 5132 1253 5180 toturn
1273 5127 1361 5178 locum
1377 5125 1553 5192 uminum.
