4534 6842
707 944 847 1002 cenans
869 947 1061 1002 vrsnsmns
1085 947 1227 1003 ramos.
1476 939 1544 1008 119
1661 981 1667 994 ·

377 1090 499 1166 divina
523 1089 641 1187 gratia
666 1090 704 1163 in
730 1091 791 1164 tali
808 1090 867 1165 die
880 1085 918 1183 (⁴)
938 1090 985 1165 de
1004 1098 1126 1166 morte
1142 1097 1180 1165 et
1196 1091 1348 1166 tenebra
1372 1093 1545 1168 vitiorum

377 1211 552 1286 reductus
565 1202 603 1303 (ἓ)
624 1208 692 1284 init
708 1210 756 1285 ad
775 1211 913 1285 claram
939 1210 1052 1284 vitam
1070 1217 1107 1284 et
1128 1210 1223 1285 vlam
1241 1211 1418 1287 felicitatis
1438 1220 1547 1288 aster·

376 1353 445 1406 nm.
459 1333 490 1404 N
493 1351 564 1405 unc
580 1330 626 1405 ad
643 1330 954 1424 computationem
971 1351 1155 1406 annornm
1173 1331 1363 1427 veniendo,
1382 1333 1546 1408 Christus

377 1457 547 1526 mortuns
567 1457 622 1525 est
643 1450 830 1545 trigesimo
850 1451 959 1526 tertio
983 1471 1082 1525 anno
1106 1471 1184 1525 suae
1208 1453 1324 1526 atatis
1349 1460 1387 1528 et
1410 1461 1545 1547 quarto

377 1571 580 1666 incipiente
610 1572 708 1667 Ergo
733 1571 763 1644 si
790 1570 935 1667 triginta
961 1571 1079 1645 tribus
1102 1572 1207 1646 annis
1232 1572 1342 1646 addas
1366 1573 1544 1649 ducentos

377 1690 565 1786 sexaginta
590 1711 655 1766 sax
673 1691 786 1766 habes
801 1711 918 1766 annos
941 1698 1141 1786 trecentos,
1159 1693 1217 1780 vel
1234 1692 1289 1767 vis
1305 1693 1427 1768 dicere
1444 1693 1544 1788 quod

375 1816 485 1886 autor
516 1810 639 1906 incipit
674 1811 907 1886 millesimum
941 1811 989 1886 ab
1021 1811 1281 1906 incarnatione,
1311 1813 1406 1887 sicut
1438 1813 1544 1888 Tusci
1671 1898 1674 1904 ,

376 1928 524 2025 capiunt
540 1921 592 2024 (³),
630 1935 667 2004 et
704 1937 792 2006 tunc
830 1950 902 2005 non
940 1937 1085 2025 oportet
1121 1932 1305 2008 calculare
1341 1933 1444 2006 illum
1478 1953 1546 2007 an-

378 2071 468 2124 num
493 2049 747 2144 imperfectum
783 2050 869 2143 quia
903 2057 1013 2125 erunt
1038 2051 1184 2148 triginta
1211 2059 1371 2146 quatuor
1399 2053 1543 2150 integri.

375 2171 480 2246 Nunc
512 2168 596 2244 veni
628 2169 675 2244 ad
708 2168 852 2245 literam
888 2169 1097 2264 obscuram,
1135 2191 1260 2265 qnam,
1291 2177 1334 2244 ut
1366 2172 1544 2268 inteiligas

376 2290 486 2382 clare,
519 2287 708 2363 considera
740 2288 839 2382 qnod
873 2288 942 2363 iste
973 2288 1094 2383 incipit
1126 2309 1326 2365 numerum
1360 2309 1543 2365 annorum

375 2427 398 2484 a
425 2414 544 2484 morte
563 2407 706 2500 Christi,
726 2427 798 2480 non
823 2407 871 2480 ab
896 2407 977 2482 elus
998 2408 1185 2484 nativitate
1204 2409 1264 2486 vel
1283 2409 1544 2504 incarnatione,

378 2528 427 2602 ita
453 2528 552 2622 quod
578 2533 695 2602 totum
722 2531 867 2622 tempus
892 2526 976 2600 vitae
992 2515 1027 2619 (⁸)
1056 2527 1186 2604 Christi
1211 2549 1284 2603 non
1300 2528 1448 2624 ponitur
1473 2529 1541 2603 hic.

375 2647 467 2723 Dicit
491 2667 605 2742 ergo:
631 2649 725 2720 Mille
749 2649 893 2720 waram
917 2667 985 2720 coa
1014 2655 1172 2721 saccata
1196 2652 1247 2722 sei
1275 2651 1361 2722 anta
1391 2651 1544 2740 comptor

373 2771 440 2844 icti
463 2771 585 2860 mpla
613 2788 676 2841 ore
704 2762 765 2858 pta
796 2769 884 2840 oltra
912 2769 972 2840 cle
1002 2770 1108 2859 qamt
1121 2774 1203 2842 otta.
1229 2768 1274 2841 Et
1302 2768 1360 2843 hic
1390 2769 1542 2845 adverte

374 2889 473 2984 quod
498 2887 645 2984 qnando
669 2887 738 2962 iste
761 2886 981 2980 loquebatur
997 2895 1078 2962 erat
1100 2889 1219 2982 prima
1243 2891 1335 2962 hora
1359 2887 1431 2963 diei
1455 2889 1541 2962 sab-

374 3010 449 3086 bati
466 3008 591 3102 sancti,
609 3014 647 3084 et
662 3007 742 3081 vult
765 3006 900 3101 dicere,
918 3007 1015 3100 qnod
1033 3006 1092 3082 die
1112 3007 1255 3084 veneris
1274 3009 1388 3084 sancti
1408 3017 1543 3103 praete·

229 3221 232 3227 ,
374 3131 457 3226 rita,
464 3133 555 3205 hora
567 3135 671 3204 serta
684 3128 778 3202 laeta
791 3134 847 3202 est
863 3127 931 3201 isla
948 3127 1066 3201 ruina.
1080 3127 1166 3202 ldeo
1182 3127 1282 3202 dicit:
1295 3132 1368 3201 lm·
1378 3125 1442 3221 pal
1453 3133 1542 3204 oltra

372 3255 485 3344 eapti
497 3271 562 3324 ore
583 3251 643 3323 cde
667 3250 775 3340 quest
785 3255 869 3338 olla,
887 3247 980 3322 idest
996 3246 1094 3321 ultra
1110 3247 1217 3322 istam
1235 3248 1367 3322 horam
1384 3249 1541 3344 primam

236 3417 241 3428 ·
372 3371 456 3465 diei,
480 3372 541 3443 cle
555 3372 593 3442 la
610 3371 669 3442 oia
682 3371 724 3461 sn
739 3373 834 3441 rotto
850 3369 918 3458 pal
937 3367 981 3440 Et
998 3366 1056 3440 lric
1072 3377 1159 3443 nota
1176 3367 1275 3460 quod
1290 3368 1403 3462 adqui
1421 3375 1544 3444 textus

374 3489 490 3585 magis
508 3487 674 3563 moderni
691 3486 826 3560 habent
841 3485 952 3560 aliam
968 3485 1111 3560 literam
1125 3486 1192 3561 sic:
1206 3490 1300 3560 Mille
1312 3490 1461 3578 depacto
1473 3507 1544 3560 ano

375 3614 567 3682 comacula
581 3609 644 3697 set,
660 3605 723 3682 sed
739 3605 807 3680 ista
823 3604 1065 3679 discordantia
1081 3605 1211 3680 accidit
1234 3611 1381 3701 propter
1402 3607 1542 3680 discor-

374 3728 534 3803 dantiam
552 3727 777 3822 opinionum,
795 3725 893 3818 quia,
911 3731 953 3797 ut
965 3724 1044 3819 jam
1060 3723 1146 3818 dixi,
1163 3725 1276 3819 aliqui
1293 3727 1421 3800 volunt
1443 3726 1542 3820 qnod

375 3847 537 3922 Christus
546 3847 679 3923 vixerit
690 3846 836 3942 triginta
850 3845 967 3920 tribus
979 3845 1095 3938 annis,
1104 3845 1165 3918 alii
1178 3844 1277 3939 quod
1290 3846 1436 3941 triginta
1448 3867 1543 3939 qna-

375 3973 471 4061 tuor,
489 3973 525 4042 et
544 3967 591 4042 de
610 3967 679 4040 hoc
695 3965 818 4040 andivi
836 3984 1009 4060 magnam
1025 3963 1324 4059 disputationem3
1342 3965 1405 4040 sed
1422 3966 1543 4060 prima

375 4085 495 4181 opinio
511 4091 549 4160 et
565 4086 615 4160 ita
631 4084 750 4179 prima
767 4084 871 4158 litera
885 4083 1029 4158 videtur
1046 4083 1176 4158 melior
1188 4075 1236 4175 (⁵).
1251 4085 1294 4157 Et
1311 4103 1358 4158 er
1375 4085 1445 4159 hoc
1459 4085 1542 4160 ride

374 4206 473 4301 quod
489 4206 557 4281 iste
573 4204 799 4300 computavit
815 4223 930 4278 annos
947 4225 970 4278 a
986 4203 1165 4297 passione,
1182 4203 1269 4298 quia
1285 4203 1315 4278 si
1332 4210 1542 4299 computas·

373 4335 462 4404 seta
476 4325 663 4400 nativitate
675 4329 781 4398 erant
798 4323 897 4398 mille
911 4323 1072 4398 trecenti.
1090 4313 1189 4415 lo(⁶).
1207 4323 1417 4398 llalacauda
1434 4323 1543 4398 tradit

373 4452 411 4521 et
426 4443 586 4540 assigm
605 4443 815 4518 societatem
835 4442 983 4538 Virgilio
999 4450 1039 4518 et
1054 4442 1178 4536 Danti3
1196 4449 1234 4517 et
1250 4443 1370 4538 primo
1386 4445 1543 4520 ostendit

374 4566 472 4661 qnod
496 4565 554 4642 isti
578 4565 674 4640 bene
698 4562 913 4640 scortabnnt
936 4582 1000 4638 eos
1013 4551 1064 4655 (⁷).
1087 4563 1190 4638 Unde
1213 4563 1322 4640 dicit:
1345 4568 1387 4638 lo
1411 4569 1543 4639 mando

439 4828 468 4890 (¹)
484 4835 538 4890 tto,
549 4831 591 4882 die
600 4831 634 4882 da
644 4831 696 4882 rita
705 4836 732 4883 st
742 4837 829 4884 morta
839 4833 970 4884 rltlornm.
1028 4829 1055 4892 (Ἴ
1071 4832 1097 4882 S.
1113 4833 1223 4884 eduum
1238 4831 1296 4882 lolt

436 4906 465 4971 ς’)
480 4911 535 4967 tlt,
551 4907 658 4958 induat.
935 4935 945 4956 .
1027 4909 1053 4970 (⁸)
1069 4908 1101 4959 ll.
1117 4908 1430 4960 ritnmmltomlniiesa
1438 4905 1540 4958 canati

435 4983 463 5043 t't
480 4987 534 5044 tlt,
550 4985 646 5036 varim.
1027 4983 1057 5048 (⁸)
1071 4983 1101 5034 ll
1117 4997 1133 5036 e
1151 4989 1205 5043 tto,
1223 4985 1259 5033 lo.
1277 4983 1328 5033 ille
1344 4983 1501 5036 llahoanda.

436 5059 463 5122 Γ)
481 5063 534 5120 litt,
551 5073 596 5112 ens
611 5061 718 5112 sthene
733 5061 819 5112 sclam
834 5060 887 5112 rias
902 5065 929 5111 et
944 5073 1033 5124 mna
1046 5067 1074 5113 at
1090 5075 1142 5112 non
1158 5059 1289 5111 otlandent
1303 5071 1357 5120 aaa,
1374 5061 1444 5110 mdc
1454 5059 1522 5110 dicit.
