4606 6840
602 812 605 818 Ι
695 864 768 934 itud
1091 875 1467 935 uounnnuumrsnm

693 1040 764 1098 nus
789 1021 847 1096 vel
871 1040 947 1117 pes,
968 1023 1149 1115 portando
1172 1029 1289 1115 mutu,
1310 1022 1414 1118 quasi
1436 1020 1552 1098 dicat:
1573 1021 1604 1096 si
1622 1031 1726 1117 potes
1742 1029 1862 1117 sputa,

693 1139 757 1216 sed
780 1160 854 1222 nou
879 1147 1001 1237 potes3
1026 1141 1115 1236 quia
1138 1161 1272 1238 spuere
1288 1147 1343 1218 ost
1358 1147 1464 1220 actus
1480 1141 1649 1236 hominis,
1664 1148 1707 1216 tu
1732 1152 1859 1222 autern

694 1278 768 1335 uon
792 1279 833 1336 es
855 1259 1011 1356 amplius
1035 1261 1164 1355 homo;
1184 1265 1223 1335 et
1246 1260 1389 1338 subdit:
1412 1265 1535 1354 porciu
1554 1264 1605 1353 pti
1625 1263 1719 1336 vous
1742 1265 1774 1338 le
1796 1282 1865 1336 no·

694 1380 778 1454 uelle
799 1381 922 1472 spatie,
947 1377 1050 1474 idest,
1074 1384 1180 1476 terga
1204 1379 1360 1455 huminis
1389 1399 1474 1475 qum
1505 1398 1624 1475 nuper
1653 1399 1864 1476 assumpse-

696 1504 765 1591 rat,
790 1504 828 1572 et
851 1497 946 1572 bene
969 1497 1079 1573 vertit
1103 1497 1169 1578 sibi
1193 1504 1309 1596 terga,
1335 1498 1422 1593 quia
1451 1498 1569 1574 iactus
1594 1499 1717 1593 humo,
1743 1499 1862 1576 tuctus

695 1623 752 1692 est
775 1613 943 1692 inimicus
965 1617 1144 1713 serpentis
1158 1609 1210 1712 (¹),
1235 1639 1254 1692 e
1281 1621 1372 1694 disce
1395 1639 1421 1691 o
1444 1621 1585 1711 1α11νο,
1610 1617 1715 1713 quusi
1740 1617 1860 1695 dicat:

695 1737 875 1816 convertit
898 1757 939 1814 se
962 1737 1010 1814 ad
1034 1737 1147 1814 alium
1171 1737 1322 1832 socium,
1344 1738 1480 1814 scilicet
1498 1738 1665 1833 Pucium,
1683 1739 1747 1834 qui
1767 1760 1862 1815 nun·

694 1855 785 1931 dum
810 1868 892 1935 erat
915 1863 1090 1953 mutatus,
1114 1864 1153 1932 et
1176 1857 1285 1934 dixit:
1310 1860 1345 1934 io
1370 1860 1496 1932 uo'oie
1520 1863 1627 1950 Boou,
1653 1858 1717 1955 qui
1743 1880 1862 1955 nuper

696 1976 814 2052 lactum
838 1982 894 2054 est
917 1997 1077 2074 serpens,
1101 1998 1211 2054 corre
1234 1998 1384 2071 empna,
1407 1976 1510 2073 idest,
1526 1979 1732 2053 drmwotoni
1755 1998 1862 2054 more

697 2097 832 2194 bestia,
852 2118 921 2190 per
950 2105 1067 2190 questu
1099 2101 1198 2190 colle,
1223 2097 1326 2194 idest,
1351 2118 1416 2194 per
1448 2097 1559 2175 istum
1591 2098 1776 2174 tramitem
1803 2098 1863 2173 tu·
1951 2084 1959 2098 '

697 2219 814 2314 randi,
837 2239 934 2294 conco
954 2221 1020 2314 sed
1031 2221 1080 2310 to,
1100 2217 1204 2314 quasi
1221 2218 1336 2297 dicat:
1358 2218 1442 2296 volo
1458 2218 1558 2312 quod
1574 2218 1702 2299 Bosius
1718 2218 1764 2295 sit
1783 2237 1864 2294 ser-

697 2359 786 2433 pens
809 2359 878 2422 sua
906 2338 998 2433 vice,
1028 2337 1123 2417 sicut
1155 2358 1225 2434 ego
1255 2337 1318 2433 tui,
1349 2345 1387 2422 et
1416 2345 1544 2416 currat
1574 2358 1660 2419 cum
1694 2337 1863 2431 brachiis,

697 2459 792 2533 sicut
812 2477 882 2555 ego
907 2458 987 2534 teci.
1013 2458 1057 2534 Et
1080 2463 1137 2534 est
1161 2449 1344 2550 mudusffl
1371 2457 1554 2554 loquenti,
1575 2457 1680 2553 quasi
1696 2457 1784 2537 velit
1807 2456 1865 2532 di-

698 2597 802 2654 cere:
816 2578 903 2654 satis
918 2577 1006 2653 mali
1023 2577 1104 2672 teci,
1118 2578 1205 2654 satis
1220 2577 1283 2654 dtu
1301 2577 1351 2660 lui
1368 2578 1439 2672 tur,
1453 2597 1552 2654 nnnc
1569 2578 1736 2674 relinquo
1753 2576 1861 2652 Bosiu

698 2705 819 2773 artem
843 2696 999 2790 tumndi,
1019 2695 1082 2792 qui
1098 2687 1134 2790 (³)
1153 2703 1209 2774 est
1224 2697 1408 2774 animatus
1424 2703 1462 2773 et
1478 2697 1669 2793 dispositus
1686 2697 1756 2792 hic,
1777 2695 1863 2794 quia

586 2855 588 2860 ,
699 2816 861 2892 officium
887 2815 1031 2892 tirrandi
1055 2815 1176 2912 incipit
1204 2815 1394 2913 displicere
1417 2816 1517 2912 mihi,
1542 2816 1641 2913 quud
1666 2835 1741 2892 non
1768 2815 1864 2893 beno

699 2937 868 3012 convenit
892 2935 1002 3017 nobili
1034 2941 1072 3010 et
1103 2934 1289 3010 militi-
1311 2928 1398 3012 dccl.
1430 2936 1536 3012 Nunc
1563 2941 1672 3013 autor
1701 2933 1863 3010 breviter

698 3057 856 3154 epilogat
870 3045 907 3149 (⁴)
933 3075 1016 3150 qum
1041 3054 1135 3133 dicta
1160 3059 1257 3151 sunt,
1278 3063 1316 3131 et
1340 3055 1522 3132 concludit
1541 3054 1862 3132 materiam-istius

698 3173 837 3251 fraudis
861 3174 959 3270 furti,
984 3173 1127 3252 dicens:
1153 3169 1224 3250 cosi
1248 3177 1378 3267 utd’io,
1395 3175 1488 3251 sicut
1499 3174 1578 3270 jam
1599 3174 1775 3270 scriptum
1795 3179 1864 3264 est,

699 3298 736 3368 tc
760 3297 894 3370 catomo
917 3314 1091 3384 zuomru,
1117 3293 1219 3388 idest,
1244 3294 1436 3390 septimam
1459 3293 1634 3390 bulgiam,
1655 3314 1768 3388 quam
1794 3313 1864 3371 uu-

701 3422 758 3490 tor
787 3420 895 3492 vocat
924 3415 1130 3508 saburram,
1161 3433 1246 3508 quae
1276 3420 1333 3490 est
1359 3417 1499 3510 glarea,
1533 3433 1617 3509 quae
1648 3413 1796 3508 ponitur
1826 3411 1865 3487 in

701 3534 855 3610 navibus
881 3539 922 3608 ut
947 3553 1021 3608 non
1045 3531 1231 3627 vacillent3
1258 3537 1295 3608 et
1319 3539 1375 3613 ast
1400 3531 1620 3608 conveniens
1636 3531 1865 3626 metaphora,

701 3653 789 3747 qnia
813 3653 882 3730 ista
905 3652 1030 3749 bulgis
1062 3658 1118 3731 est
1150 3657 1250 3732 recte
1274 3672 1350 3726 una
1374 3671 1489 3729 arena
1513 3650 1695 3746 sabulosa,
1719 3647 1864 3742 sterilia,

702 3772 808 3869 plena
845 3782 1075 3869 serpentum,
1107 3771 1226 3867 qualis
1259 3776 1315 3847 est
1345 3791 1459 3846 arena
1492 3769 1864 3864 misenantium

701 3893 839 3969 dictum
864 3899 930 3990 est,
957 3890 1015 3970 vel
1038 3891 1133 3968 lorte
1157 3892 1228 3968 hoc
1251 3890 1346 3984 dicit,
1364 3890 1451 3985 qnia
1471 3889 1507 3964 in
1525 3890 1593 3969 ista
1616 3887 1741 3986 bulgis
1765 3887 1866 3983 ponit

701 4018 840 4110 septem
865 4011 1142 4088 transformatos
1155 4002 1193 4104 (¹⁵)
1211 4016 1249 4092 et
1274 4008 1594 4104 transformabiles,
1615 4008 1751 4084 scilicet
1767 4005 1866 4084 Vun-

701 4153 786 4210 nem
817 4132 929 4226 Fucii,
960 4131 1135 4208 Ciachum
1152 4120 1202 4226 (⁶),
1233 4129 1427 4226 Angelum,
1461 4128 1610 4205 Cianiau
1623 4117 1674 4221 (⁷),
1704 4126 1866 4220 Busium,

701 4252 889 4348 Pnacium,
906 4257 943 4328 et
967 4250 1181 4344 Guercium,
1198 4256 1348 4340 mutare,
1365 4246 1411 4322 de
1434 4267 1510 4324 una
1534 4245 1655 4344 specie
1680 4245 1717 4324 iu
1742 4243 1868 4338 aliam,

700 4393 721 4446 c
744 4377 992 4463 deminutum,
1011 4368 1114 4464 idest,
1131 4369 1178 4444 de
1202 4366 1345 4444 duabus
1361 4366 1551 4464 speciebus
1576 4361 1730 4443 videsim
1752 4381 1867 4436 unam

699 4490 737 4572 in
761 4492 928 4585 alterum,
954 4494 992 4564 et
1015 4487 1169 4568 alteram
1185 4486 1223 4572 in
1243 4507 1368 4567 unam.
1386 4486 1431 4562 Et
1449 4483 1570 4562 subdit
1589 4481 1864 4564 assumtionem

763 4753 789 4814 (¹)
805 4753 836 4803 n.
853 4752 974 4816 serpenti.
1312 4749 1343 4813 (¹)
1359 4749 1390 4802 Β.
1407 4749 1513 4816 quidum
1528 4747 1630 4800 modus.

764 4829 792 4891 θ)
808 4832 862 4892 lttt,
879 4827 939 4894 quia
955 4829 1002 4881 est.
1316 4827 1343 4888 t')
1360 4829 1406 4877 111
1422 4837 1438 4877 c
1455 4825 1486 4876 B.
1504 4823 1657 4888 rcepiluaat.

763 4905 791 4967 Γ)
806 4904 838 4955 B.
854 4903 1102 4966 amtomauopec
1320 4901 1347 4966 (¹)
1365 4901 1396 4952 B.
1411 4901 1534 4960 melun.

765 4981 791 5044 t't
810 4984 864 5044 111,
880 4980 1042 5058 Clamplrum.
