4580 6844
691 954 763 1024 390
1085 966 1290 1028 temnunt
1314 973 1466 1028 musana

691 1114 807 1188 teria:
840 1115 901 1186 cte
930 1117 1283 1206 monadorum
1311 1109 1428 1214 rd‚·st
1456 1121 1666 1214 stapordto
1696 1119 1742 1192 Et
1770 1117 1867 1194 hene

691 1233 788 1327 dicit,
814 1233 901 1328 quia
926 1232 973 1310 de
997 1233 1052 1312 rei
1078 1235 1233 1314 veritate
1248 1245 1358 1315 autor
1377 1239 1504 1315 debuit
1521 1259 1602 1315 esse
1621 1237 1729 1315 valde
1744 1230 1780 1330 (⁴)
1799 1238 1867 1315 ab·

692 1360 851 1430 stractus
875 1353 913 1428 in
937 1353 1084 1431 fictione
1107 1356 1299 1453 protunda,
1321 1379 1436 1454 quarn
1458 1357 1628 1456 superius
1645 1357 1730 1434 lecit
1750 1357 1788 1432 in
1803 1356 1870 1433 de-

693 1473 889 1568 scriptione
916 1473 1012 1548 illius
1037 1495 1156 1570 poenre
1180 1477 1378 1573 mirabilis3
1404 1478 1487 1554 ideo
1512 1477 1626 1554 menti
1652 1497 1731 1552 sure
1756 1495 1870 1552 occu-

692 1600 788 1689 pata
812 1592 909 1668 circa
934 1592 1033 1668 illam
1059 1597 1346 1690 speculationem
1371 1617 1446 1674 non
1469 1597 1633 1672 occurrit
1651 1596 1785 1672 Gerius
1808 1595 1869 1672 del

693 1713 806 1808 Bello,
832 1715 895 1809 qui
923 1715 1115 1794 videbatur
1140 1717 1384 1794 nominandus
1408 1717 1504 1794 inter
1529 1717 1617 1792 istos
1645 1717 1869 1792 scismaticos

693 1835 906 1912 vulneratos
923 1841 960 1912 et
976 1836 1172 1932 laceratos3
1190 1838 1254 1932 qui
1268 1829 1305 1930 (¹)
1324 1819 1362 1912 ln
1378 1837 1452 1912 vita
1468 1837 1537 1912 luit
1559 1844 1752 1914 truncatus
1767 1837 1868 1912 terro

692 1957 741 2030 ol)
772 1956 878 2034 istam
912 1957 1070 2053 culpam,
1102 1963 1139 2034 et
1170 1964 1252 2053 post
1284 1964 1444 2034 mortem
1473 1957 1627 2034 caeditur
1656 1978 1681 2033 a
1710 1957 1867 2050 diabolo,

692 2074 787 2152 sicut
812 2082 850 2151 et
874 2075 945 2152 alii.
972 2077 1017 2150 lit
1032 2076 1128 2152 lorte
1152 2085 1263 2154 autor
1283 2077 1448 2153 nominat
1465 2077 1585 2172 ipsum
1611 2081 1694 2173 post
1717 2077 1867 2152 Bertra·

694 2216 799 2270 mum
824 2195 883 2272 del
908 2197 1054 2292 Bomio,
1080 2197 1167 2291 quia
1193 2197 1270 2292 ipse
1294 2197 1565 2274 detractaverat
1589 2197 1685 2273 inter
1711 2215 1869 2272 consan-

692 2318 867 2414 guineos3
901 2322 939 2392 et
976 2317 1059 2392 ideo
1096 2324 1206 2392 autor
1231 2319 1311 2392 vult
1342 2318 1465 2394 dicere
1504 2317 1624 2412 tacite,
1659 2317 1757 2411 quod
1791 2318 1868 2412 ipse

693 2438 810 2514 voluit
839 2437 959 2531 potius
988 2437 1110 2513 lacere
1138 2437 1323 2513 fictionem
1357 2437 1632 2534 pulcerrimum,
1666 2437 1794 2512 utilem
1829 2442 1868 2511 et

694 2557 920 2632 fructuosam
939 2556 1067 2632 lectori
1082 2557 1129 2633 de
1151 2557 1347 2633 Bertramo
1372 2557 1453 2632 viro
1479 2556 1609 2651 probo,
1626 2574 1738 2650 quam
1756 2575 1870 2631 occu·

694 2697 783 2772 pare
808 2683 949 2752 cartam
974 2677 1150 2752 inutiliter
1175 2677 1222 2752 de
1246 2683 1416 2753 consorte
1439 2697 1509 2752 suo
1535 2677 1646 2752 Genio
1672 2677 1731 2753 del
1756 2675 1868 2766 Bello,
2016 2661 2029 2682 ⁶

693 2797 843 2891 dequo
876 2817 949 2872 non
983 2803 1065 2873 erat
1097 2799 1269 2892 pulcrum
1303 2797 1426 2874 lacere
1456 2817 1668 2874 sermonem
1702 2797 1868 2895 longum,

694 2919 777 2994 licet
801 2937 909 2993 amor
925 2917 1248 3015 consanguinitatis
1263 2908 1300 3011 (⁸)
1319 2917 1528 2995 stimularet
1546 2937 1706 2994 eum-
1719 2919 1750 2992 0
1765 2920 1867 2992 duod

692 3039 757 3114 llic
782 3045 892 3114 autor
916 3038 1077 3135 assignat
1101 3059 1251 3115 causam
1279 3039 1428 3136 Virgilio
1453 3039 1563 3113 unius
1586 3026 1738 3133 quodt‘)
1764 3037 1869 3113 dixe·
1939 3113 1942 3120 .

693 3166 761 3234 rat.
789 3158 959 3256 Virgilius
988 3159 1086 3234 enim
1116 3158 1260 3233 dixerat
1290 3158 1390 3253 quod
1419 3157 1560 3234 viderat
1585 3159 1688 3233 illum
1714 3158 1867 3234 Genium

692 3280 750 3355 del
776 3279 876 3356 Bello
901 3279 1033 3354 minari
1067 3278 1210 3353 fortiter
1241 3299 1328 3354 cum
1354 3277 1490 3375 digit03
1525 3279 1610 3354 dicit
1643 3299 1734 3377 ergo
1758 3287 1869 3354 autor

692 3400 793 3494 quod
817 3398 974 3474 attinens
998 3419 1089 3472 suus
1109 3399 1179 3473 hoc
1195 3399 1279 3474 lecit
1295 3419 1343 3474 ex
1360 3399 1609 3496 indignatione
1627 3399 1755 3476 mortis
1772 3397 1869 3472 inul-

693 3527 751 3594 tae.
778 3519 880 3594 Unde
905 3518 1012 3593 dicit:
1039 3521 1190 3592 diesim
1214 3540 1237 3591 o
1261 3521 1353 3592 duco
1372 3521 1455 3610 mio,
1476 3519 1579 3612 idest,
1598 3539 1621 3593 o
1643 3518 1779 3615 virgili,
1805 3517 1870 3611 qui

693 3662 768 3716 nou
801 3640 995 3736 permisisti
1027 3660 1089 3715 me
1124 3639 1251 3715 videre
1282 3659 1389 3735 eum,
1422 3643 1460 3714 lo
1490 3643 1639 3713 owlarrto
1670 3637 1870 3711 mortecto

692 3756 1871 3852 nonode'ocncoroiudicntoperalcunclcsiocomortedc

693 3885 826 3973 ronta,
851 3880 954 3974 idest,
979 3881 1026 3955 ad
1051 3899 1163 3976 quem
1189 3886 1327 3976 spectet
1339 3871 1376 3972 (⁶)
1401 3881 1503 3974 ultio,
1528 3879 1634 3974 quasi
1658 3877 1774 3954 dicat:
1801 3895 1871 3953 nec

693 4023 760 4099 per
783 4003 898 4078 alium
924 4001 1251 4098 consanguineum,
1277 4021 1347 4076 nec
1374 4020 1442 4096 per
1472 4021 1543 4076 me.
1576 4000 1621 4074 lit
1654 4001 1713 4076 hic
1745 3973 1885 4074 dicun?

692 4123 805 4217 aliqui
831 4122 930 4217 quod
955 4122 1091 4198 Dantes
1115 4121 1182 4196 luit
1208 4121 1268 4196 ille
1292 4120 1357 4215 qui
1381 4118 1538 4194 finaliter
1562 4119 1650 4197 lecit
1672 4118 1870 4194 vindictam

692 4242 739 4317 de
763 4243 832 4318 ista
857 4246 995 4336 morte3
1021 4240 1085 4316 sed
1109 4240 1205 4316 istud
1232 4259 1306 4316 non
1331 4239 1478 4316 videtur
1494 4237 1704 4332 verisimile,
1727 4237 1816 4332 quia
1839 4234 1869 4310 si

692 4361 760 4438 ista
785 4363 942 4437 vindicta
967 4361 1130 4436 nondum
1166 4370 1247 4436 erat
1275 4361 1370 4436 tacta
1402 4361 1440 4434 in
1472 4360 1601 4456 MCCG,
1632 4359 1766 4435 Dantes
1796 4377 1870 4432 non

692 4481 809 4576 potuit
839 4487 966 4576 postea
997 4501 1130 4556 vacare
1163 4479 1306 4574 talibus,
1332 4479 1396 4574 qui
1431 4480 1561 4555 habuit
1593 4479 1684 4554 dare
1716 4496 1898 4612 operam(

692 4607 794 4675 tanto
820 4599 933 4696 operi,
959 4607 1001 4673 ut
1025 4600 1115 4674 alias
1144 4619 1253 4675 curas
1277 4600 1467 4694 omittam;
1493 4598 1576 4674 ideo
1596 4598 1702 4674 dicit:
1724 4602 1799 4692 soce
1823 4599 1872 4670 tn

693 4723 915 4812 dumoso,
940 4719 1076 4794 scilicet
1105 4719 1315 4814 requirendi
1348 4739 1421 4814 me,
1446 4719 1542 4795 sicut
1571 4719 1733 4794 fecerant
1763 4715 1870 4790 multi

694 4841 754 4915 alil
785 4840 872 4916 socii
904 4840 995 4935 eius,
1021 4843 1102 4914 ond
1116 4843 1149 4914 el
1170 4861 1232 4914 sco
1256 4833 1314 4934 olo
1343 4861 1452 4915 roua
1480 4843 1671 4932 portarmi,
1703 4839 1786 4934 ideo
1816 4837 1872 4911 di·

757 5031 783 5090 l'l
801 5029 831 5080 li.
847 5028 949 5080 saltem.
1165 5026 1193 5090 (¹)
1211 5032 1266 5086 tto,
1282 5029 1343 5092 quta
1359 5028 1385 5078 ln
1402 5028 1462 5080 rlta.
1524 5026 1552 5089 (¹)
1567 5026 1594 5077 s.
1609 5023 1868 5090 ctoonsangutnltar.

757 5105 784 5167 (⁸1
800 5105 831 5156 li.
846 5105 917 5170 quod
933 5106 989 5169 losa
1003 5105 1112 5157 dumat-
1166 5103 1194 5168 (⁸)
1209 5103 1236 5156 S.
1251 5109 1358 5169 spectat.
