4534 6842
724 873 864 930 GAN'HJS
889 875 1081 930 wensinus
1105 875 1247 931 ramus.
1496 868 1562 934 121

398 1024 527 1118 monis,
544 1044 563 1096 e
579 1023 872 1114 Droptiprrozzo,
892 1040 1028 1098 nomen
1044 1023 1137 1100 sexti
1153 1022 1341 1118 daemonis,
1359 1031 1397 1098 et
1412 1029 1468 1099 ast
1485 1045 1573 1099 ma-·

396 1164 492 1241 gnus
517 1162 666 1237 serpens
691 1141 909 1232 maliciosus,
927 1163 1145 1238 venenosus
1162 1149 1315 1218 caeteros
1341 1144 1502 1219 inliciens
1527 1152 1565 1222 et

265 1307 270 1316 ·
396 1283 598 1356 venenans3
617 1261 699 1337 ideo
715 1263 810 1338 bene
825 1261 958 1336 dicitur
973 1262 1268 1360 Draglrinaccius,
1285 1263 1389 1356 quasi
1408 1282 1566 1360 maguus

396 1382 519 1476 draco,
537 1382 597 1456 vel
622 1380 733 1455 draoo
750 1380 901 1478 ignitus3
921 1385 1065 1456 dimutto
1081 1386 1252 1474 Smnntto,
1269 1402 1405 1458 nomen
1420 1383 1565 1479 septimi

397 1500 947 1600 daemonis,cuidatoongruum
962 1494 1565 1597 nomenacyrost')manus,quasi

396 1623 505 1717 dicat,
531 1627 698 1697 armatus
723 1641 837 1696 manu
862 1621 909 1695 ad
934 1620 1149 1716 rapiendum
1163 1612 1214 1715 (²),
1244 1628 1278 1695 et
1308 1643 1438 1714 sonno,
1463 1622 1566 1716 idest,

397 1743 507 1820 dente
532 1761 680 1839 magno,
706 1747 815 1817 acuto
840 1741 887 1816 ad
912 1740 1169 1835 lacerandum,
1195 1762 1215 1813 e
1241 1745 1473 1835 Groffiucanc,
1499 1763 1567 1816 uo-

399 1882 484 1938 men
510 1862 629 1937 octavi
644 1860 844 1935 demonis:
863 1861 930 1936 iste
947 1867 1002 1936 est
1018 1861 1156 1955 valenS,
1174 1860 1260 1955 quia
1280 1862 1409 1958 sculpit
1421 1853 1458 1954 (³)
1477 1862 1567 1936 alios

398 2002 519 2078 canes,
544 1982 647 2076 idest,
673 1981 838 2057 revendit
859 1982 948 2056 alios
968 1982 1195 2057 baratatoras
1210 1969 1261 2076 (⁸),
1278 1982 1341 2076 qui
1353 1983 1431 2077 jam
1455 2002 1567 2078 supra

398 2101 583 2180 assimilati
612 2108 699 2177 suut
727 2101 897 2196 canibus,
931 2100 1013 2176 ideo
1049 2100 1145 2175 bene
1177 2101 1260 2176 iacit
1275 2093 1324 2196 (⁵),
1359 2102 1447 2196 quia
1481 2101 1567 2198 pilat

398 2225 476 2300 illos
502 2223 566 2318 qui
590 2223 797 2319 pilaverunt
820 2221 928 2296 alios:
953 2243 973 2295 a
996 2224 1209 2315 Forsorello,
1227 2241 1362 2296 nomen
1383 2221 1468 2296 noni
1492 2221 1567 2296 dae-

397 2343 538 2418 monis:
556 2341 624 2417 istc
640 2348 696 2417 ast
711 2362 810 2416 unus
826 2341 1040 2416 intrascator
1065 2339 1128 2435 qui
1153 2340 1326 2416 contiuuo
1350 2361 1479 2416 omnes
1497 2341 1568 2416 im·

395 2463 546 2556 brattat,
566 2483 586 2535 c
605 2463 793 2537 noucaote
811 2481 945 2554 puzzo,
971 2479 1106 2536 nomen
1131 2460 1263 2536 decimi
1287 2460 1481 2536 daemonis:
1499 2462 1567 2538 istc

396 2588 451 2658 est
475 2582 626 2677 rubeus,
642 2581 813 2676 candens,
831 2582 1050 2656 temerarius
1074 2587 1112 2658 ct
1136 2599 1297 2678 praeceps
1321 2583 1368 2658 ad
1393 2584 1567 2658 baratan-

394 2701 484 2775 dum
502 2707 622 2776 totum
639 2700 832 2795 mundum,
845 2701 976 2776 audaci
992 2701 1122 2796 fronte,
1137 2721 1242 2776 more
1259 2702 1473 2795 meretricis,
1491 2723 1564 2778 uon

395 2821 527 2896 timens
552 2819 833 2915 verecundiam,
851 2826 888 2895 et
908 2820 960 2896 sic
983 2820 1066 2896 vida
1083 2821 1181 2915 quod
1202 2821 1261 2895 isti
1280 2821 1344 2915 qui
1363 2842 1461 2897 nunc
1480 2822 1565 2896 mit·

397 2947 538 3035 tnutnr,
555 2947 642 3015 aunt
658 2940 784 3016 decem
801 2959 971 3035 numero,
989 2947 1026 3014 et
1044 2939 1254 3016 Malaoauda
1271 2939 1335 3036 qui
1352 2947 1432 3015 erat
1447 2941 1565 3015 domi-

397 3083 469 3135 nus
484 3067 565 3136 erat
578 3059 803 3155 undecimus,
817 3061 881 3135 sed
902 3081 975 3135 non
997 3059 1145 3155 ponitur
1160 3061 1198 3134 in
1217 3079 1374 3135 numero
1393 3059 1563 3156 aliorum,

398 3180 484 3276 quia
498 3170 536 3273 (ὅ)
560 3178 731 3255 dominus
748 3201 821 3255 non
840 3180 989 3276 ponitur
1005 3181 1042 3255 in
1059 3200 1217 3256 numero
1234 3180 1475 3255 subditorum.
1494 3180 1565 3256 Sed

397 3305 438 3375 tu
463 3299 579 3376 dices:
598 3299 785 3394 quomodo
802 3301 1005 3375 vocabatur
1030 3301 1090 3376 ille
1115 3301 1178 3395 qui
1204 3301 1386 3376 redircrat
1401 3301 1565 3375 Lucam?

397 3419 521 3495 dicunt
549 3417 673 3513 aliqui,
699 3419 798 3512 quod
824 3419 883 3494 illa
907 3426 964 3495 eat
988 3419 1246 3515 innominatus,
1272 3419 1335 3494 sed
1360 3440 1433 3493 uon
1458 3418 1564 3494 rideo

397 3559 525 3634 quare,
541 3538 616 3613 imo
642 3539 736 3614 torte
760 3545 840 3614 arat
864 3539 1080 3636 Cagnacius,
1107 3540 1171 3634 qui
1192 3560 1296 3614 more
1317 3540 1461 3616 maslini
1477 3558 1565 3634 por-

332 3729 339 3740 .
397 3659 497 3734 tabat
509 3657 670 3754 praedam
685 3658 874 3753 rapaciter.
889 3659 931 3732 Et
944 3659 974 3733 si
985 3659 1089 3734 dicis:
1104 3659 1290 3753 quomodo
1303 3679 1377 3734 nou
1389 3665 1470 3734 erat
1483 3659 1564 3733 hiet

397 3779 473 3854 imo
497 3784 640 3872 poterat
665 3799 756 3874 esse,
782 3779 870 3873 quia
893 3785 1037 3875 poterat
1061 3780 1099 3852 iu
1124 3798 1200 3853 uno
1225 3779 1371 3854 instanti
1395 3779 1503 3856 iv'usc
1528 3787 1566 3854 et

397 3898 570 3974 redivisse
602 3919 626 3973 a
655 3901 766 3994 Luca,
798 3899 885 3994 quia
917 3899 1062 3974 daemon
1094 3905 1149 3973 ert
1185 3899 1332 3993 spiritus
1370 3905 1407 3974 et
1443 3904 1564 3994 portat

395 4017 537 4094 animas
561 4025 762 4117 separatas;
782 4019 863 4095 ideo
880 4019 1024 4093 nullum
1041 4018 1185 4094 videtur
1202 4018 1471 4094 inconveniens.
1490 4019 1564 4094 Vo-

396 4140 486 4214 catis
511 4159 601 4236 crgo
625 4139 752 4214 decem
778 4139 1016 4234 demonibus,
1042 4138 1252 4214 Malacanda
1277 4137 1339 4212 dat
1369 4138 1422 4213 eis
1451 4158 1562 4212 sunm
1624 4132 1628 4136 ’

396 4265 620 4356 praeceptum
644 4259 784 4335 dicens:
805 4267 938 4334 cerame
962 4263 1103 4334 interm
1128 4263 1159 4332 te
1183 4260 1320 4333 dodantt
1340 4279 1448 4351 poue,
1472 4257 1565 4333 idest

395 4379 517 4456 vadite
541 4379 638 4455 circa
662 4381 780 4475 picem
805 4380 1026 4456 bulioantem
1043 4369 1098 4474 (⁷);
1117 4386 1153 4456 et
1178 4379 1262 4454 iacit
1278 4379 1465 4476 propriam
1483 4399 1564 4456 me-

396 4501 606 4594 taphoram:
622 4499 739 4594 paniac
751 4499 849 4576 enim
863 4501 1092 4595 appellantur
1107 4501 1222 4595 paleae
1239 4500 1298 4575 vel
1314 4501 1427 4598 virgae
1444 4507 1564 4576 unctu

458 4687 484 4749 (⁸1
501 4687 531 4737 ll.
548 4700 624 4750 cyroa
639 4686 709 4750 quod
725 4691 764 4736 est
779 4700 880 4738 mmmmm
1017 4687 1044 4749 (¹)
1062 4692 1115 4749 llll,
1133 4688 1294 4751 capiendum.

458 4761 485 4825 (’)
500 4761 532 4812 E.
547 4773 563 4812 a
580 4766 634 4821 tta,
650 4761 750 4825 scalpit.
1017 4761 1044 4827 (¹)
1061 4763 1091 4814 ll.
1106 4763 1255 4815 taramrios.
1381 4763 1408 4826 l'l
1424 4763 1450 4814 S.
1466 4763 1537 4815 dicit.

459 4839 486 4902 (¹)
502 4839 532 4890 tt
547 4839 608 4903 quia
623 4839 744 4890 domium
758 4840 819 4904 paul
834 4853 887 4892 non
902 4839 979 4892 debat
994 4840 1021 4891 ln
1037 4853 1148 4892 numero
1163 4839 1326 4892 muttum
1341 4839 1405 4892 aina
1421 4839 1510 4890 Sodtu
1521 4839 1564 4890 dl·

396 4929 440 4968 ees
455 4915 586 4981 monsedo
602 4916 742 4968 vocamur
757 4918 806 4968 lato
821 4918 875 4982 qul.

458 4991 559 5054 (18.0
576 4996 630 5053 llo,
646 4992 809 5046 millum.
