4566 6844
723 939 793 1006 558
1120 951 1324 1008 coumrrurr
1348 951 1499 1006 rnrsnrn

722 1095 863 1190 Syriam
890 1101 926 1171 et
951 1094 1209 1172 llacedoniam.
1236 1094 1426 1193 Augustus
1450 1101 1588 1187 autem,
1614 1092 1710 1168 victo
1734 1090 1891 1166 Antonio

720 1213 818 1308 apud
844 1215 1030 1309 Mutinam,
1049 1214 1132 1290 lecit
1156 1213 1286 1290 deinde
1306 1215 1424 1290 toedus
1443 1233 1584 1307 secum,
1604 1218 1646 1286 ut
1662 1218 1783 1308 posset
1803 1229 1891 1286 cum

721 1334 782 1408 illo
808 1341 964 1410 mortem
991 1334 1143 1410 Caesaris
1173 1335 1368 1412 vindicare.
1399 1334 1600 1411 Contractis
1633 1353 1724 1430 ergo
1754 1331 1893 1406 viribus

722 1460 971 1548 utrorumque
994 1455 1225 1530 exercituum
1244 1455 1280 1530 in
1298 1455 1491 1550 Thessalia,
1512 1474 1598 1550 quae
1616 1453 1795 1530 destinata
1812 1459 1893 1526 erat

723 1575 826 1650 bellis
853 1574 1017 1650 civilibus
1049 1595 1301 1668 romanorum,
1333 1582 1537 1672 pugnatum
1570 1573 1638 1648 tuit
1669 1593 1757 1650 cum
1790 1579 1893 1648 tanto

723 1696 869 1771 lervore
894 1694 992 1790 quod
1016 1695 1228 1789 aliquandiu
1245 1702 1377 1772 neutra
1395 1695 1554 1791 partium
1574 1694 1703 1770 victrix
1721 1693 1779 1768 vel
1797 1692 1892 1768 victa

724 1815 935 1908 videbatur3
961 1815 1024 1891 sed
1049 1816 1196 1890 lortuna
1223 1815 1347 1892 favens
1363 1815 1540 1914 Augusto,
1559 1813 1705 1890 tandem
1725 1812 1824 1888 dedit
1843 1810 1893 1886 illi

724 1933 912 2009 victoriam
938 1933 1071 2029 duplici
1096 1955 1235 2010 errore.
1255 1937 1347 2009 Nam
1373 1935 1517 2010 Cassius
1543 1939 1671 2010 contra
1692 1931 1891 2010 Antonium

722 2055 894 2129 ardenter
919 2075 1085 2150 pugnans
1110 2075 1197 2130 cum
1228 2055 1462 2150 compulisset
1494 2055 1613 2150 ipsum
1646 2051 1892 2144 retrocedere,

724 2175 822 2250 visus
847 2181 900 2248 ost
927 2173 1050 2250 ridere
1075 2175 1212 2248 lulium
1238 2175 1421 2250 Cesaram
1439 2172 1590 2250 obvium
1609 2171 1800 2252 lanicutem
1822 2172 1893 2246 im·

723 2301 848 2387 petum
875 2293 911 2366 in
936 2313 1035 2368 eunt.
1061 2293 1178 2368 Credo
1204 2315 1275 2390 ego
1301 2293 1399 2390 quod
1426 2294 1536 2368 timor
1561 2293 1673 2368 animi
1699 2292 1803 2368 linxit
1826 2291 1893 2366 sibi

724 2414 833 2488 talem
848 2412 1060 2509 imaginem3
1076 2434 1151 2507 quo
1169 2419 1335 2489 monstro
1352 2413 1568 2508 perterritus
1586 2411 1736 2508 refugit:
1750 2419 1787 2487 et
1803 2429 1890 2486 cum

720 2533 797 2627 iarn
821 2533 879 2606 sui
905 2533 1117 2608 invasissent
1142 2541 1260 2608 castra
1287 2533 1453 2630 Augusti,
1479 2539 1517 2608 et
1541 2533 1678 2608 lectum
1705 2531 1893 2606 mucroni·

723 2652 792 2724 bus
807 2645 843 2744 (¹)
871 2652 1126 2747 perforassent,
1153 2653 1239 2746 quia
1265 2651 1464 2728 credebant
1495 2651 1597 2724 illum
1629 2650 1817 2724 infirmum
1844 2649 1893 2724 ibi

724 2791 814 2866 esse,
833 2772 896 2866 qui
914 2778 1038 2846 tamen
1063 2778 1144 2847 erat
1168 2773 1205 2848 in
1229 2771 1674 2867 pernumeratum
1698 2777 1818 2846 castra
1844 2769 1893 2844 si·
1933 2785 1939 2796 ·

725 2891 857 2967 militer
882 2898 986 2987 capta
1012 2891 1169 2986 ruerant,
1197 2892 1321 2968 videns
1351 2911 1437 2966 suos
1463 2891 1610 2985 reverti,
1636 2891 1788 2966 credens
1814 2889 1893 2964 illos

724 3012 865 3109 lugere,
882 3013 974 3110 sugit
990 3013 1027 3086 in
1053 3019 1217 3088 montem
1242 3012 1474 3107 proximum3
1492 3012 1555 3087 sed
1572 3011 1701 3106 pulvis,
1722 3009 1895 3105 strepitus

724 3140 761 3208 et
786 3155 858 3208 nor
885 3133 1001 3208 vicina
1027 3153 1101 3208 non
1126 3133 1372 3228 permiserunt
1405 3131 1473 3207 sihi
1505 3132 1641 3208 sentire
1674 3151 1764 3206 rem.
1793 3130 1896 3206 Unde

723 3274 810 3328 cum
836 3253 1045 3348 explorator
1070 3251 1116 3328 ad
1142 3253 1212 3328 troc
1237 3252 1370 3327 missus
1395 3251 1558 3327 tardaret
1579 3250 1727 3343 reverti,
1749 3249 1895 3325 Cassius

723 3372 870 3468 proprio
895 3371 1015 3470 gladio
1040 3392 1080 3446 se
1107 3371 1297 3466 transfixit,
1321 3379 1360 3448 et
1384 3371 1436 3446 sic
1460 3391 1607 3467 poenam
1632 3369 1814 3466 parricidii
1839 3367 1895 3442 di·

721 3513 834 3588 gnam
861 3493 939 3584 luit,
964 3491 1041 3566 suis
1065 3490 1186 3566 adhuc
1206 3513 1274 3586 pro
1291 3501 1395 3587 parte
1413 3491 1650 3566 vincentibus.
1669 3491 1806 3564 Brutus
1823 3509 1894 3564 au-

723 3618 811 3704 tem,
836 3631 922 3685 curn
948 3609 1161 3705 perdidisset
1185 3611 1351 3684 animum
1377 3630 1424 3686 er
1450 3617 1571 3704 morte
1596 3609 1719 3702 Cassii,
1738 3608 1893 3706 lugiens,

724 3729 823 3806 omni
848 3749 912 3825 spo
928 3728 1080 3824 perdita,
1106 3729 1276 3824 precibus
1300 3729 1457 3806 obtinuit
1485 3736 1528 3803 ut
1552 3751 1575 3804 a
1600 3730 1771 3804 Stratone
1796 3728 1895 3804 socio

722 3871 793 3925 suo
818 3847 1098 3943 interficeretur,
1114 3851 1221 3925 cuius
1241 3869 1377 3945 corpus
1401 3848 1579 3926 Antonius
1603 3849 1688 3925 lecit
1712 3869 1797 3924 cum
1825 3869 1894 3923 suo

723 3970 832 4066 pallio
856 3969 1056 4046 honorilice
1080 3971 1249 4045 cremari.
1273 3969 1462 4068 Augustus
1480 3977 1618 4064 autem,
1636 3975 1680 4043 ut
1700 3969 1785 4044 dicit
1802 3969 1893 4044 Sve-

724 4091 846 4166 tooius
863 4090 900 4164 in
915 4091 1089 4184 secundo,
1104 4111 1176 4164 non
1190 4089 1408 4185 temperavit
1423 4089 1700 4184 prosperitatem
1719 4088 1891 4184 victorie,

724 4212 788 4286 sed
813 4211 910 4286 misit
939 4217 1048 4306 caput
1081 4210 1183 4284 Bruti
1218 4211 1385 4303 Romam,
1412 4217 1455 4282 ut
1484 4208 1731 4304 subligaretur
1761 4214 1892 4282 statuae

724 4330 807 4407 Julii
832 4331 995 4425 Caesaris,
1016 4337 1053 4406 et
1078 4330 1114 4404 in
1139 4349 1268 4405 omnes
1288 4327 1426 4404 nobiles
1446 4328 1675 4404 adversarios
1695 4327 1893 4404 crudeliter

723 4473 764 4528 se
788 4452 916 4529 habuit
940 4452 1041 4528 lactis
1066 4459 1104 4527 et
1130 4450 1260 4526 verbis.
1287 4449 1389 4524 Unde
1415 4448 1479 4523 uni
1495 4448 1633 4544 petenti
1653 4449 1893 4544 sepulturam,

724 4572 1017 4668 indignabundus
1041 4567 1236 4666 respondit,
1263 4568 1362 4662 quod
1392 4569 1487 4643 hanc
1515 4588 1644 4644 curam
1675 4566 1806 4642 avibus
1836 4586 1897 4641 re-

726 4691 923 4784 linquebat.
950 4689 1034 4764 ldeo
1059 4688 1142 4765 vide
1167 4688 1325 4782 qualiter
1340 4693 1450 4762 autor
1468 4689 1564 4762 ultra
1587 4687 1781 4762 vindictam
1800 4693 1897 4761 tem·

726 4811 889 4906 poralem
915 4809 976 4885 det
1001 4809 1053 4883 eis
1078 4828 1225 4905 posnam
1248 4807 1472 4883 aeternalem.
1491 4807 1562 4883 Sed
1582 4807 1737 4882 ulterius
1761 4805 1809 4881 ad
1834 4826 1897 4881 co-

789 5063 817 5126 (¹)
834 5063 865 5113 lt
881 5059 1038 5114 rumoribus.
