4550 6844
720 969 860 1026 caurus
884 969 1100 1026 rnronsrnrus
1124 970 1267 1026 namus.
1507 955 1580 1024 473

410 1119 514 1212 tiquo
539 1117 691 1210 famoso,
717 1135 830 1210 quem
852 1115 930 1210 iam
964 1115 1219 1190 nominaverat
1244 1117 1281 1189 in
1310 1121 1415 1210 parte
1438 1133 1580 1216 praece·

410 1237 522 1331 denti,
539 1244 576 1312 et
600 1235 821 1331 praedixerat
838 1236 957 1330 ipsum
979 1235 1178 1311 ridendum
1194 1235 1327 1310 autori.
1349 1235 1474 1309 Primo
1491 1254 1582 1330 ergo

410 1356 567 1432 ostendit
588 1357 774 1450 quomodo
790 1356 1011 1431 accesserint
1023 1347 1061 1448 (¹)
1087 1355 1135 1430 ad
1152 1355 1350 1448 Antheum,
1368 1367 1480 1448 quem
1499 1373 1584 1450 spe·

412 1475 577 1552 cificata
604 1475 856 1572 magnitudine
880 1495 961 1568 sua,
986 1474 1134 1550 dicens:
1161 1477 1231 1548 Not
1254 1475 1500 1566 prooedcmmo
1521 1468 1585 1564 pat

412 1599 535 1670 comati
550 1599 686 1688 arbua,
709 1595 811 1689 idest,
829 1593 1076 1690 processimus
1093 1593 1249 1669 ulterius
1266 1599 1354 1668 tunc
1370 1593 1408 1667 in
1425 1593 1484 1667 via
1501 1613 1585 1688 spe-

412 1715 603 1792 culationis
627 1716 674 1790 ad
698 1713 961 1810 pulcerrimam
983 1713 1190 1806 materiam,
1217 1719 1259 1786 ut
1283 1713 1405 1788 statim
1425 1711 1581 1804 videbis;

412 1837 511 1914 unde
527 1837 631 1912 dicit:
649 1857 668 1908 e
684 1838 855 1908 oonimroo
869 1836 920 1908 nd
931 1839 1056 1925 doleo,
1069 1835 1129 1906 cle
1140 1836 1237 1906 uscia
1245 1836 1331 1927 faor
1342 1835 1385 1906 do
1398 1836 1435 1906 lo
1450 1839 1582 1923 produ,

411 1957 515 2051 idest,
532 1954 732 2052 apparabat
748 1961 854 2029 extra
879 1959 1034 2048 puteum
1051 1953 1089 2026 in
1106 1972 1181 2046 quo
1199 1962 1388 2048 tamquam
1405 1952 1443 2026 in
1460 1956 1582 2049 grotta

412 2082 508 2152 stant
533 2074 661 2150 inclusi
687 2073 902 2169 proditores,
928 2073 992 2145 den
1017 2075 1139 2164 curque
1163 2075 1253 2164 otle;
1277 2071 1349 2147 alla
1379 2078 1435 2148 est
1463 2091 1582 2168 genus

411 2214 598 2271 mensurae
612 2185 649 2285 (¹)
683 2191 794 2287 panni
828 2191 865 2265 in
899 2190 1080 2284 Flandria,
1110 2191 1206 2266 sicut
1233 2212 1351 2266 canna
1375 2191 1580 2266 Florentio.

410 2337 520 2390 rouo
551 2318 588 2388 ln
621 2319 716 2386 testa
751 2312 837 2386 Vult
867 2310 1002 2404 dicere,
1028 2311 1128 2404 quod
1156 2331 1180 2384 a
1209 2318 1358 2406 pectore
1388 2310 1581 2406 usquead
1623 2357 1626 2366 2

411 2434 627 2510 umbilicum
659 2437 739 2506 erat
767 2437 879 2508 tantae
910 2430 1178 2527 magnitudinis.
1206 2432 1250 2504 Et
1278 2432 1337 2507 bie
1366 2441 1453 2508 nota
1483 2432 1582 2526 quod

412 2554 495 2628 licet
519 2553 645 2648 plures
668 2551 825 2626 dixerint
851 2551 994 2625 nullum
1020 2571 1128 2646 posse
1152 2550 1332 2627 excedere
1361 2550 1584 2648 magnitudi-

412 2691 499 2748 nem
513 2661 551 2764 (³)
578 2677 719 2766 septem
749 2669 898 2766 pedum,
923 2669 1010 2764 quia
1041 2671 1218 2746 Hercules
1247 2670 1315 2744 iuit
1347 2669 1442 2744 intra
1474 2669 1583 2745 istam

412 2809 640 2885 mensuram,
654 2795 779 2865 tamen
792 2787 983 2863 inventum
1003 2796 1068 2883 est,
1078 2789 1232 2864 florente
1248 2808 1403 2864 romano
1416 2788 1582 2883 imperio,

412 2909 481 2984 sub
496 2898 532 3002 (⁴)
558 2903 643 2985 diro
667 2909 834 3005 Augusto
858 2908 952 2983 duos
977 2908 1148 2983 babuisse
1164 2907 1357 2984 duodecim
1374 2908 1485 3004 pedes
1501 2907 1583 2982 lon-

410 3029 601 3126 gitudinis3
626 3029 720 3104 sicut
745 3028 856 3104 etiam
872 3027 1007 3102 dicitur
1025 3027 1072 3102 de
1092 3027 1365 3122 Christopboro,
1383 3026 1483 3120 quod
1499 3026 1582 3100 iue-

411 3148 459 3225 rit
482 3147 676 3223 duodecim
701 3146 837 3242 pedum
870 3147 930 3221 rel
960 3167 1177 3222 cannarum.
1209 3145 1437 3242 Augustinus
1468 3144 1579 3220 etiam

411 3268 537 3342 scribit
561 3268 598 3340 in
623 3285 693 3340 suo
717 3266 764 3341 de
789 3265 943 3342 Ciuitate
965 3265 1031 3340 llei
1049 3285 1090 3340 se
1110 3265 1242 3340 vidisse
1257 3264 1295 3339 in
1311 3263 1380 3339 ista
1396 3271 1497 3340 terra
1519 3264 1582 3338 ubi

411 3385 578 3482 regnavit
602 3385 767 3460 Antheus
791 3385 939 3460 dentem
955 3375 992 3478 (⁵)
1015 3384 1126 3459 unius
1141 3383 1310 3482 gigantis,
1330 3383 1377 3458 dc
1399 3403 1474 3479 quo
1497 3382 1582 3458 iacti

411 3503 563 3580 fuissent
587 3511 737 3580 centum
762 3504 890 3581 dentes
911 3504 1042 3579 minuti
1059 3504 1106 3580 de
1123 3504 1267 3580 nostris.
1285 3503 1380 3592 Quid
1399 3504 1519 3580 dicam
1535 3504 1583 3580 de

411 3623 564 3719 Goliatb,
590 3623 637 3700 de
661 3624 845 3699 Feracuto
871 3629 909 3698 et
937 3623 1039 3698 aliisi
1056 3663 1107 3678 -
1131 3628 1161 3698 0
1186 3630 1233 3698 tu.
1259 3623 1324 3698 llic
1348 3633 1457 3700 autor
1482 3623 1585 3719 ponit

410 3745 578 3840 pulcram
599 3745 805 3819 orationem
823 3743 961 3840 Virgilii
986 3743 1034 3818 ad
1057 3744 1255 3836 Antheum,
1273 3743 1310 3816 in
1334 3763 1408 3837 qua
1433 3743 1585 3818 intendit

411 3863 635 3957 persuadere
661 3862 740 3954 sibi,
763 3860 862 3955 quod
887 3868 1008 3957 portet
1024 3881 1088 3936 eos
1105 3862 1202 3936 intra
1220 3868 1393 3956 puteum3
1412 3870 1450 3936 et
1465 3862 1585 3957 primo

375 4043 380 4060 .
412 3987 534 4076 captat
562 3980 856 4056 benevolentiam
889 3997 924 4053 a·
945 3979 1106 4054 victoriis
1133 3980 1214 4054 eius
1239 3979 1276 4052 in
1302 3985 1414 4073 terra,
1438 3979 1475 4052 in
1509 3997 1584 4072 qua

412 4100 531 4196 Scipio
556 4099 713 4174 obtinuit
737 4097 910 4174 uictorias
934 4117 1099 4196 magnas.
1118 4098 1173 4172 Ad
1190 4097 1297 4173 cuius
1312 4098 1457 4194 plenam
1479 4098 1586 4172 intel-

412 4218 598 4316 ligentiam
624 4218 709 4294 volo
733 4224 771 4293 te
796 4217 891 4292 scire
908 4215 1007 4312 quod
1024 4204 1062 4291 P.
1081 4216 1273 4292 Cornelius
1290 4217 1419 4313 Scipio,
1439 4217 1504 4311 qui
1519 4237 1585 4292 co-

411 4338 647 4436 gnominatus
668 4343 723 4422 est
742 4336 934 4412 Africanus
954 4337 1085 4431 maior,
1103 4337 1173 4412 fuit
1190 4336 1376 4412 maximus
1392 4336 1530 4412 ducum
1544 4326 1583 4427 (⁶)

412 4465 654 4536 romanorum
685 4458 722 4532 in
751 4457 889 4532 virtute
920 4465 958 4534 et
986 4457 1168 4534 felicitate.
1199 4458 1253 4534 lle
1286 4457 1393 4533 cuius
1423 4455 1584 4532 mirificis

412 4579 582 4656 laudibus
605 4578 747 4654 dicetur
776 4579 884 4673 plene
908 4579 954 4652 Vl
982 4578 1141 4674 capitulo
1173 4577 1344 4673 Paradisi,
1371 4577 1417 4654 de
1449 4555 1604 4671 quibus'

414 4697 576 4774 breviter
600 4700 720 4775 dicam
746 4699 833 4773 illud
859 4697 959 4793 quod
984 4705 1121 4794 spectat
1150 4699 1197 4774 ad
1227 4719 1389 4794 praesens
1418 4696 1585 4793 proposi-

400 4887 402 4890 ’
476 4915 840 4978 orbaniacum.
1032 4915 1441 4980 transmarinum

478 4989 506 5052 (η
523 4993 577 5050 tls.
593 4991 788 5054 longitudinem.
1031 4992 1057 5053 (⁸)
1075 4995 1130 5053 tto,
1145 4992 1194 5042 snb
1208 4991 1324 5042 dominio
1339 4989 1463 5054 Augusti.

477 5065 505 5130 (¹)
521 5066 553 5118 ll.
567 5079 652 5118 onom
667 5065 772 5117 mum
787 5066 872 5118 unlus.
1032 5065 1060 5128 (⁸)
1076 5067 1107 5117 ll.
1123 5066 1184 5118 dux.
