4606 6840
738 982 876 1040 caurus
900 985 1093 1042 ueneratus
1116 966 1281 1052 oumrus.
1500 971 1571 1042 ele

405 1149 559 1206 manere
583 1147 678 1203 vana
693 1119 730 1221 (⁴)
757 1133 796 1203 et
819 1129 955 1204 inutilis
979 1140 1059 1225 post
1083 1130 1308 1208 nativitatem
1337 1131 1510 1228 hominis,
1535 1138 1574 1207 et

405 1257 529 1326 tamen
554 1251 649 1326 torte
674 1269 748 1324 non
773 1259 828 1327 est
852 1249 1003 1327 omnino
1018 1249 1165 1352 trustra,
1184 1251 1271 1347 quia
1292 1251 1458 1328 videmus
1475 1252 1574 1346 quod

405 1369 591 1465 numquis
608 1369 809 1446 comederit
821 1369 975 1444 nimium
991 1363 1153 1464 mellis(¹)
1171 1371 1246 1446 enit
1261 1392 1328 1467 per
1346 1371 1574 1466 umbilicum,

404 1490 673 1587 superfluitates
698 1510 787 1567 vero
813 1489 944 1566 emittit
968 1510 1035 1585 per
1060 1490 1307 1567 ventriculum
1325 1491 1388 1586 qui
1412 1491 1573 1588 appella-

403 1617 467 1686 tur
492 1610 701 1704 secundina,
736 1629 821 1705 quae
845 1611 1035 1706 egreditur
1064 1617 1145 1706 post
1170 1617 1328 1708 partum.
1355 1612 1448 1688 Nota
1481 1631 1572 1708 ergo

404 1730 503 1826 quod
527 1738 636 1806 autor
660 1729 731 1805 hoc
755 1729 837 1805 ideo
861 1729 975 1827 tingit,
1000 1736 1043 1805 ut
1067 1730 1233 1806 ostendat
1250 1731 1349 1826 quod
1371 1732 1482 1807 homo
1508 1751 1572 1806 ce·

404 1852 455 1946 pit
471 1850 688 1946 principium
706 1870 784 1925 sue
800 1850 1042 1945 corruptionis
1056 1841 1093 1942 (³)
1111 1851 1160 1925 ab
1176 1871 1221 1926 ea
1238 1857 1343 1946 parte
1361 1851 1423 1924 ubi
1442 1850 1572 1926 habuit

404 1970 620 2067 principium
646 1989 724 2046 suae
749 1970 1009 2046 nutricationis.
1035 1969 1102 2045 ulii
1127 1976 1253 2046 autem
1283 1972 1438 2048 lectores
1461 1969 1570 2047 altius

404 2093 643 2186 speculantes,
669 2090 836 2165 subtilius
861 2096 1048 2185 exponunt
1064 2090 1175 2168 istum
1197 2110 1346 2187 passum
1371 2097 1408 2166 et
1433 2091 1570 2186 dicum,

404 2211 503 2308 quod
527 2232 593 2307 per
618 2212 688 2287 hoc
712 2215 822 2286 autor
846 2217 955 2287 caute
983 2209 1099 2308 mugit
1131 2211 1252 2286 iurem
1290 2209 1474 2305 innatum‚·
1499 2211 1570 2285 sci-

402 2333 497 2427 licet,
523 2333 587 2427 qui
612 2337 667 2407 est
692 2331 753 2406 lur
776 2337 975 2426 antequam
1002 2337 1186 2427 nascatur,
1211 2332 1288 2409 sive
1316 2331 1380 2427 qui
1410 2331 1570 2406 nascitur

403 2455 474 2548 tur,
500 2453 594 2528 sicut
617 2452 746 2547 aliquis
771 2451 1006 2547 Saturninus,
1023 2453 1105 2528 ideo
1126 2451 1221 2528 bene
1238 2451 1340 2550 fingit
1365 2452 1463 2546 quod
1488 2471 1571 2547 per-

403 2573 541 2649 cutitur
565 2592 588 2646 a
612 2577 781 2666 serpente
806 2570 916 2645 livido
940 2577 978 2647 et
1003 2571 1108 2668 nigro
1123 2561 1173 2667 (⁴),
1190 2572 1326 2648 scilicet
1349 2593 1372 2648 a
1398 2572 1569 2666 Saturno,

403 2694 466 2790 qui
491 2699 547 2769 eet
571 2691 732 2790 plumbei
757 2697 795 2766 et
820 2692 916 2766 lividi
942 2692 1084 2768 coloris.
1111 2692 1285 2768 Videmus
1297 2684 1335 2786 (⁵)
1358 2692 1456 2768 enim
1480 2711 1572 2766 ocu·

403 2817 521 2890 tantm
545 2813 687 2906 aliquos
712 2811 850 2907 quiite
875 2813 1093 2888 naturaliter
1108 2813 1329 2890 inclinantur
1344 2813 1391 2888 ad
1416 2813 1570 2907 lurtum,

404 2934 502 3029 quod
527 2932 628 3008 nullo
654 2931 763 3007 modo
789 2931 909 3007 sciunt
933 2953 973 3008 se
997 2933 1192 3028 abstinere,
1218 2939 1260 3008 ut
1287 2934 1354 3028 ipsi
1377 2933 1425 3009 de
1449 2953 1490 3009 se
1514 2940 1570 3007 te·

342 3039 347 3054 ’
404 3053 1081 3148 stantur,etpotiusvoluutl1abere
1114 3054 1279 3149 quinque
1309 3055 1441 3131 solidos
1471 3055 1569 3130 torto

329 3225 336 3236 ·
404 3194 517 3267 quarn
534 3173 662 3250 docem
682 3173 789 3248 dono.
811 3172 881 3248 Sed
899 3172 993 3267 licet,
1011 3173 1126 3249 lector
1141 3163 1190 3268 (θ),
1209 3173 1276 3266 ista
1293 3174 1462 3250 videatur
1481 3174 1570 3248 sub-

405 3293 566 3370 tilissima
597 3293 784 3390 expositio,
816 3300 941 3370 tamen
973 3314 1046 3369 non
1078 3293 1223 3368 videtur
1252 3293 1339 3368 milri
1370 3294 1570 3370 demente

404 3413 555 3508 autoris,
575 3413 672 3508 quia,
698 3420 741 3488 ut
765 3413 886 3490 statim
911 3413 1047 3510 patebit
1072 3412 1109 3488 in
1133 3419 1240 3507 parte
1259 3414 1438 3510 sequenti,
1458 3416 1570 3492 homo

405 3538 572 3608 motatur
598 3532 758 3609 totaliter
782 3531 820 3608 in
846 3539 1067 3630 serpentem,
1092 3538 1130 3608 et
1155 3553 1305 3630 serpens
1321 3540 1489 3610 mutatur
1514 3544 1571 3613 to-

404 3653 525 3729 taliter
548 3652 586 3727 in
611 3653 810 3749 hominem,
828 3653 915 3748 quia
935 3653 992 3729 isti
1017 3654 1117 3730 iures
1134 3677 1208 3730 non
1225 3662 1311 3732 sunt
1334 3656 1372 3729 iu
1398 3655 1571 3732 continuo

404 3773 588 3872 proposito
612 3773 769 3870 iurandi,
793 3774 857 3850 sed
882 3774 1079 3870 aliquando
1104 3797 1191 3852 cum
1221 3777 1410 3871 electione,
1435 3775 1572 3852 delibe-

404 3893 546 3970 ratione
569 3903 608 3971 et
637 3893 878 3972 delectatione
909 3902 947 3970 et
971 3895 1156 3991 societate,
1182 3897 1277 3973 sicut
1301 3903 1357 3974 est
1391 3896 1572 3973 verisimi-

403 4015 485 4090 liter
517 4013 740 4108 opinandum
771 4014 818 4089 de
849 4015 919 4088 isto
950 4015 1009 4089 hic
1039 4033 1227 4112 percusso,
1258 4017 1393 4092 scilieet
1422 4017 1571 4092 domino

404 4134 511 4211 Bosio
534 4135 582 4212 de
605 4135 754 4211 Donatis
778 4135 889 4211 nobili
915 4135 1039 4230 milite,
1068 4143 1106 4211 et
1130 4136 1209 4211 aliis
1239 4136 1302 4232 qui
1328 4145 1516 4233 ponuntur
1532 4129 1568 4228 (⁷)

316 4265 318 4270 '
404 4255 654 4351 hic,0mnibus
668 4255 846 4332 nobilibus
859 4255 954 4330 etde
969 4255 1147 4330 nobilibus
1161 4255 1570 4352 familiisldeoquando

403 4377 487 4452 tacit
501 4365 538 4468 (⁸)
556 4375 696 4450 lurtum
710 4376 761 4451 ita
778 4375 940 4472 provide,
956 4375 1105 4470 avisate,
1122 4383 1308 4474 apensate,
1330 4376 1489 4452 efficitur
1504 4397 1570 4474 pe·

404 4497 501 4572 nitus
526 4514 687 4591 serpens,
712 4501 750 4570 et
774 4495 922 4590 quando
940 4495 1079 4572 recedit
1102 4503 1141 4572 et
1164 4497 1311 4572 dimittit
1327 4497 1492 4572 animum
1510 4496 1571 4571 in-

404 4617 507 4693 randi
532 4615 730 4692 revertitur
755 4616 916 4712 periente
939 4615 976 4691 in
1001 4617 1207 4714 nominem,
1226 4617 1308 4694 ideo
1332 4617 1427 4694 istud
1452 4638 1571 4717 genus

402 4738 528 4813 lurum
554 4742 610 4812 est
633 4735 833 4834 pessimum
859 4737 1027 4814 omnium
1053 4758 1120 4836 pro
1146 4745 1252 4834 tunc,
1277 4739 1363 4815 dicit
1393 4759 1507 4837 ergo:
1534 4745 1571 4815 et

465 4952 494 5015 (¹)
509 4951 540 5002 B.
556 4965 646 5004 vaona.
807 4953 836 5018 (¹)
851 4955 882 5005 ll.
898 4955 993 5006 molllr.
1113 4955 1141 5016 (¹)
1156 4955 1183 5005 S.
1199 4954 1375 5018 eorrupttoola
1391 4953 1436 5004 nlri
1452 4953 1551 5004 habnlt.

464 5026 492 5090 u
509 5031 564 5088 ιιι,
580 5041 683 5092 mmo·
808 5031 835 5093 u
852 5035 907 5092 tro,
924 5032 1051 5083 vulnus.
1113 5031 1141 5094 (u
1157 5031 1189 5083 n.
1205 5031 1355 5085 uenatus

464 5103 493 5168 θ)
507 5103 534 5155 8.
550 5105 702 5167 moluntur.
806 5106 833 5168 (¹)
849 5109 880 5158 B.
897 5107 967 5159 lecit.
