4606 6840
667 959 738 1026 28l
1067 971 1269 1028 connuruu
1295 971 1446 1026 rursum

666 1126 802 1192 luanus
827 1119 876 1193 ita
904 1119 1001 1192 'esset
1028 1117 1161 1192 latinus
1185 1095 1223 1194 et
1247 1116 1400 1211 italicus,
1426 1117 1521 1192 sicut
1546 1119 1680 1192 Dantes
1704 1120 1840 1194 lloreu·

667 1239 788 1314 tinus?
816 1237 1013 1314 Dicendum
1040 1238 1213 1332 breviter,
1236 1237 1436 1331 quodlicet
1458 1237 1629 1335 Virgilius
1645 1246 1742 1314 esset
1759 1239 1841 1316 lati·

667 1382 748 1455 nus,
770 1367 893 1435 tamen
911 1360 1048 1453 optime
1066 1359 1167 1434 uovii
1184 1360 1347 1455 linguam
1361 1379 1534 1456 grecam,
1552 1365 1589 1434 et
1603 1379 1840 1454 summopere

668 1487 821 1556 conatus
838 1485 894 1554 est
914 1479 1046 1553 imitari
1061 1479 1212 1574 uestigia
1225 1500 1448 1575 graecorum,
1462 1480 1554 1554 sicut
1568 1482 1668 1555 clare
1684 1480 1840 1554 ostendit

667 1599 871 1676 Macrobius
897 1599 934 1672 in
960 1599 1052 1673 libro
1077 1599 1339 1693 Saturnalium,
1366 1608 1403 1674 et
1427 1600 1514 1693 quia
1536 1599 1706 1696 Virgilius
1723 1601 1839 1673 multa

669 1720 809 1816 scripsit
827 1720 874 1795 de
889 1719 999 1815 gestis
1015 1738 1226 1815 grecorum
1241 1726 1277 1794 et
1295 1719 1479 1814 potissime
1499 1720 1620 1815 Ulyxis
1637 1727 1674 1796 et
1691 1720 1839 1795 Diome-

667 1841 733 1934 dis,
759 1840 840 1914 ideo
871 1838 1114 1914 verisimiliter
1139 1839 1195 1914 isti
1221 1847 1327 1914 erant
1353 1840 1561 1934 responsuri
1588 1840 1653 1914 sibi
1680 1841 1757 1914 sine
1783 1840 1840 1914 in-

668 1961 885 2058 dignatione.
900 2001 949 2014 -
963 1962 1036 2033 Poi.
1063 1960 1128 2034 llic
1152 1966 1260 2035 autor
1286 1960 1385 2056 ponit
1409 1960 1613 2035 orationem
1636 1961 1772 2058 Virgilii
1792 1962 1839 2036 ad

667 2081 781 2158 dictos
805 2081 964 2176 spiritus,
991 2088 1028 2156 ei
1051 2081 1171 2175 primo
1197 2081 1413 2156 continuans
1430 2081 1524 2155 dicta
1542 2081 1712 2176 dicendis,
1729 2083 1837 2160 dicit:

668 2205 787 2276 audivi
815 2205 843 2276 il
865 2205 935 2278 mio
960 2204 1063 2293 duco,
1095 2201 1231 2278 scilicet
1262 2200 1465 2296 Virgilium,
1488 2205 1619 2294 perior
1651 2205 1688 2276 ia
1721 2211 1840 2293 questo

665 2329 799 2418 forma,
825 2323 959 2398 scilicet
984 2344 1068 2416 quae
1095 2323 1273 2415 sequitur,
1291 2325 1353 2414 poi
1368 2325 1428 2395 cire
1444 2325 1481 2396 la
1495 2325 1642 2414 ficorum
1657 2327 1696 2416 lu
1714 2331 1840 2396 venula

668 2447 773 2538 quini,
799 2443 901 2535 idest,
927 2442 973 2516 ad
991 2463 1078 2518 eum
1097 2442 1233 2536 locum,
1249 2445 1338 2515 douc
1351 2463 1463 2534 purae
1481 2465 1504 2512 u
1522 2445 1571 2515 lui
1587 2446 1662 2515 loco
1679 2465 1698 2515 e
1715 2450 1839 2534 tempo,

668 2565 803 2640 scilicet
834 2562 1017 2657 loquendi,
1043 2563 1178 2636 scilicet
1207 2562 1354 2656 quaudo
1381 2562 1468 2636 vidit
1494 2564 1680 2637 llammam
1706 2583 1840 2657 appro-

668 2687 880 2781 pinquatum
912 2684 1008 2758 satis.
1035 2685 1078 2758 Et
1103 2703 1191 2758 eece
1216 2684 1372 2757 sormam
1399 2683 1581 2776 loquendi,
1609 2683 1694 2776 quia
1720 2683 1841 2779 Virgi-

668 2806 739 2880 lius
764 2803 918 2898 requirit
942 2824 1006 2879 eos
1031 2810 1068 2878 et
1091 2803 1238 2878 adiurat
1269 2823 1334 2898 per
1368 2804 1498 2878 merita
1529 2825 1597 2878 sua
1627 2804 1664 2877 iu
1693 2803 1772 2876 illos
1790 2795 1840 2897 (⁴),

669 2925 815 3000 dicens:
842 2946 864 2998 o
897 2927 954 2996 voi
977 2926 1038 2997 cite
1060 2927 1141 2996 sicle
1165 2926 1226 2997 dui
1250 2927 1373 2996 deutra
1398 2926 1448 2996 od
1472 2945 1520 2996 uu
1536 2927 1630 3016 socc,
1656 2923 1760 3016 quasi
1785 2923 1840 2996 di·

669 3053 742 3120 cat:
756 3065 780 3120 o
792 3036 828 3136 (¹)
846 3045 992 3139 spiritus
1009 3044 1202 3119 unanimes
1223 3045 1286 3138 qui
1303 3044 1388 3119 estis
1405 3043 1491 3118 socii
1509 3044 1546 3117 iu
1567 3043 1697 3118 eadem
1716 3063 1838 3137 poena,

669 3188 737 3240 corr
765 3169 800 3238 vi
823 3173 965 3258 monem,
983 3165 1084 3259 idest,
1106 3171 1200 3244 state
1218 3166 1326 3258 lrrmi,
1342 3169 1410 3238 s'io
1428 3166 1577 3254 moritui,
1595 3164 1636 3257 si,
1654 3184 1720 3258 pro
1739 3163 1837 3257 quia,

668 3291 706 3362 di
730 3290 787 3360 voi
811 3295 941 3360 mentre
965 3289 1063 3360 oll'io
1089 3289 1182 3378 ruse,
1208 3287 1353 3379 scilicet,
1379 3287 1417 3360 in
1443 3287 1516 3360 vita
1543 3285 1745 3380 temporali,
1771 3284 1838 3358 do-

668 3427 736 3482 nec
760 3406 881 3481 anima
897 3397 934 3497 (³)
961 3407 1028 3498 luit
1051 3407 1243 3483 coniuncta
1265 3407 1433 3500 corpori3
1450 3417 1488 3483 ei
1505 3406 1656 3500 repetit:
1678 3409 1750 3480 s'io
1768 3425 1839 3478 me-

667 3529 752 3598 ritoi
775 3529 813 3598 di
837 3530 894 3598 voi
919 3529 1014 3598 assui
1039 3547 1060 3598 o
1080 3546 1186 3618 poco,
1212 3533 1249 3600 et
1266 3525 1428 3618 loquitur
1446 3526 1655 3600 verecunde
1671 3546 1757 3598 cum
1781 3533 1837 3600 ta·-

668 3665 754 3720 men
775 3647 934 3720 multum
954 3645 1149 3721 meruerit:
1165 3647 1305 3737 quoodo
1322 3647 1441 3718 seruo
1455 3647 1506 3736 pli
1522 3647 1584 3716 ulti
1603 3649 1707 3734 versi
1735 3647 1839 3740 idest,

669 3767 833 3840 carmina
863 3766 1009 3842 heroica
1035 3766 1070 3839 in
1096 3767 1170 3840 alto
1201 3765 1292 3861 stylo
1322 3765 1462 3860 tragico
1494 3765 1531 3838 in
1561 3764 1653 3838 libro
1684 3765 1839 3841 Eneido·

670 3908 769 3982 rum,
798 3889 858 3960 acl
889 3889 1028 3981 mondo,
1061 3885 1206 3979 scilicet,
1238 3885 1451 3978 viventium,
1484 3907 1543 3957 mo
1578 3887 1660 3958 tuo
1694 3888 1732 3959 di
1769 3887 1839 3978 voi,

669 4007 814 4102 scilicet,
833 4008 977 4103 Ulyxes,
996 4009 1076 4080 drea
1101 4009 1189 4080 dove
1212 4009 1298 4098 pusi
1321 4027 1345 4078 a
1369 4010 1483 4078 morir
1504 4027 1570 4098 per
1595 4010 1655 4099 lui,
1674 4007 1776 4100 idest,
1793 4006 1839 4080 ad

669 4151 781 4224 quem
808 4131 929 4204 locum
957 4129 1047 4202 itum
1075 4128 1142 4204 luit
1167 4127 1214 4202 ab
1240 4128 1317 4221 ipso
1341 4127 1387 4201 ad
1414 4127 1644 4202 moriendum
1671 4145 1838 4222 peregre.

670 4253 712 4326 Et
729 4251 781 4326 sic
794 4250 877 4325 vide
890 4249 987 4344 quod
1001 4247 1172 4344 Virgilius
1184 4248 1393 4342 simpliciter
1410 4249 1610 4341 alloquitur
1619 4237 1657 4338 (⁴)
1673 4249 1839 4342 Ulyxem,

669 4374 755 4468 qula
774 4371 967 4446 Diomedes
985 4391 1058 4444 nou
1076 4370 1330 4466 peregrinatus
1351 4369 1418 4443 luit
1434 4389 1520 4444 cum
1542 4370 1667 4463 Ulyxe,
1682 4368 1756 4441 imo
1774 4387 1840 4440 ve-

669 4495 721 4571 nit
751 4493 789 4566 in
820 4492 960 4566 ltaliam
990 4490 1027 4564 iu
1058 4489 1246 4584 regionem
1273 4489 1422 4584 Apuliae,
1449 4490 1532 4563 licet
1557 4487 1748 4561 Diomedes
1774 4506 1840 4580 po-

669 4613 796 4688 tuisset
821 4631 976 4685 narrare
996 4610 1326 4705 peregrinationem
1346 4607 1478 4705 Ulyris.
1497 4609 1542 4681 Et
1560 4607 1618 4681 hic
1636 4613 1721 4680 nola
1739 4607 1840 4701 quod

669 4731 839 4828 Virgilius
864 4731 1026 4824 loquitur
1053 4737 1127 4804 tam
1155 4729 1308 4804 fidenter
1333 4729 1408 4802 istis
1432 4727 1538 4821 quasi
1564 4727 1748 4822 imperans
1775 4728 1841 4821 eis,

670 4853 755 4947 quia
782 4851 836 4929 isti
863 4859 969 4926 erant
993 4851 1060 4926 sibi
1085 4851 1257 4946 obligati;
1291 4855 1328 4924 et
1360 4869 1404 4924 er
1440 4850 1508 4923 hoe
1541 4847 1754 4922 familiarius
1786 4850 1841 4924 lo-

733 5041 759 5104 ll)
776 5041 807 5091 E.
823 5041 849 5090 in
866 5041 936 5091 istos.
1343 5037 1369 5100 (¹)
1385 5037 1416 5087 E.
1432 5051 1449 5087 o
1465 5030 1641 5100 pusillanimes
1656 5039 1708 5101 qul.

735 5117 761 5181 (⁸)
779 5122 834 5180 llo,
850 5118 935 5170 mima
950 5131 1008 5172 men
1024 5119 1083 5172 tuit.
1341 5113 1368 5176 (¹)
1384 5115 1415 5164 Ε.
1432 5113 1548 5177 loquitur
1565 5112 1649 5177 Ulyul.
