4534 6842
721 957 861 1014 usurus
882 957 1076 1014 mansurus
1100 957 1262 1014 mamus.
1505 949 1574 1016 169

403 1103 467 1201 qni
484 1101 603 1198 prodit
620 1122 728 1198 eum3
742 1104 806 1179 sed
822 1123 947 1199 cappe
964 1102 1239 1202 hypocritarum
1253 1111 1360 1178 erant
1377 1105 1455 1182 sine
1470 1125 1575 1181 com·

403 1224 591 1322 paratione
615 1213 818 1320 graviores,
844 1225 926 1300 ideo
949 1225 1059 1299 dicit:
1083 1245 1104 1297 e
1127 1227 1235 1316 aravi
1263 1231 1373 1318 tanto,
1389 1229 1449 1300 nde
1465 1230 1575 1302 Fode-

402 1350 477 1420 rtoo
494 1349 526 1420 te
540 1351 662 1420 moneo
677 1348 716 1419 di
725 1349 864 1438 ponda,
878 1346 979 1440 idest,
998 1365 1082 1440 quae
1092 1339 1130 1438 (¹)
1149 1365 1273 1442 eappae
1290 1345 1452 1424 Federici
1469 1356 1575 1424 erant

403 1466 594 1544 levissima
620 1473 788 1562 respectu
814 1466 967 1542 istarum
993 1467 1306 1563 gravissimarum.
1333 1469 1378 1543 Et
1405 1470 1464 1545 hio
1489 1478 1574 1546 notu

403 1585 501 1681 quod
526 1592 636 1661 autor
660 1587 755 1662 bene
779 1585 874 1681 dicit,
901 1585 988 1680 quia
1012 1605 1121 1681 poena
1152 1586 1299 1660 illorum
1329 1587 1413 1664 lieet
1438 1590 1574 1686 gravis,

402 1713 526 1782 tumen
551 1711 632 1781 erat
661 1704 793 1800 brevis,
822 1707 891 1780 ista
923 1725 1014 1780 varo
1044 1711 1240 1800 perpetum
1266 1707 1326 1781 illa
1356 1707 1574 1784 dissolvebat

402 1828 522 1902 solum
540 1845 685 1920 corpus,
703 1825 770 1899 ista
788 1845 878 1900 vero
895 1825 1030 1922 premit
1045 1825 1207 1910 animam
1232 1833 1269 1900 et
1294 1826 1572 1924 conscientiam

403 1948 484 2022 ideo
507 1950 618 2020 auter
642 1945 869 2020 considerata
893 1945 1110 2042 gravissima
1137 1966 1245 2040 poena
1270 1947 1424 2022 istorum
1450 1949 1574 2023 ercia-

404 2073 481 2142 mat
496 2064 725 2162 indignanter
736 2055 787 2160 (²),
804 2085 839 2157 o,
857 2064 960 2160 idest,
977 2065 1069 2160 dico,
1086 2073 1206 2141 manto
1219 2071 1368 2161 [atomo
1384 2071 1421 2140 to
1440 2075 1572 2161 eierato,

404 2186 508 2282 quasi
532 2186 628 2262 dicat
653 2184 778 2261 tacite:
804 2187 937 2262 habete
956 2187 1075 2282 ipsum
1093 2187 1196 2262 vohis
1213 2189 1422 2284 hypocrita,
1440 2179 1571 2283 quia(³)

404 2327 477 2385 non
502 2306 646 2382 invideo
671 2305 774 2381 vobis
799 2306 977 2400 quianon
998 2327 1140 2402 possam
1159 2315 1317 2403 portare.
1336 2309 1381 2382 Et
1399 2309 1458 2384 hic
1474 2317 1573 2404 nota,

405 2429 503 2526 quod
528 2427 558 2503 si
582 2426 750 2523 intelligis
774 2426 821 2502 de
845 2427 987 2502 interno
1012 2429 1205 2523 essentiali,
1230 2435 1340 2504 auter
1370 2430 1464 2504 bene
1489 2429 1575 2505 dicit

404 2556 443 2627 io
466 2557 598 2642 omno,
624 2547 711 2642 quia
736 2547 785 2622 ibi
810 2567 919 2643 poena
943 2565 1148 2643 numquam
1176 2548 1318 2644 finitur3
1347 2550 1377 2624 si
1403 2570 1493 2626 vero
1518 2549 1575 2624 lo·

407 2669 532 2767 queris
547 2656 584 2762 (*)
597 2667 644 2744 de
661 2667 803 2762 morati,
817 2668 927 2743 etiam
945 2667 1083 2743 dictum
1101 2675 1156 2744 est
1176 2689 1321 2763 verum,
1335 2668 1420 2763 quia
1437 2689 1570 2762 quam-

404 2792 465 2867 diu
493 2789 622 2864 vivunt
646 2794 792 2883 portant
817 2788 970 2861 salmam
997 2807 1103 2862 suam
1129 2807 1294 2884 gravem,
1312 2793 1350 2864 et
1370 2795 1450 2884 post
1471 2808 1573 2863 mor·

404 2919 480 2988 tem
505 2908 771 3007 gravissimam,
797 2907 884 3001 quia
914 2913 1025 2981 autor
1054 2925 1128 2980 non
1160 2907 1322 3001 loquitur
1351 2908 1410 2982 nic
1436 2907 1502 2981 nisi
1527 2907 1574 2982 de

403 3029 598 3128 hypocritis
630 3027 693 3122 qui
724 3033 962 3122 perseverant
995 3045 1141 3121 semper
1174 3027 1212 3100 in
1241 3027 1318 3122 ipso
1348 3027 1441 3100 tristi
1467 3027 1572 3122 viti0;

402 3150 542 3248 quiesi
567 3149 755 3243 poenitent,
781 3153 869 3220 tunc
883 3138 920 3240 (⁵)
946 3167 1020 3222 non
1045 3153 1233 3242 ponuntur
1253 3146 1436 3222 damnati:
1462 3146 1574 3222 debes

401 3291 492 3368 ergo
514 3268 716 3364 intelligere
733 3267 780 3342 de
796 3266 996 3362 obstinatis,
1014 3265 1108 3340 sieut
1124 3273 1161 3342 et
1181 3266 1219 3340 in
1239 3265 1380 3341 raeteris
1405 3273 1574 3362 peecato-

402 3392 513 3466 ribus.
529 3429 578 3444 -
591 3393 669 3462 Not
695 3387 760 3462 Hic
775 3377 812 3480 (θ)
839 3393 949 3462 autor
981 3386 1137 3461 ostendit
1169 3385 1321 3460 modum
1354 3387 1574 3482 procedendi

402 3531 488 3586 eum
506 3509 591 3603 istis,
605 3508 746 3583 dicens:
765 3510 834 3580 Not
845 3510 877 3580 oi
890 3509 1081 3598 ootyemmo
1095 3525 1207 3579 anoor
1217 3501 1281 3600 piri
1294 3527 1317 3578 a
1330 3527 1414 3580 mun
1430 3527 1574 3600 marma,

402 3629 504 3724 idest,
529 3628 576 3702 ad
602 3627 796 3720 sinistram,
822 3625 915 3701 sicut
944 3625 1165 3722 generaliter
1198 3625 1336 3701 radunt
1367 3646 1433 3722 per
1464 3627 1575 3704 inier-

404 3770 506 3844 num‚
532 3747 595 3823 sed
621 3746 846 3822 deflexerant
869 3747 916 3821 ad
940 3745 1108 3821 dextram
1139 3745 1324 3821 modicum
1350 3747 1396 3822 ad
1421 3766 1574 3842 persua-

403 3869 544 3944 sionem
569 3868 664 3942 iilius
689 3867 893 3960 Maiecodae‚
919 3887 985 3940 oon
1008 3870 1086 3940 toro
1105 3869 1259 3957 meone,
1277 3867 1339 3960 qui
1354 3857 1392 3959 (⁷)
1409 3867 1574 3943 similiter

402 3989 504 4065 ibant
527 3987 573 4064 ad
599 3987 793 4081 sinistram,
818 3989 951 4077 munti,
969 3989 1008 4059 at
1030 3989 1130 4058 truite
1142 3989 1279 4078 pineto,
1297 3986 1383 4079 quia
1408 3986 1574 4062 intende-

404 4111 536 4186 bamus
561 4109 598 4182 in
623 4109 682 4182 ilia
703 4108 828 4203 belgia
845 4105 1076 4182 solummodo
1094 4104 1219 4179 ridere
1239 4125 1386 4199 poenam
1401 4097 1438 4198 (⁸)
1457 4108 1574 4203 hypo·

404 4231 594 4325 critarum,
608 4229 671 4324 qui
685 4235 770 4302 sunt
784 4248 872 4303 vere
890 4227 1020 4320 tristes,
1036 4225 1183 4320 quando
1199 4217 1236 4318 (⁹)
1255 4233 1434 4300 conantur
1447 4233 1571 4302 osten-

404 4352 493 4427 dere
518 4371 558 4425 se
584 4349 704 4424 tristes
729 4367 814 4424 cum
837 4346 1014 4422 deberent
1039 4346 1166 4441 iaetari,
1187 4345 1234 4420 de
1257 4343 1390 4440 quibus
1414 4347 1503 4425 dixit
1517 4340 1571 4442 (Ν)

404 4473 591 4548 Christum:
629 4473 712 4542 Cum
728 4470 899 4561 jn'unotts
928 4469 1032 4541 rmdte
1057 4467 1138 4560 fieri
1166 4469 1254 4540 sina
1284 4468 1472 4560 typomtae
1506 4471 1572 4542 ιη’.

467 4699 495 4762 (¹)
509 4700 540 4751 E.
555 4699 625 4764 quod
641 4711 737 4762 sappo.
842 4693 870 4759 (¹)
887 4696 918 4747 B.
935 4695 1096 4758 indignanter
1112 4694 1214 4746 urens:
1235 4693 1264 4745 0.

467 4777 493 4838 (¹1
509 4776 535 4826 S.
551 4776 679 4840 quianon
696 4785 797 4837 mmm
814 4778 927 4837 portare,
945 4772 1005 4838 qnia
1022 4783 1074 4821 nnn
1084 4771 1186 4820 invideo
1197 4769 1276 4820 vobin

466 4851 494 4913 θ)
509 4852 535 4902 S.
551 4849 674 4916 loquaris.
846 4846 873 4911 (¹)
890 4849 916 4899 S.
930 4861 1063 4912 numam
1080 4851 1221 4910 ponuntur.
1284 4845 1311 4906 (¹)
1328 4848 1382 4906 tte,
1399 4845 1474 4896 Nune
1490 4851 1575 4898 autor.

468 4929 495 4992 Γ)
510 4929 536 4980 S.
552 4941 568 4978 e
585 4929 615 4979 tt.
632 4928 693 4994 quia
708 4926 835 4978 rtmtnter.
1282 4920 1308 4984 (⁸)
1325 4921 1355 4970 B.
1371 4935 1467 4986 pmnat.

467 5006 495 5067 (⁸)
511 5005 541 5056 n.
558 5003 661 5072 quando
676 5004 799 5056 deberent
816 5003 899 5054 taturi
915 5006 1043 5054 sonantur
1059 5013 1086 5052 oe
1102 4997 1348 5059 ostendendum,
1366 4998 1398 5049 de
1414 4997 1516 5064 quibos.

454 5081 493 5144 θ’)
510 5085 564 5142 ild.
581 5081 650 5132 dtett.
