4526 6836
719 1322 886 1392 GdN'l'US
919 1323 1151 1396 vlonstrttts
1182 1323 1361 1406 PRIMUS,
1396 1325 1432 1392 in
1462 1343 1525 1410 quo
1558 1329 1676 1392 tradet
1707 1326 1748 1394 de
1777 1327 1884 1398 eodm

792 1437 1091 1522 buiyinwiount
1119 1435 1885 1522 omadettopeqotoaottmtoatqm

790 1546 963 1614 taenaron
983 1552 1015 1616 et
1035 1546 1187 1628 alimum
1218 1566 1257 1612 oe
1285 1546 1380 1614 etiam
1403 1547 1442 1613 de
1463 1547 1566 1616 desem
1595 1547 1787 1616 wormius
1813 1569 1884 1616 erem

791 1657 903 1742 noritis
923 1658 1047 1726 inerunt
1061 1678 1125 1742 pes·
1144 1661 1243 1726 totum
1263 1656 1372 1738 onon.
1394 1676 1472 1742 qnos
1492 1659 1635 1729 nondum
1655 1659 1837 1744 separatim.

799 1947 937 2116 Cos!
955 2043 993 2116 di
1007 2049 1111 2135 posue
1127 2044 1166 2116 in
1177 2050 1284 2136 pone
1299 2047 1393 2118 atto
1413 2042 1605 2134 portando.
1627 2041 1824 2136 Postquam
1843 2041 1880 2118 in

716 2161 931 2255 precedenti
949 2163 1108 2258 capitolo
1121 2168 1231 2237 antor
1244 2168 1367 2238 noster
1384 2161 1554 2238 tractavit
1569 2165 1608 2235 et
1624 2159 1880 2236 determinavit

714 2281 761 2356 de
776 2288 909 2375 quarta
933 2282 1053 2378 speeie
1076 2281 1214 2357 fraudis
1239 2301 1324 2378 quae
1340 2288 1468 2357 vocata
1481 2274 1520 2373 (¹)
1537 2279 1709 2356 divinatio
1729 2279 1880 2375 punitur

713 2401 752 2475 in
767 2408 900 2495 quarto
916 2401 1051 2498 bulgio,
1068 2421 1167 2477 nune
1183 2408 1451 2496 oomeqnenter
1467 2400 1505 2476 in
1521 2400 1589 2474 isto
1615 2401 1696 2474 xxi
1721 2399 1880 2496 capituto

713 2520 838 2616 agitet
850 2526 980 2596 tractat
992 2520 1039 2596 de
1052 2522 1179 2616 quinta
1199 2521 1319 2617 specie
1338 2520 1485 2616 fraudis,
1502 2541 1587 2615 qnae
1599 2519 1731 2596 dieitur
1750 2520 1880 2617 vulga-

715 2639 804 2714 riter
818 2640 1018 2734 barataria,
1043 2647 1082 2716 et
1108 2641 1258 2736 punitur
1282 2641 1319 2714 in
1343 2640 1470 2734 quinta
1495 2639 1630 2737 bulgis.
1651 2641 1696 2714 Et
1720 2655 1880 2736 presens

715 2759 913 2854 capitulum
927 2767 1045 2856 potest
1062 2761 1223 2836 breviter
1239 2761 1349 2836 dividi
1361 2761 1399 2836 in
1414 2767 1575 2855 quatuor
1588 2767 1709 2856 partes
1721 2779 1879 2857 genera-

714 2878 782 2954 les:
794 2878 832 2954 in
848 2879 966 2975 prima
979 2901 1141 2974 quarum
1154 2891 1263 2958 antor
1279 2880 1449 2956 describit
1460 2899 1606 2975 poenam
1622 2871 1661 2972 (²)
1674 2879 1879 2956 baratario-

713 3019 798 3074 rum
824 2998 862 3073 in
886 3000 1059 3095 generali
1086 2979 1125 3074 ln
1150 2999 1310 3074 secunda
1334 2999 1504 3074 describit
1528 3017 1646 3072 unum
1669 2998 1874 3074 daemonom

558 3207 564 3218 .
713 3123 919 3212 portantem
944 3139 1062 3192 unum
1091 3118 1258 3214 spiritum
1284 3118 1505 3193 modernum
1530 3116 1635 3194 ratde
1659 3117 1876 3192 infamatum

712 3237 780 3313 isto
797 3239 986 3314 vitiosum
1002 3247 1114 3337 gente
1137 3261 1215 3316 suae
1240 3241 1378 3335 patria,
1404 3239 1476 3315 ibi:
1502 3242 1627 3314 Mentfl
1639 3242 1685 3314 io.
1711 3239 1876 3316 intortio

710 3358 865 3433 ostendit
889 3360 1077 3453 quomodo
1094 3361 1263 3456 Virgilius
1281 3360 1412 3455 etipse
1427 3358 1660 3454 pervenerint
1675 3349 1712 3450 (³)
1730 3357 1777 3434 ad
1795 3377 1876 3432 ma-

710 3497 780 3550 nus
813 3478 1022 3554 officialium
1057 3480 1308 3557 ministrorum
1341 3479 1444 3554 istius
1467 3477 1602 3574 bulgioe
1628 3497 1714 3554 cum
1742 3497 1875 3574 magno

573 3623 580 3634 ·
709 3596 885 3691 periculo,
922 3604 1047 3674 tamen
1085 3598 1164 3674 sine
1199 3598 1345 3691 damno,
1371 3598 1443 3672 ibit
1479 3601 1528 3672 Lo
1552 3598 1623 3670 dnn
1647 3605 1809 3672 manao.
1836 3598 1876 3672 ln

709 3723 841 3810 quarta
867 3725 904 3792 et
929 3717 1058 3794 ultima
1082 3719 1238 3794 ostendit
1253 3717 1439 3812 quomodo
1456 3717 1565 3794 suerit
1582 3717 1634 3792 eis
1651 3723 1796 3794 ostensa
1817 3717 1876 3792 rin

709 3840 746 3910 et
771 3835 856 3911 data
888 3843 1009 3912 soorta
1034 3858 1057 3913 a
1080 3838 1176 3913 dune
1199 3837 1479 3932 demoniorum,
1504 3837 1577 3912 ihi:
1605 3840 1671 3912 Poi
1694 3839 1795 3912 disse.
1821 3836 1875 3912 Ad

709 3953 865 4049 primam
891 3973 981 4052 ergo
1005 3956 1087 4031 dieo
1111 3957 1210 4051 quod
1235 3963 1344 4032 antor
1368 3956 1540 4033 describit
1562 3976 1708 4051 poenam
1727 3956 1876 4030 barata-

709 4074 852 4148 riorum
878 4075 914 4148 in
939 4075 1126 4170 generati,
1156 4084 1193 4152 et
1217 4075 1336 4172 primo
1360 4075 1577 4151 nontinuans
1601 4095 1642 4150 se
1665 4073 1712 4148 nd
1738 4090 1875 4170 praece-

709 4193 831 4268 dentia
859 4193 968 4270 dicit:
1002 4200 1071 4270 Not
1095 4197 1265 4269 venimmo
1293 4187 1365 4268 ensi
1388 4197 1426 4268 di
1447 4203 1551 4287 ponte
1575 4197 1612 4268 io
1632 4201 1751 4287 ponte,
1783 4193 1875 4269 idest

707 4312 753 4387 de
786 4319 897 4408 ponte
929 4321 1071 4405 quarte
1104 4313 1238 4409 bulgiae
1269 4313 1315 4388 ad
1347 4319 1495 4408 pontem
1521 4314 1669 4409 qnintae,
1689 4317 1873 4407 portnrtdo

707 4435 814 4524 nttro,
832 4431 923 4509 idest
939 4433 1010 4509 alia
1026 4433 1257 4508 occurrentia
1282 4433 1379 4507 cirea
1403 4433 1509 4510 istam
1526 4433 1719 4510 materiam
1736 4433 1876 4508 divina-

706 4550 824 4645 tionis,
845 4572 913 4645 pro
938 4571 1012 4646 qua
1037 4551 1204 4626 habenda
1228 4571 1363 4648 magna
1388 4552 1533 4649 ingenia
1558 4551 1750 4628 hominum
1777 4553 1874 4626 mul-

705 4674 785 4744 tum
812 4670 1074 4747 laboraverunt
1098 4677 1136 4747 et
1160 4678 1213 4746 tot
1238 4679 1338 4747 artes
1354 4671 1588 4766 invenerunt3
1607 4673 1657 4747 ita
1676 4678 1761 4747 sunt
1777 4672 1872 4748 nvidi

706 4788 865 4866 soientiae
890 4790 1115 4877 futurorum,
1136 4790 1234 4866 unde
1249 4812 1348 4864 unus
1364 4791 1525 4887 prooedit
1542 4812 1608 4888 per
1624 4791 1871 4888 astrologiam,

766 4975 794 5039 (Ι)
812 4976 842 5026 E.
858 4981 948 5028 rodata
964 4982 1004 5029 est
1018 4978 1143 5032 dirtnrtto
1157 4983 1185 5029 st
1200 4979 1315 5041 ponitur.
1388 4976 1417 5040 (¹)
1433 4977 1463 5028 n
1481 4992 1583 5042 ponam
1599 4977 1691 5032 triinm
1706 4979 1733 5030 tn
1749 4977 1871 5042 geronti.

766 5049 793 5114 ω
809 5051 840 5102 n
856 5060 1038 5116 numerant
