4534 6842
689 888 826 944 caurus
851 889 1041 944 rrocsmus
1066 887 1258 942 sccundus.
1488 875 1554 940 141

393 1033 499 1128 dicto,
526 1034 624 1107 unde
648 1033 749 1108 dicit:
776 1057 794 1108 e
815 1039 967 1128 precepti
990 1037 1017 1108 il
1040 1035 1178 1108 broceio
1195 1036 1252 1105 col
1264 1033 1448 1124 rmrciplio,
1471 1031 1562 1106 idest

393 1175 478 1228 cum
506 1153 641 1227 uncino
666 1175 734 1228 suo
761 1155 881 1230 ferreo
906 1155 1114 1250 efficaciter,
1132 1147 1161 1228 sl
1185 1157 1245 1227 cle
1267 1155 1491 1226 strocclando
1517 1174 1560 1224 rae

388 1267 495 1368 portd
520 1295 567 1347 un
592 1277 735 1366 lacerto,
761 1275 863 1370 idest,
887 1297 1003 1349 unum
1022 1276 1244 1368 musculum,
1263 1281 1300 1348 et
1321 1292 1425 1347 more
1450 1273 1559 1346 bara-

395 1395 478 1468 tarii
502 1393 599 1468 dedit
624 1393 689 1468 sibi
708 1416 820 1469 unam
839 1396 973 1470 malam
995 1396 1248 1490 depeunatam.
1267 1393 1310 1466 Et
1330 1393 1451 1467 subdit
1468 1405 1578 1486 quo-⁵

396 1513 506 1588 modo
522 1507 558 1605 (¹)
584 1514 707 1608 aliquo
732 1514 899 1589 daemone
924 1522 1075 1610 parante
1101 1515 1222 1589 lacere
1252 1514 1317 1587 sibi
1345 1513 1460 1608 peius,
1486 1514 1562 1587 dun

396 1635 606 1708 daemonum
629 1627 877 1728 defenderit(')
895 1655 994 1710 eum.
1016 1637 1118 1710 Unde
1137 1635 1244 1709 dicit:
1269 1637 1563 1725 Droplripnoccio,

396 1755 500 1849 peior
524 1761 562 1828 et
578 1753 709 1828 saevior
725 1753 924 1849 Libicocco‚
943 1777 1054 1828 necor
1074 1758 1162 1830 oolle
1182 1759 1252 1829 dat·
1267 1758 1305 1828 di
1321 1757 1443 1848 ptplio,
1461 1753 1563 1847 idest,

398 1875 513 1951 voluit
538 1893 670 1970 capere
695 1873 814 1969 ipsum
840 1895 926 1949 cum
949 1876 1082 1951 uncino
1103 1897 1183 1970 suo,
1200 1880 1299 1968 pinso
1324 1897 1348 1947 o
1374 1877 1404 1947 le
1428 1876 1564 1966 pambo,

400 2013 446 2068 ne
470 2001 590 2090 posset
615 1994 744 2090 lugere
775 1996 859 2089 quia
890 2002 968 2070 erat
1000 1997 1157 2072 multum
1184 1996 1287 2092 agilis
1317 2001 1353 2070 et
1379 1996 1497 2090 velox,
1524 2005 1567 2070 ut

399 2113 518 2187 statim
544 2115 698 2209 patebit;
719 2115 801 2189 ideo
822 2116 966 2189 volebat
992 2115 1113 2190 lacere
1138 2115 1257 2210 ipsum
1279 2115 1410 2190 cadere
1427 2116 1473 2189 ad
1492 2122 1566 2189 ter-

399 2255 493 2328 ram,
516 2242 557 2308 ut
576 2255 704 2309 omnes
729 2235 883 2309 habilius
909 2236 1058 2311 ferirent
1080 2237 1209 2332 ipsum.
1234 2237 1278 2308 Et
1303 2257 1389 2311 ecce
1414 2256 1567 2309 succur-

399 2378 500 2449 sum3
522 2359 612 2429 mede
629 2360 653 2430 ’l
667 2359 807 2430 decumo
825 2359 916 2448 lore,
938 2357 1039 2450 idest,
1061 2357 1290 2431 Barbariccia
1309 2357 1371 2450 qui
1392 2362 1471 2430 erat
1491 2355 1567 2429 dux

267 2485 272 2494 '
399 2475 526 2550 decern
543 2467 580 2568 (³)
597 2475 863 2550 daemoniorum
886 2477 1071 2570 inclusive,
1088 2499 1125 2549 se
1146 2480 1239 2550 volae
1254 2480 1394 2550 intorno
1413 2480 1567 2568 interm,

399 2597 529 2691 repetit
553 2595 608 2670 bis
633 2597 678 2670 ad
705 2597 1010 2692 compescendum
1038 2599 1203 2674 sororem
1234 2617 1378 2692 eorum,
1404 2619 1470 2669 con
1495 2598 1569 2668 mal

396 2719 519 2808 piplio
533 2715 667 2790 scilicet
692 2717 805 2790 torvis
829 2717 956 2813 oculiS,
974 2723 1011 2791 et
1036 2716 1181 2791 turbata
1208 2717 1299 2791 facie
1315 2706 1364 2810 (⁴),
1383 2722 1420 2792 et
1437 2716 1488 2790 sic
1509 2738 1568 2790 se-

400 2835 498 2910 davit
524 2855 606 2930 eos3
628 2855 694 2931 per
718 2837 788 2911 hoc
812 2845 938 2911 autem
965 2835 1099 2934 figurat
1119 2841 1240 2930 autor,
1259 2835 1357 2930 quod
1386 2835 1495 2910 etiam
1529 2836 1567 2908 in

401 2976 538 3052 genere
563 2958 826 3031 sceleratorum
852 2964 996 3052 oportet
1030 2978 1110 3031 esse
1140 2956 1300 3050 aliquem
1335 2957 1500 3030 ordinem
1532 2963 1570 3030 et

403 3077 647 3155 reverentiam
675 3078 882 3172 superioris,
909 3078 1000 3152 sicut
1029 3089 1128 3173 patet
1160 3083 1235 3151 tota
1264 3077 1323 3151 die
1353 3077 1390 3150 in
1421 3076 1568 3171 campis,

403 3197 635 3272 societatibus
653 3204 689 3272 et
706 3197 1028 3274 coniurationibus.
1043 3239 1092 3252 —
1109 3201 1244 3288 Quand’
1257 3201 1322 3271 elli.
1341 3199 1445 3272 Nunc
1461 3204 1570 3271 autor

401 3319 600 3394 revertitur
619 3318 664 3390 ad
683 3317 854 3412 primum,
873 3324 910 3391 et
931 3317 1087 3392 ostendit
1104 3318 1290 3411 quomodo
1308 3317 1490 3413 Virgilius,
1511 3337 1571 3391 se-

401 3441 486 3516 dato
503 3439 629 3514 lurore
649 3438 915 3512 daemoniorum
929 3429 978 3533 (¹⁵),
996 3439 1165 3533 petiverit
1181 3439 1228 3513 ab
1245 3439 1306 3512 illo
1325 3437 1510 3532 Ciampolo
1531 3443 1571 3510 ut

400 3565 688 3656 prosequeretur
703 3549 739 3654 (⁶)
768 3559 855 3631 illud
882 3559 980 3653 quod
1006 3558 1207 3656 incoeperat
1232 3580 1395 3652 narrare,
1414 3557 1476 3632 sed
1498 3578 1570 3632 non

401 3685 571 3776 potuerat
597 3677 711 3772 finire,
739 3677 825 3772 quia
851 3677 995 3753 daemon
1022 3680 1251 3754 laceraverat
1274 3679 1341 3753 sibi
1366 3678 1568 3752 brachium.

400 3797 493 3874 Dicit
518 3819 631 3894 ergo:
658 3801 685 3871 tt
707 3799 810 3886 duca,
836 3797 972 3873 scilicet
993 3797 1175 3896 Virgilius,
1198 3791 1365 3874 (limanda)
1385 3819 1494 3871 senza
1516 3799 1573 3871 di-

402 3939 518 4009 mor0‚
543 3918 645 4010 idest,
672 3916 749 3990 sine
774 3917 954 4011 dilatione,
982 3918 1066 4010 quia
1098 3938 1170 3991 non
1196 3925 1276 3992 erat
1302 3939 1399 3992 nunc
1427 3928 1569 4012 tempus

403 4037 614 4113 exordiendi
639 4056 723 4111 cum
756 4037 837 4130 isto,
868 4059 892 4110 a
921 4039 982 4128 lul,
1013 4035 1147 4110 scilicet
1176 4035 1373 4131 Ciamp0l0‚
1398 4039 1449 4109 clt'
1462 4058 1573 4109 ancer

402 4162 542 4231 mtraoa
566 4179 631 4230 sun
653 4161 772 4252 seila,
798 4157 899 4250 idest,
926 4155 1141 4252 respiciebat
1161 4156 1294 4231 vulnus
1318 4156 1455 4232 brachii
1481 4178 1567 4231 cum

402 4283 577 4371 tremore,
603 4277 688 4370 quia
714 4277 905 4351 brachium
924 4287 1004 4352 erat
1021 4276 1213 4372 spoliatum
1240 4276 1337 4352 bona
1362 4287 1465 4372 parte
1485 4298 1572 4352 car-

403 4400 458 4472 nis
475 4397 597 4472 solidae
617 4388 831 4512 inlirmaeffl
845 4397 943 4492 quia,
962 4403 1003 4472 ut
1020 4397 1163 4494 audisti,
1184 4419 1280 4472 unus
1296 4399 1440 4474 daemon
1457 4398 1570 4472 extir-

401 4525 554 4614 paverat
573 4517 639 4592 sibi
657 4539 774 4592 unum
792 4519 983 4614 lacertum,
1002 4519 1130 4612 quand
1144 4521 1201 4592 elli
1212 4523 1297 4614 soro
1315 4541 1361 4594 un
1375 4541 1467 4612 poco
1484 4541 1574 4614 rap-

467 4771 495 4836 (¹)
513 4779 566 4836 llll,
584 4777 714 4841 quomodo
730 4779 780 4828 alio
796 4777 922 4828 damone.
1079 4778 1106 4840 (¹)
1124 4783 1177 4839 llll,
1195 4777 1355 4830 defendebat.

467 4849 494 4914 Γ)
510 4851 541 4901 Ε.
558 4850 648 4902 decem
664 4853 822 4915 demonum,
838 4868 863 4902 se
879 4853 952 4904 nouo.
1079 4853 1106 4916 (¹)
1124 4858 1177 4913 llll,
1194 4853 1289 4904 lionte.

468 4926 495 4989 (¹)
512 4929 565 4988 tlt,
582 4927 739 4979 demonum.
1080 4927 1108 4990 (⁸)
1126 4932 1180 4990 llll,
1196 4931 1357 4992 sequeretur.

476 4997 494 5062 ²)
512 5001 542 5052 lt
558 5007 585 5054 et
600 5003 692 5065 firme,
709 5004 779 5069 qula.
