4534 6842
748 1003 886 1059 caurus
911 1004 1102 1060 mensurus
1126 1003 1286 1058 ruamus.
1532 993 1597 1060 171

429 1150 493 1246 ipsi
519 1150 716 1246 hypocrita
741 1149 842 1225 ibant
866 1149 912 1224 ad
938 1149 1091 1224 modum
1117 1149 1306 1226 testudinis
1333 1156 1437 1226 motu
1469 1151 1602 1225 tardis·

428 1271 533 1365 simo,
550 1289 591 1342 su
606 1291 675 1362 per
699 1271 736 1342 lu
761 1272 818 1342 otu
835 1274 949 1364 soscu,
971 1269 1057 1364 quia
1076 1270 1193 1344 omnis
1217 1269 1341 1366 bulgia
1359 1276 1413 1346 est
1430 1271 1600 1366 obscura,

428 1397 466 1465 et
489 1391 557 1464 ista
583 1410 656 1465 non
684 1388 804 1463 minus
830 1409 941 1484 quam
974 1388 1197 1492 precedens,
1232 1389 1318 1483 quia
1354 1390 1402 1463 illi
1434 1391 1602 1465 laborant

427 1510 497 1585 sub
520 1509 611 1606 pice,
637 1509 693 1583 isti
719 1529 809 1584 vero
835 1511 904 1584 sub
929 1504 1055 1604 cappa,
1080 1517 1185 1583 tenete
1206 1513 1220 1582 i
1239 1513 1334 1602 pedi,
1356 1511 1460 1604 quasi
1478 1511 1598 1586 dicat:

428 1637 618 1726 expectate
644 1628 830 1703 modicum
855 1630 885 1702 si
911 1629 1020 1704 vultis
1045 1649 1270 1726 cognoscere
1295 1651 1412 1704 unum
1438 1630 1599 1724 aliquem

429 1750 668 1848 hypocritam,
700 1749 787 1843 quia
802 1743 839 1842 (¹)
874 1770 1063 1844 nunquam
1104 1769 1295 1844 possemus
1324 1750 1505 1848 attingere
1535 1771 1601 1825 vos

429 1879 558 1948 euntes
585 1877 659 1944 tam
685 1870 824 1965 festine,
851 1877 888 1944 et
913 1871 943 1943 si
969 1870 1197 1945 tardaveritis
1213 1861 1249 1962 (²)
1277 1877 1442 1946 vestrum
1459 1873 1601 1947 accele-

431 1997 553 2067 ratum
578 1991 773 2084 incessum,
792 1995 890 2084 forse
910 1992 961 2062 clt'
975 1994 1092 2081 amat,
1114 2001 1154 2067 tu
1175 1997 1290 2085 tusce,
1308 1993 1357 2063 do
1374 2013 1427 2064 me
1444 1995 1523 2088 quel
1539 1994 1600 2065 clte

430 2121 466 2186 tu
482 2114 603 2204 cliedi,
621 2112 707 2206 quia
724 2110 860 2188 scilicet
877 2129 1075 2209 cognosces
1093 2131 1211 2184 unum
1231 2111 1471 2208 hypocritam,
1484 2133 1596 2207 quem

429 2234 541 2309 debes
554 2224 590 2326 (³)
619 2233 713 2308 velle
729 2231 885 2307 libenter
901 2251 1136 2328 cognoscere,
1155 2231 1242 2326 quia
1260 2232 1354 2308 bene
1372 2233 1439 2308 leci
1457 2255 1518 2309 me
1536 2255 1601 2308 co-

429 2355 554 2452 gnosci
570 2342 606 2446 (⁸)
634 2353 671 2427 in
695 2353 812 2449 patria
838 2359 903 2426 tua
927 2371 998 2450 ego
1023 2358 1060 2427 et
1085 2352 1205 2427 socius
1231 2373 1348 2428 meus.
1380 2354 1423 2426 Et
1451 2354 1602 2430 adverte

430 2475 529 2570 quod
554 2475 622 2550 isle
646 2473 810 2568 loquitur
833 2471 1035 2547 dubitative
1052 2492 1157 2547 more
1177 2473 1389 2569 hypocritae,
1408 2493 1454 2548 ne
1475 2473 1600 2549 videa·

431 2607 493 2673 tur
519 2593 676 2669 mendax
702 2594 760 2668 vel
786 2611 913 2667 vanus.
941 2592 984 2666 Et
1009 2591 1130 2666 subdit
1158 2598 1267 2667 autor
1292 2595 1391 2687 quod
1418 2593 1601 2690 Virgilius,

430 2715 555 2790 audita
581 2733 672 2788 voce
696 2713 797 2786 istius
821 2714 1031 2810 hypocritae,
1049 2712 1240 2788 admonuit
1257 2732 1344 2787 eum
1368 2723 1409 2812 ut
1425 2703 1597 2808 expecta-

432 2840 499 2928 ret,
526 2839 562 2910 et
587 2831 771 2908 incederet
796 2851 923 2908 mum
950 2831 1063 2907 tarde.
1090 2832 1182 2907 llicit
1207 2852 1321 2928 ergo:
1353 2835 1442 2906 oudo
1458 2836 1484 2906 ’l
1512 2836 1603 2908 duca

429 2977 467 3029 se
482 2957 587 3048 colse,
605 2952 740 3030 scilicet
757 2953 803 3028 ad
824 2953 938 3028 verba
956 2953 1050 3026 illius
1068 2952 1276 3048 hypocrite,
1293 2973 1312 3025 e
1328 2955 1437 3026 disse:
1454 2961 1601 3046 aspectu,

429 3075 515 3170 quia
540 3074 608 3149 iste
632 3080 688 3148 est
714 3073 793 3148 talis
818 3074 966 3167 qualem
993 3080 1033 3146 tu
1060 3072 1161 3167 petis,
1179 3094 1198 3145 e
1207 3075 1273 3164 pot
1286 3073 1434 3165 procedi
1448 3077 1598 3147 secondo

427 3201 540 3272 uun
560 3217 682 3290 passo,
710 3194 814 3287 quasi
846 3193 964 3268 dicat:
998 3199 1142 3289 oportet
1174 3203 1210 3270 te
1241 3193 1296 3268 ire
1327 3193 1469 3268 asiatim
1504 3194 1597 3270 sicut

429 3318 518 3413 ipse,
544 3317 573 3390 si
598 3316 653 3390 vis
677 3313 778 3408 loqui
804 3333 943 3408 secum,
971 3313 1056 3408 quia
1090 3316 1150 3406 put
1183 3313 1338 3386 ambulat
1368 3334 1446 3386 cum
1474 3315 1600 3387 rouo

428 3442 563 3529 oportet
585 3437 806 3528 claudicare5
831 3439 869 3509 el
894 3435 945 3508 sic
970 3441 1025 3508 est
1049 3433 1096 3508 de
1121 3433 1227 3528 lucto,
1254 3433 1340 3526 quia
1372 3433 1427 3506 vir
1458 3434 1600 3530 sapiens

429 3555 575 3652 quando
593 3555 757 3649 loquitur
772 3574 860 3629 oum
879 3556 940 3628 tali
958 3553 1101 3650 cogitur
1116 3544 1153 3645 (⁵)
1171 3553 1226 3628 ire
1244 3553 1338 3628 sicut
1354 3555 1414 3629 ille
1432 3555 1539 3629 vadit.
1553 3595 1603 3610 -

429 3680 568 3752 nond.
588 3676 653 3751 llic
678 3682 788 3750 autor
813 3671 969 3749 ostendit
994 3675 1150 3768 qualiter
1174 3667 1228 3747 'ad
1261 3681 1486 3770 praeceptum
1521 3676 1603 3749 Vir·

429 3797 503 3894 gilii
529 3795 731 3871 firmaverit
749 3815 789 3870 se
806 3800 845 3870 et
864 3794 993 3870 viderit
1010 3794 1103 3869 duos
1120 3793 1184 3888 qui
1205 3793 1423 3869 videbantur
1441 3796 1600 3868 multum

430 3923 558 4011 optare
583 3935 664 3991 esse
689 3937 828 4009 secum,
854 3914 953 3990 unde
978 3915 1085 3989 dicit:
1107 3918 1262 3988 murcie
1284 3919 1355 3989 oidt
1369 3918 1431 3990 dut
1446 3923 1602 3990 mostrur

433 4039 490 4110 col
512 4039 599 4127 uso,
625 4035 727 4131 idest,
759 4057 846 4110 curn
878 4036 1089 4132 apparentia
1127 4035 1243 4130 faciei,
1280 4057 1376 4125 prun
1406 4041 1514 4131 [rettu
1546 4041 1604 4112 del

433 4162 553 4232 animo
578 4160 612 4230 d
625 4177 720 4230 esser
745 4177 853 4248 mano,
884 4163 925 4230 ut
954 4159 1197 4252 loquerentur
1231 4177 1390 4250 mecum,
1425 4157 1511 4250 quia
1545 4158 1602 4234 isti

431 4281 543 4356 ambo
568 4279 668 4352 ibant
692 4276 801 4350 simul
827 4276 914 4353 socii
945 4277 981 4350 in
1015 4275 1173 4372 *poena,
1205 4275 1298 4350 sicut
1333 4275 1484 4352 luerunt
1515 4278 1602 4352 socii

431 4397 497 4474 in*
512 4391 548 4492 (⁰)
575 4399 695 4492 culpa,
722 4417 835 4491 qnam
861 4397 971 4471 ambo
996 4397 1257 4472 commiserant
1282 4396 1493 4493 Florentiae3
1519 4398 1601 4473 ideo

432 4517 685 4596 desiderabant
708 4517 809 4613 loqui
834 4539 920 4592 cum
946 4524 1077 4594 autore
1095 4519 1299 4614 florentino,
1317 4519 1380 4593 sed
1400 4540 1472 4594 non
1497 4527 1602 4616 pote-

433 4647 515 4716 rant
540 4645 688 4713 mutare
712 4659 860 4734 passum
887 4637 1106 4733 impediente
1131 4659 1255 4733 cappa.
1288 4639 1373 4714 ldeo
1404 4640 1511 4714 dicit:
1544 4663 1603 4716 mu

432 4765 460 4835 il
481 4782 586 4834 carco
611 4783 630 4834 e
654 4763 691 4833 le
707 4763 765 4833 viu
780 4767 902 4833 stratio
918 4761 944 4831 li
960 4762 1125 4850 tarduou,
1147 4759 1234 4852 quia
1250 4779 1364 4855 cappa
1382 4766 1462 4834 erat
1479 4763 1603 4858 gravis

433 4903 541 4916 ...υ-Η

496 4977 523 5038 (¹)
539 4975 569 5025 ll.
585 4973 646 5040 qula
662 4987 714 5024 non
730 4987 869 5038 mnus.
995 4971 1023 5035 l’t
1040 4973 1069 5024 Ε·
1087 4975 1230 5024 ωὖῑῐθῑῑῑ·
1355 4972 1381 5033 (¹)
1398 4973 1429 5023 Β·
1447 4975 1561 5028 ΜΝ·

496 5051 523 5114 (Ι)
538 5051 563 5100 s·
580 5063 745 5114 ωεῃωωη,
997 5048 1024 5112 (¹)
1040 5051 1065 5101 S.
1081 5055 1186 5115 oporiet
1201 5049 1239 5100 ll'fl
1255 5049 1321 5100 ⁸¹01ss
1337 5048 1391 5112 ῙΡΒΘ
1407 5051 1483 5102 Mll-

496 5125 523 5192 (⁸)
539 5127 575 5178 Lo
591 5125 681 5190 parole
696 5125 738 5178 trs
752 5127 762 5178 i
777 5127 828 5182 dne
844 5125 977 5180 uterlscbl
993 5137 1040 5176 son
1056 5125 1168 5189 suppllte
1183 5125 1225 5176 dal
1240 5122 1334 5176 Codice
1350 5127 1405 5176 uu.
