4606 6840
774 939 912 996 caurus
937 941 1128 996 menstruus
1153 941 1297 995 sarnus.
1536 926 1606 994 273

438 1081 601 1156 ascendit
619 1082 713 1156 Elias
738 1102 804 1178 per
829 1083 1014 1159 turbinem
1041 1084 1078 1158 in
1103 1086 1250 1159 coelum.
1274 1084 1414 1160 ltliseus
1436 1087 1607 1176 autemll

439 1201 584 1276 videbat
608 1208 645 1276 et
669 1203 874 1278 clamabat:
901 1209 1005 1299 pater
1032 1205 1093 1298 mi,
1119 1212 1224 1301 pater
1243 1206 1304 1298 mi,
1323 1225 1457 1280 currus
1473 1205 1610 1279 Israhel

437 1327 475 1396 et
498 1321 630 1417 auriga
655 1322 753 1416 eius3
780 1329 817 1398 et
843 1343 917 1397 non
944 1323 1031 1398 vidit
1056 1345 1144 1398 eum
1169 1325 1337 1420 amplius
1355 1331 1392 1399 el
1416 1324 1519 1399 scidit
1545 1345 1609 1398 ve-

436 1439 607 1516 stimenta
632 1462 700 1536 pro
719 1441 856 1516 dolore.
883 1443 926 1515 Et
953 1444 1072 1518 levato
1097 1445 1205 1540 pallio
1231 1444 1317 1518 Elia
1341 1444 1441 1538 quod
1466 1444 1608 1520 cecide-

436 1568 494 1636 rat
511 1563 545 1636 ei
559 1553 609 1654 (²),
624 1562 802 1657 percussit
818 1583 935 1656 aquas
948 1564 1014 1656 bis,
1028 1571 1065 1640 et
1077 1565 1198 1639 divisis
1215 1566 1333 1659 aquis,
1348 1564 1509 1640 secunda
1527 1566 1607 1640 vice

437 1681 575 1756 Eliseus
607 1682 792 1756 retransiit
805 1672 843 1776 (³)
870 1684 1068 1760 Jordanem
1095 1686 1194 1758 solus
1227 1685 1322 1759 sicco
1356 1683 1460 1779 pede,
1492 1703 1603 1778 quem

435 1803 554 1896 primo
589 1803 808 1878 transiverat
841 1803 1001 1878 sociatus
1033 1825 1120 1879 cum
1155 1806 1240 1880 Elia.
1271 1805 1412 1880 Eliseus
1446 1825 1536 1900 ergo
1552 1792 1603 1896 (⁸),

434 1943 630 1999 remanens
654 1931 736 2018 post
760 1923 874 1998 Ellam
905 1944 991 1998 cum
1022 1925 1148 2019 spiritu
1175 1924 1369 2019 duplicato,
1395 1925 1510 1998 multa
1534 1922 1604 1996 mi·

434 2045 560 2118 racula
586 2043 685 2137 lecit;
711 2043 841 2119 deinde
869 2044 1030 2119 ascendit
1061 2045 1098 2118 in
1123 2045 1261 2139 bethel,
1286 2052 1323 2120 et
1355 2065 1441 2119 cum
1473 2063 1603 2118 ascen-

432 2164 537 2240 deret
561 2183 627 2258 per
652 2163 761 2256 viam,
787 2164 894 2268 pueri
918 2163 1020 2258 parvi
1037 2155 1074 2255 (ὅ)
1100 2164 1236 2260 egressi
1261 2171 1346 2238 sunt
1372 2163 1418 2238 de
1443 2163 1600 2256 civitate,

432 2289 471 2358 et
495 2281 694 2358 illudebant
718 2281 752 2356 ei
768 2271 804 2374 (ὅ)
831 2283 1013 2356 dicentes:
1039 2283 1206 2376 ascende,
1233 2285 1359 2358 calve:
1386 2283 1449 2376 qui
1476 2281 1601 2357 videns

432 2421 497 2476 eos
522 2401 708 2478 maledixit
732 2423 795 2476 eos
809 2391 846 2494 (⁷)
874 2402 909 2475 in
937 2402 1084 2479 nomine
1102 2403 1262 2498 Domini3
1280 2410 1318 2479 ct
1334 2403 1508 2477 continuo
1525 2401 1601 2475 duo

434 2521 510 2596 ursi
540 2520 678 2616 egressi
709 2520 755 2595 de
783 2521 877 2594 saltu
909 2520 1167 2596 laceraverunt
1195 2543 1242 2598 ex
1275 2523 1328 2598 eis
1358 2521 1600 2617 quadraginta

431 2640 525 2714 duos
551 2660 696 2734 pueros.
715 2641 760 2715 Et
784 2639 860 2734 ipse
892 2640 1077 2716 descendit
1095 2641 1225 2732 deinde
1250 2642 1286 2716 in
1316 2650 1480 2716 montem
1512 2640 1601 2714 Car-

433 2762 529 2853 meli,
556 2769 593 2837 et
618 2761 702 2836 inde
727 2781 899 2836 reversus
924 2767 980 2836 est
996 2761 1213 2855 Samariam,
1231 2767 1267 2836 et
1286 2762 1400 2835 multa
1422 2759 1599 2834 miracula

429 2881 536 2956 iecit:
563 2881 709 2956 tandem
736 2903 822 2956 cum
849 2881 1034 2956 exercitus
1052 2901 1209 2978 magnus
1227 2881 1324 2976 regis
1343 2881 1458 2976 Syn'ae
1480 2879 1600 2955 venis-

430 3010 486 3076 set
510 3008 547 3076 et
579 3001 778 3076 obsedisset
815 3008 979 3074 montem
1010 3001 1168 3076 Carmeli
1200 3001 1247 3074 ad
1276 2998 1493 3094 capiendum
1525 2998 1596 3071 lili·

426 3139 546 3214 seum,
580 3141 686 3196 mons
722 3119 892 3216 apparuit
923 3139 1040 3213 puero
1078 3139 1146 3194 suo
1180 3120 1311 3214 plenus
1343 3138 1527 3212 equorum
1560 3124 1600 3191 et
1673 3131 1676 3138 ·

426 3259 608 3314 curruum
634 3240 845 3336 igneorum3
871 3245 908 3314 et
933 3260 1062 3316 omnes
1078 3240 1124 3314 de
1144 3239 1309 3314 exercitu
1329 3239 1490 3333 percussi
1509 3244 1594 3312 sunt

425 3360 600 3454 caecitate,
617 3381 712 3454 quos
738 3361 877 3436 ltliseus
902 3359 1006 3434 duxit
1018 3349 1053 3452 (⁸)
1077 3359 1171 3434 intra
1193 3357 1410 3454 Samariam,
1428 3365 1465 3433 et
1481 3358 1596 3454 aperti

425 3488 511 3554 sunt
536 3480 633 3556 oculi
658 3501 802 3574 eorum,
829 3486 867 3554 et
892 3479 1063 3555 viderunt
1087 3501 1128 3554 se
1153 3499 1234 3554 esse
1259 3479 1295 3553 in
1321 3479 1442 3554 medio
1467 3479 1596 3552 Sama-

428 3601 510 3693 riae;
528 3599 590 3674 sed
611 3599 751 3674 Eliseus
776 3599 894 3673 noluit
908 3589 945 3692 (⁹)
971 3599 1069 3693 quod
1095 3599 1386 3692 olienderentur;
1413 3599 1490 3674 imo
1516 3597 1599 3671 lecit

425 3718 504 3794 dari
519 3710 572 3810 (¹⁰)
601 3719 653 3792 eis
678 3719 875 3794 comedere
899 3725 936 3794 ct
961 3718 1101 3810 bibere,
1128 3718 1192 3812 qui
1217 3718 1330 3794 libere
1357 3717 1509 3794 relaxati
1535 3736 1596 3792 re-

368 3857 371 3864 ·
425 3839 596 3914 diverunt
621 3839 657 3912 in
681 3838 849 3933 patriam.
884 3838 1025 3912 Eliseus
1055 3836 1177 3912 adbuc
1208 3838 1278 3912 alia
1319 3839 1398 3912 vice
1431 3837 1598 3912 liberavit

424 3959 630 4036 Samariam
656 3959 703 4032 ab
728 3959 914 4033 obsidione
939 3957 1137 4053 syriorum,
1168 3964 1205 4031 ct
1236 3959 1352 4032 multa
1382 3957 1453 4031 alia
1484 3957 1596 4030 mira·

425 4081 737 4174 solamenque
772 4078 1009 4173 praetermitto
1045 4098 1156 4152 causa
1175 4069 1227 4169 (Η)
1269 4077 1466 4152 brevitatis.
1504 4077 1594 4169 ime,

427 4205 553 4297 lector,
580 4223 652 4276 non
679 4201 841 4276 iecissem
870 4205 924 4274 tot
949 4199 1062 4274 verba
1082 4199 1128 4274 de
1148 4198 1223 4272 istis
1240 4198 1384 4274 duobus
1399 4195 1594 4293 prophetis,

426 4324 492 4398 nisi
518 4323 605 4418 quia
630 4322 800 4397 videntur
834 4320 971 4396 babere
1000 4318 1197 4414 aliqualem
1213 4309 1267 4410 (¹²)
1301 4317 1592 4392 conformitatem

424 4465 510 4518 cum
548 4442 624 4518 istis
652 4443 797 4518 duobus
830 4441 963 4537 poetis3
994 4461 1079 4514 nam
1110 4439 1168 4514 isti
1199 4439 1273 4513 duo
1298 4445 1415 4534 poetae
1447 4437 1593 4512 solitarii

481 4684 509 4744 (¹)
527 4683 557 4734 E.
574 4688 662 4733 aulem
679 4681 767 4732 videos
783 4680 918 4739 clamabat,
936 4680 1035 4730 dicens:
1053 4685 1127 4742 paler
1143 4679 1187 4729 mi¹
1219 4675 1246 4740 (Ἴ
1264 4677 1294 4726 E.
1310 4675 1335 4727 el
1351 4674 1507 4726 ascendenti.

483 4759 509 4820 (¹)
527 4759 551 4808 s„
569 4757 754 4808 ornatu-R
771 4757 1000 4814 transivit-llll,
1017 4753 1174 4806 mbanuirit

482 4835 510 4896 ι’)
527 4835 558 4885 E.
575 4839 671 4886 anm
836 4833 863 4894 (¹)
881 4833 912 4882 li.
930 4833 1020 4896 parati.
1216 4829 1243 4890 Γ)
1259 4829 1286 4880 S.
1303 4828 1350 4880 tltt.
1444 4828 1471 4890 (a)
1486 4827 1517 4878 lt
1533 4829 1580 4880 eia.

483 4910 512 4972 (⁸)
529 4911 559 4961 lt
575 4911 649 4962 duxit
665 4912 691 4960 in
707 4915 805 4962 terram
822 4909 972 4960 Samariam.
1216 4907 1243 4968 (⁸)
1260 4906 1290 4955 E.
1306 4919 1358 4956 non
1375 4902 1476 4956 nolebat
1493 4903 1570 4967 quod.

478 4987 516 5050 (¹⁹)
532 4987 557 5037 S.
574 4999 590 5036 a
607 4987 637 5036 E.
655 4988 717 5036 dara
732 4987 769 5036 cla
786 4986 817 5036 ad
833 4985 1021 5036 comedendum
1038 4989 1064 5034 et
1081 4983 1229 5035 bibendum.

447 5066 450 5072 “
474 5061 514 5124 (¹¹)
530 5063 561 5113 ll.
577 5063 659 5128 gralia
676 5061 815 5114 brevitatis·
830 5061 921 5128 igitur,
938 5061 1029 5114 lector.
1205 5055 1245 5120 (¹⁸)
1260 5057 1287 5108 S.
1302 5069 1318 5109 c
1335 5057 1365 5107 lt
1382 5056 1504 5122 aliqum

553 5169 582 5213 tt
1431 5167 1459 5210 le
