4580 6844
726 941 797 1010 322
1117 948 1321 1006 conusens
1344 951 1496 1010 russeus

726 1099 867 1176 minum
900 1096 1128 1195 signatorum
1165 1115 1289 1191 cruce,
1322 1096 1386 1191 qni
1422 1093 1672 1172 deficientibus
1709 1095 1894 1193 stipendiis

724 1219 960 1296 dominorum
989 1223 1028 1294 et
1056 1216 1312 1293 communium
1342 1211 1497 1292 suornm
1526 1222 1720 1311 coeperunt
1753 1217 1895 1293 violare

724 1339 887 1415 inducias
902 1331 951 1430 (¹),
977 1335 1174 1432 predando
1205 1343 1242 1413 et
1269 1336 1475 1433 jugulando
1506 1354 1714 1431 saracenos,
1739 1336 1804 1432 qui
1830 1357 1897 1413 ve-

725 1458 873 1534 niebant
897 1457 1010 1550 neon,
1026 1454 1097 1531 sub
1121 1455 1319 1532 securitate
1336 1463 1516 1553 treugae,
1536 1475 1625 1530 cum
1642 1475 1775 1532 eorum
1793 1475 1897 1532 mer-

717 1579 827 1654 cibus
851 1583 890 1652 et
914 1576 1149 1652 victualibus:
1176 1575 1341 1652 similiter
1363 1575 1465 1650 ibant
1489 1575 1528 1650 in
1551 1575 1713 1671 praedam
1730 1597 1798 1672 per
1814 1577 1895 1654 teca

725 1696 994 1774 circumvicina.
1021 1697 1174 1792 Propter
1204 1696 1304 1790 quod
1335 1695 1507 1772 soldanus
1531 1695 1695 1792 graviter
1720 1696 1895 1791 offensus,

726 1817 822 1892 misit
851 1817 989 1912 legatos
1012 1815 1060 1891 ad
1089 1835 1149 1890 res
1179 1814 1365 1910 petendas,
1394 1821 1432 1892 et
1461 1815 1664 1911 puniendos
1697 1815 1894 1893 violatores

725 1945 907 2034 trengnae,
932 1935 1027 2013 siout
1051 1942 1108 2011 est
1130 1935 1178 2010 de
1202 1935 1353 2030 antiquo
1365 1936 1453 2031 jure
1468 1935 1646 2035 gentium.
1663 1935 1736 2011 Sed
1760 1942 1894 2034 negato

720 2057 820 2152 jure,
843 2055 1015 2130 soldanus
1039 2073 1126 2130 cum
1152 2054 1316 2131 marimo
1327 2047 1364 2148 (¹)
1389 2061 1579 2150 potentatu
1597 2055 1696 2130 venit
1711 2075 1823 2152 snpra
1840 2055 1895 2130 ci-

726 2176 893 2282 vitatem3
919 2174 1017 2250 undo
1047 2173 1126 2250 eins
1156 2173 1340 2250 exercitus
1371 2175 1574 2270 occupabat
1604 2195 1671 2270 per
1700 2174 1894 2250 duodecim
1970 2269 1974 2277 Δ

727 2296 904 2371 milliaria.
939 2296 1100 2370 Etcum
1133 2293 1365 2370 multitudine
1397 2295 1563 2394 gentium
1596 2294 1750 2390 replevit
1780 2294 1895 2368 fossas

726 2416 924 2514 profundas
949 2435 996 2491 ex
1021 2436 1096 2489 una
1121 2421 1236 2510 parte,
1262 2423 1300 2492 et
1323 2421 1503 2510 ceperunt
1524 2414 1686 2510 primum
1713 2413 1892 2492 ambitum

726 2557 935 2630 murorum,
965 2541 1002 2610 ct
1032 2535 1235 2610 secundum
1264 2534 1433 2610 iecerunt
1461 2533 1594 2612 cadere
1623 2555 1710 2610 cum
1739 2533 1894 2610 euomu-

728 2656 771 2730 tis
785 2646 822 2748 (³)
855 2661 891 2731 et
924 2655 1114 2750 operibus;
1145 2661 1182 2729 et
1214 2659 1392 2749 ceperunt
1422 2674 1596 2750 magnam
1627 2653 1774 2748 turrim,
1809 2671 1893 2747 quae

728 2775 928 2852 vocabatur
953 2773 1150 2851 Maledicta.
1176 2772 1247 2848 sod
1272 2793 1358 2848 eum
1377 2779 1453 2850 toto
1470 2774 1540 2848 boc
1559 2793 1632 2848 non
1648 2778 1792 2868 poterat
1812 2769 1892 2865 oapi

727 2893 864 2990 civitas,
882 2893 968 2988 quia
993 2893 1081 2969 illud
1098 2892 1196 2988 quod
1212 2891 1393 2970 iaciebant
1409 2892 1574 2968 saraceni
1590 2891 1637 2968 de
1662 2903 1779 2985 nocte,
1796 2890 1896 2966 cbri-

726 3013 833 3090 stiani
858 3013 1069 3090 reficiebant
1092 3013 1139 3089 dc
1158 3013 1228 3108 die,
1250 3019 1288 3088 et
1308 3011 1537 3108 obstipubant
1553 3031 1686 3086 caveas
1705 3031 1792 3086 cum
1814 3028 1896 3084 sac-

727 3133 778 3210 cis
804 3134 896 3208 tanae
925 3141 963 3208 et
995 3133 1172 3209 bombiois
1185 3121 1235 3226 (⁴).
1268 3131 1312 3206 Et
1342 3132 1516 3229 magister
1545 3129 1727 3228 generatis
1757 3126 1893 3223 templi,

727 3254 791 3349 qni
816 3254 974 3330 babebat
998 3253 1212 3348 custodiam,
1231 3254 1347 3327 multa
1368 3251 1562 3348 prudentia
1579 3256 1617 3326 ct
1631 3249 1811 3347 probitate
1827 3247 1894 3324 de-

727 3372 898 3449 tondebat
931 3378 1081 3448 terram.
1115 3373 1186 3448 Sed
1218 3374 1293 3448 tato
1324 3372 1480 3448 iaciente
1511 3371 1581 3444 init
1614 3371 1829 3445 vulneratus
1858 3367 1897 3442 in

618 3511 620 3516 ’
728 3492 879 3568 bracbio
904 3511 990 3566 cum
1011 3512 1088 3565 una
1108 3491 1247 3587 sagipta
1268 3490 1438 3583 tunicata,
1455 3489 1561 3563 cuius
1578 3489 1733 3565 vulnere
1749 3487 1786 3561 in
1804 3506 1897 3582 pau·

728 3631 792 3686 cos
822 3609 899 3685 dies
930 3609 1117 3704 expiravit
1150 3608 1263 3684 Cuius
1287 3615 1409 3682 morte
1433 3607 1617 3682 christiani
1652 3606 1779 3700 territi,
1812 3604 1897 3680 iacti

728 3734 815 3805 sunt
839 3728 1030 3805 inordinati
1057 3735 1095 3804 et
1118 3727 1301 3804 discordes
1325 3728 1362 3802 in
1378 3725 1588 3802 detonsione
1604 3733 1642 3801 et
1658 3724 1823 3801 custodia
1844 3723 1898 3800 ci·

728 3851 849 3927 vitatis
873 3855 1023 3946 propter
1047 3849 1297 3925 contusionem
1326 3847 1557 3924 antedictam.
1588 3848 1643 3924 Ex
1673 3866 1748 3942 quo
1773 3865 1897 3942 coepe-

729 3977 818 4047 runt
841 3989 982 4064 omnes,
1006 3969 1069 4064 qui
1094 3975 1263 4066 poterant
1289 3968 1472 4065 reingere,
1501 3967 1549 4042 ad
1579 3986 1683 4042 mare
1709 3964 1894 4041 recedere.

729 4094 814 4168 ldeo
838 4091 1002 4169 saraceni
1027 4091 1105 4166 sine
1129 4089 1397 4166 intermissione
1420 4088 1624 4164 insistentes
1638 4077 1675 4180 (⁸)
1700 4085 1815 4181 operi,
1840 4083 1897 4158 in-

730 4218 922 4290 traverunt
957 4211 1141 4286 civitatem
1179 4231 1266 4286 cum
1304 4209 1447 4303 surore,
1485 4227 1616 4283 omues
1654 4205 1897 4296 trucidantes,

728 4331 853 4408 omnia
878 4331 1070 4426 rapientes,
1088 4336 1126 4404 et
1141 4329 1378 4404 obduxerunt
1390 4319 1428 4421 (⁶)
1447 4327 1484 4401 in
1509 4327 1724 4402 servitutem
1743 4322 1841 4398 viros
1858 4327 1897 4396 et

607 4471 608 4476 ‘
731 4451 904 4526 mulieres
919 4439 956 4542 (7)
982 4450 1156 4524 viventes.
1182 4449 1226 4522 Et
1250 4447 1345 4521 inter
1374 4445 1541 4521 homines
1566 4444 1761 4536 utriusque
1786 4459 1897 4514 serus

730 4572 918 4668 sexaginta
944 4567 1054 4643 millia
1079 4575 1117 4642 et
1142 4568 1240 4642 ultra
1262 4565 1374 4642 inisse
1391 4567 1614 4643 reseruntur.
1633 4564 1817 4636 Damnum
1836 4579 1898 4634 re·

733 4711 816 4765 rum
842 4696 880 4766 et
904 4707 1145 4784 personarum
1172 4688 1239 4762 tuit
1264 4686 1464 4760 infinitumz
1490 4691 1529 4761 et
1552 4684 1590 4758 in
1606 4674 1641 4777 (⁸)
1667 4682 1818 4758 demum
1846 4681 1898 4756 ci-

794 4909 822 4972 (¹)
837 4909 869 4959 B.
885 4907 982 4959 vidus.
1113 4905 1141 4970 (¹)
1159 4910 1213 4970 tte,
1230 4906 1342 4956 murima
1358 4908 1492 4969 notante.
1596 4902 1623 4966 (¹)
1639 4902 1670 4953 E.
1686 4900 1832 4952 curriculis.

792 4985 821 5048 θ)
836 4985 868 5035 u.
884 4983 1021 5036 muman
1113 4981 1142 5047 (¹)
1156 4982 1188 5034 B.
1204 4982 1349 5034 insistenter
1363 4981 1534 5034 iuuencum.
1596 4977 1624 5044 θ)
1640 4983 1695 5038 itt.
1712 4977 1884 5029 uddmerunt.

793 5059 821 5121 (u
837 5065 891 5122 sto,
904 5060 1021 5125 tormen
1115 5059 1142 5123 ι’)
1159 5059 1189 5111 u.
1204 5063 1231 5111 ot
1247 5059 1363 5112 demum
