4566 6844
730 961 801 1030 484
1129 975 1333 1032 COMENTUM
1356 977 1509 1032 musam

608 1117 613 1124 ’
729 1122 856 1219 viginti
886 1141 961 1197 uno
996 1122 1111 1216 mnis,
1145 1128 1184 1197 et
1216 1122 1324 1198 dicit:
1357 1145 1395 1197 se
1423 1125 1568 1214 mazio,
1597 1123 1733 1201 seilicet
1765 1124 1901 1220 divina,

729 1245 793 1316 not
802 1244 939 1316 odiam
955 1261 979 1314 α
995 1263 1033 1316 se
1044 1244 1193 1315 imanes·
1209 1249 1334 1336 tempo,
1347 1244 1452 1337 quasi
1470 1242 1576 1339 dicat,
1590 1245 1796 1320 secundum
1814 1265 1902 1320 cur·
1920 1279 1922 1284 ·
1950 1271 1952 1276 ·

730 1383 813 1436 snm
839 1368 984 1436 naturae
1006 1361 1128 1437 adhue
1154 1361 1320 1438 victurus
1349 1373 1405 1440 est
1434 1365 1605 1458 multum,
1631 1364 1700 1439 uisi
1729 1365 1829 1440 Deus
1854 1384 1901 1441 ex

729 1481 848 1578 gratia
872 1487 980 1557 uocet
1004 1501 1093 1556 eum
1118 1480 1163 1556 ad
1189 1502 1247 1575 se;
1268 1489 1307 1557 et
1332 1482 1477 1578 respicit
1493 1488 1603 1557 autor
1621 1489 1767 1579 tempus
1791 1484 1902 1560 visio-

637 1631 639 1641 ·
729 1601 785 1675 nis
810 1619 899 1696 suae,
924 1620 1009 1695 qnae
1035 1601 1103 1675 iuit
1127 1600 1164 1674 in
1189 1601 1319 1698 neue„
1337 1602 1374 1677 in
1399 1624 1475 1697 quo
1500 1603 1605 1699 fingit
1630 1603 1821 1700 Virgilium
1846 1604 1903 1679 di·

729 1741 816 1796 oere
840 1720 908 1796 ista
932 1721 979 1796 de
1002 1741 1054 1817 se,
1074 1742 1161 1796 uam
1188 1722 1335 1818 quando
1356 1723 1538 1798 scribebat
1563 1725 1634 1798 hoe
1650 1717 1686 1817 (⁴)
1714 1724 1903 1818 praeterie-

728 1847 786 1916 rat
803 1847 949 1936 tempus
965 1840 1111 1915 visionis
1128 1861 1195 1935 per
1217 1843 1354 1917 multos
1369 1835 1647 1918 annos-dmi.
1669 1844 1775 1918 Nunc
1791 1850 1901 1918 autor

726 1961 828 2055 ponit
843 1959 1017 2036 ellectum
1035 1960 1209 2035 orationis
1223 1961 1372 2058 Virgilii,
1386 1962 1472 2056 quia
1490 1961 1627 2036 scilieet
1643 1961 1764 2036 statim
1781 1962 1898 2037 liben-

727 2085 785 2154 ter
810 2087 848 2156 et
872 2085 1040 2176 prompte
1066 2080 1217 2154 luerunt
1241 2081 1373 2174 portati
1400 2080 1448 2155 ab
1476 2080 1628 2155 Anthou.
1656 2080 1758 2155 Unde
1782 2080 1900 2155 eonti-

727 2219 846 2274 uuans
870 2198 965 2275 diota
989 2197 1160 2294 dicendiS,
1185 2199 1290 2274 dicit:
1307 2192 1378 2272 cosi
1398 2203 1490 2272 disse
1498 2202 1524 2272 'l
1541 2205 1706 2290 maestro,
1727 2199 1829 2292 idest,
1847 2199 1898 2273 ita

726 2319 906 2414 persuasit
930 2318 1072 2392 Antheo
1096 2318 1166 2392 nac
1190 2319 1319 2413 pulcra
1349 2319 1527 2412 oratione,
1552 2339 1572 2390 e
1603 2321 1717 2414 puelli,
1749 2317 1896 2410 scilieet,

726 2439 891 2514 Anthens
914 2438 1044 2513 avidus
1063 2437 1252 2532 promissae
1273 2438 1392 2532 lamae,
1411 2441 1533 2512 dense
1557 2441 1588 2512 le
1609 2459 1693 2512 man
1716 2441 1755 2511 in
1775 2443 1897 2532 (teda,

727 2558 914 2653 quianon
944 2557 1149 2652 expectavit
1178 2559 1262 2653 plus
1291 2558 1426 2656 rogari,
1452 2581 1471 2632 e
1498 2580 1604 2651 prese
1634 2563 1662 2632 tl
1690 2562 1782 2632 duco
1814 2563 1896 2651 mio,

727 2677 873 2772 seilicet,
900 2677 1103 2774 Virgilium,
1129 2686 1168 2754 et
1191 2676 1296 2752 dicit:
1314 2681 1418 2770 mide,
1444 2677 1547 2771 idest,
1572 2699 1595 2753 a
1621 2678 1755 2773 quibus
1781 2677 1899 2752 mani·

726 2795 798 2872 hus
821 2795 962 2890 Anthei,
982 2799 1105 2870 arcon
1128 2789 1214 2870 send
1238 2787 1300 2888 pul
1323 2799 1463 2887 prande
1486 2804 1620 2888 stretto,
1642 2797 1789 2892 seilicet,
1810 2817 1897 2872 eum

725 2916 929 2992 luctaretur
944 2905 980 3007 (²)
1008 2935 1148 3009 secum,
1180 2922 1223 2992 ut
1249 2917 1328 3011 J'am
1361 2915 1500 2990 dietum
1535 2922 1599 2990 est.
1630 2917 1673 2989 Et
1706 2914 1764 2990 hic
1798 2921 1896 3008 nota,

726 3036 853 3129 lector,
878 3032 978 3128 quod
1002 3041 1112 3110 autor
1136 3033 1196 3109 hic
1222 3055 1356 3130 magna
1381 3042 1463 3109 arte
1492 3034 1576 3109 lacit
1601 3033 1824 3108 mentionem
1849 3033 1896 3106 de

724 3157 882 3232 Hercule
899 3155 963 3250 qui
976 3145 1012 3247 (³)
1027 3155 1095 3228 luit
1112 3154 1319 3230 contrarius
1335 3154 1489 3229 Antinoo.
1505 3153 1588 3228 Fuit
1604 3153 1702 3228 enim
1719 3152 1895 3226 Hercules

725 3277 828 3374 gigas
853 3276 983 3370 bonus,
1012 3294 1169 3372 magnus
1198 3280 1351 3368 statura,
1378 3295 1536 3371 magnus
1562 3273 1711 3369 viribus,
1737 3291 1894 3368 maguus

724 3397 873 3492 virtute,
900 3395 963 3489 qui
989 3396 1178 3489 reponitur
1203 3394 1240 3468 in
1266 3414 1423 3469 numero
1440 3394 1610 3488 deorum,
1629 3413 1702 3468 non
1727 3393 1893 3481 istorum,

725 3517 812 3611 quia
843 3536 918 3588 non
947 3514 1068 3590 solum
1095 3513 1179 3587 vicit
1207 3513 1392 3588 lintheum
1422 3513 1661 3586 fortissimum
1693 3511 1729 3583 in
1761 3509 1893 3601 Africa,

724 3635 789 3710 sed
813 3634 1010 3708 Gerionem
1034 3633 1326 3729 potentissimum
1357 3633 1393 3707 in
1422 3632 1590 3726 Hispania
1620 3637 1657 3705 et
1689 3628 1893 3703 Busiridem

725 3753 1018 3830 crudelissimum
1051 3753 1089 3826 in
1120 3753 1287 3850 AEgypto‚
1319 3753 1382 3847 qui
1412 3751 1554 3826 domuit
1578 3749 1703 3824 omnia
1728 3753 1893 3822 monstra

725 3875 889 3952 terarum
916 3882 953 3950 et
977 3872 1169 3947 hominum
1195 3872 1347 3967 ubique,
1364 3877 1400 3946 et
1425 3891 1493 3967 per
1513 3889 1642 3946 omnes
1664 3867 1801 3965 gradus
1817 3865 1894 3938 rir-

725 4001 849 4069 tutum
866 3993 1068 4068 ambulavit
1085 4011 1205 4086 usque
1231 3992 1268 4066 in
1292 3992 1422 4087 finem;
1441 3991 1522 4068 ideo
1540 3991 1672 4066 merito
1690 3994 1809 4086 poetoe
1824 3985 1894 4059 lin-

724 4119 860 4190 xemnt
889 4112 987 4207 quod
1012 4110 1241 4186 descenderit
1271 4111 1319 4185 ad
1352 4111 1537 4207 infernum
1568 4109 1613 4186 ad
1646 4103 1894 4184 conculcanda

723 4234 821 4330 vitia,
834 4239 872 4309 et
884 4232 1155 4329 supportaverit
1170 4232 1320 4325 eaelum,
1334 4232 1422 4326 quia
1436 4231 1567 4306 restitit
1582 4229 1779 4304 influentiae
1797 4225 1889 4301 coeli.

722 4355 767 4428 Et
791 4360 877 4429 nota
902 4352 1000 4447 quod
1026 4352 1109 4427 lieet
1133 4353 1213 4426 haec
1238 4357 1276 4426 et
1299 4351 1371 4426 alia
1392 4353 1509 4426 multa
1525 4349 1779 4426 adscribantur
1798 4348 1892 4421 ller-

722 4474 807 4570 culi,
832 4480 958 4549 tamen
984 4472 1089 4545 multi
1116 4472 1268 4546 luerunt
1292 4473 1480 4566 llereules,
1506 4471 1600 4545 sicut
1624 4474 1780 4544 testatur
1804 4463 1891 4537 Tul·-

722 4594 793 4668 lius
818 4592 912 4666 libro
933 4592 980 4666 de
1000 4591 1140 4666 Natura
1156 4592 1332 4686 Deorum,
1350 4598 1388 4666 et
1410 4591 1634 4686 Augustinus
1651 4587 1745 4662 llVll
1764 4585 1811 4660 do
1830 4584 1891 4659 Ci-

723 4711 835 4786 vitate
851 4711 927 4786 Dei.
945 4711 1205 4788 Difficillimum
1232 4719 1356 4787 tamen
1378 4717 1432 4786 est
1449 4711 1657 4784 discernere
1675 4708 1770 4782 inter
1790 4706 1889 4780 istos.

722 4834 768 4907 Et
792 4829 913 4907 subdit
942 4832 1128 4927 quomodo
1148 4833 1319 4930 Virgilius
1343 4838 1472 4928 eaptus
1497 4829 1544 4905 ab
1567 4830 1711 4904 Antheo
1736 4825 1893 4902 traxerit

786 5089 813 5152 (¹)
829 5087 861 5140 a
876 5088 942 5140 linc.
1129 5087 1154 5149 θ)
1171 5087 1197 5138 S.
1213 5085 1334 5139 lactaret.
1523 5084 1551 5149 (¹)
1566 5083 1591 5136 S.
1607 5081 1668 5149 qula
1684 5081 1741 5134 luit.
