4606 6840
608 976 612 982 ·
739 937 811 1002 222
1130 948 1335 1004 COMENTUM
1358 951 1509 1005 INFERNI

738 1091 802 1165 ivit
818 1091 1072 1190 Burdogalam.
1087 1094 1283 1170 Florentini
1301 1095 1499 1172 noluerunt
1515 1115 1661 1190 parere:
1679 1116 1802 1192 pugna
1827 1103 1908 1171 eret

737 1213 911 1288 continuo
936 1215 1030 1289 dura
1056 1221 1093 1289 et
1117 1215 1287 1310 crudelis,
1309 1217 1394 1310 quia
1413 1217 1631 1292 intruserant
1652 1217 1761 1290 multi
1780 1219 1907 1292 valen-

736 1345 791 1411 tes
815 1334 1008 1430 armigeri3
1035 1342 1072 1409 et
1100 1336 1328 1429 quicumque
1360 1337 1630 1433 egrediebatur,
1664 1338 1692 1412 si
1728 1344 1809 1412 erat
1838 1337 1906 1430 vir,

734 1453 997 1548 amputabatur
1027 1455 1094 1528 sibi
1124 1475 1211 1550 pes:
1241 1454 1272 1529 si
1304 1456 1449 1551 mulier,
1476 1477 1601 1552 nasus;
1628 1464 1666 1532 et
1690 1457 1908 1532 retrudeba-

735 1568 844 1666 tnr(⁴)
862 1574 898 1646 irr
916 1574 1100 1650 civitatem
1127 1597 1193 1670 per
1218 1577 1417 1670 quemdam
1444 1597 1504 1652 ser
1528 1578 1694 1652 Landnm
1713 1578 1759 1652 de
1778 1578 1906 1672 Engu-

734 1693 807 1788 bio,
824 1694 946 1767 virum
965 1695 1185 1770 sceleratum
1201 1706 1238 1772 et
1250 1696 1505 1774 inhumanum.
1525 1699 1761 1774 pistorienses
1777 1708 1904 1775 nutem

735 1820 809 1888 tam
824 1815 1057 1908 pertinaciter
1071 1817 1295 1910 restiterunt,
1309 1819 1408 1910 quod
1421 1818 1662 1894 comederunt
1674 1818 1799 1893 omnia
1817 1820 1906 1892 bor·

735 1935 847 2009 renda
873 1934 1010 2010 visibus
1023 1929 1059 2028 (²)
1088 1937 1268 2012 humanis.
1297 1938 1459 2013 Tandem
1483 1938 1735 2014 delinientibus
1755 1940 1905 2015 omnino

735 2053 962 2148 victualibus,
988 2055 1206 2132 dediderunt
1219 2048 1256 2150 (³)
1282 2078 1333 2151 se,
1350 2058 1459 2132 salvis
1484 2059 1660 2153 personis,
1677 2059 1737 2134 die
1761 2059 1906 2134 decima

733 2173 865 2268 aprilis,
891 2197 988 2250 auno
1013 2177 1157 2252 Domini
1182 2177 1356 2253 llCCCVl.
1375 2178 1572 2254 Florentini
1597 2185 1635 2254 et
1660 2180 1826 2254 lucenses
1850 2180 1905 2254 le-

732 2301 862 2368 cerunt
894 2298 1075 2391 prosterni
1106 2299 1244 2372 moenia
1273 2304 1310 2372 et
1335 2303 1493 2372 steccata
1523 2297 1689 2390 civitatis,
1715 2304 1752 2372 et
1778 2298 1904 2393 plures

733 2421 866 2510 turres,
890 2423 929 2491 et
954 2418 1070 2490 multa
1095 2417 1260 2493 fortilicia
1280 2417 1395 2511 dirni3
1414 2424 1452 2492 et
1467 2418 1669 2493 diviserunt
1687 2419 1901 2494 comitatum

732 2535 873 2608 Pistorii
898 2535 993 2610 inter
1015 2557 1072 2631 se;
1092 2537 1295 2611 dominium
1312 2557 1402 2612 vero
1419 2538 1572 2612 civitatis
1589 2540 1766 2614 remansit
1780 2529 1816 2632 (⁸)
1835 2541 1902 2614 llo-

732 2654 900 2748 rentinis3
914 2662 953 2729 et
971 2657 1033 2730 tali
1051 2658 1160 2732 modo
1172 2658 1357 2732 destructa
1367 2649 1405 2750 (⁵)
1423 2664 1461 2731 et
1478 2657 1619 2734 deiecta
1639 2658 1707 2735 init
1722 2680 1902 2755 arrogen-

732 2774 781 2850 tia
806 2774 1086 2868 pistoriensium.
1113 2779 1156 2850 Et
1181 2779 1312 2854 eodem
1339 2797 1436 2852 auno
1468 2778 1712 2854 bononienses
1741 2779 1789 2856 ad
1813 2801 1900 2854 sua-

730 2897 871 2971 sionem
891 2897 1169 2972 florentinorum
1187 2899 1283 2973 lacto
1300 2899 1462 2973 tumultu
1480 2899 1702 2993 expulerunt
1721 2900 1901 2995 principes

731 3016 842 3112 partis
867 3016 978 3113 Albae,
999 3024 1036 3093 et
1060 3019 1227 3094 lecerunt
1251 3019 1361 3116 ligam
1387 3039 1474 3092 cum
1497 3019 1696 3094 florentinis
1718 3026 1756 3094 et
1775 3021 1901 3096 lncerr·

730 3137 840 3212 sibus.
867 3138 920 3212 Ad
945 3139 1171 3234 propositum
1198 3157 1288 3236 ergo
1314 3137 1512 3231 redeundo,
1540 3137 1685 3214 Vaunes
1706 3139 1820 3233 Fauii,
1838 3140 1901 3232 qui

730 3264 812 3331 erat
839 3258 886 3333 de
909 3265 1014 3352 parte
1040 3259 1150 3356 Nigra
1174 3259 1222 3334 de
1251 3259 1418 3351 pistorio,
1444 3257 1666 3352 prenuntiat
1690 3259 1808 3354 Danti,
1836 3260 1899 3354 qui

730 3385 811 3452 erat
842 3378 888 3452 de
921 3385 1026 3473 parte
1049 3380 1139 3453 Alba
1172 3379 1219 3453 de
1256 3377 1451 3473 Florentia,
1493 3378 1744 3472 expulsionem
1780 3379 1899 3474 primo

729 3497 842 3591 partis
859 3498 979 3598 Nigrae
1004 3498 1051 3572 de
1073 3505 1232 3592 utraque
1251 3505 1362 3590 terra,
1380 3497 1511 3572 deinde
1529 3498 1778 3573 reversionem
1801 3499 1900 3574 eius-

729 3618 812 3692 dem
832 3618 943 3714 partis
960 3618 1081 3714 Nigrae
1101 3618 1148 3692 ad
1164 3617 1386 3692 Florentiam
1405 3625 1442 3692 et
1458 3618 1653 3693 Pistorium
1675 3639 1762 3694 cum
1784 3620 1916 3732 vict03

729 3738 793 3812 ria.
820 3740 925 3812 Nunc
949 3738 996 3813 ad
1021 3739 1163 3813 literam
1191 3738 1420 3813 redeundum
1449 3748 1514 3833 est,
1541 3761 1653 3833 quam
1679 3739 1732 3814 sic
1756 3739 1895 3814 ordina.

728 3859 819 3933 Dicit
836 3859 998 3933 Vaunes:
1019 3862 1102 3951 opn'
1119 3861 1170 3950 qli
1185 3861 1320 3932 oreccbi
1342 3861 1382 3931 ol
1404 3862 1474 3932 mio
1493 3863 1675 3950 nonnoso,
1692 3859 1793 3953 idest,
1813 3878 1898 3933 meo

728 3979 946 4075 pronostico‚
977 3987 1010 4052 et
1036 3983 1108 4070 odi,
1139 3979 1225 4072 quia
1254 3979 1372 4052 dicam
1404 3998 1482 4052 rem
1516 3976 1775 4072 displicituram
1808 3978 1898 4051 tibi:

729 4103 873 4192 Pistoio,
902 4101 1018 4195 patria
1050 4121 1145 4195 mea,
1174 4105 1211 4174 in
1240 4104 1323 4192 prio
1351 4102 1383 4172 si
1411 4101 1577 4190 diotopro
1607 4101 1645 4172 dt
1668 4101 1767 4190 Neri,
1792 4097 1897 4194 idest,

727 4219 846 4313 primo
876 4221 1051 4314 spoliatur
1065 4212 1102 4313 (ὃ)
1137 4203 1265 4315 Nigris,
1299 4223 1364 4312 poi
1394 4223 1542 4292 ltrenze
1565 4221 1717 4292 simeona
1746 4225 1846 4310 pene
1878 4241 1898 4292 e

728 4343 833 4414 modi.
859 4339 953 4426 Quia
978 4340 1113 4415 scilicet
1138 4339 1186 4412 ibi
1213 4339 1323 4413 ctiam
1350 4338 1543 4432 expellitur
1568 4358 1653 4432 pars
1670 4338 1792 4434 Nigra,
1812 4357 1896 4431 qnae

727 4465 852 4553 postea
878 4458 1095 4552 revertitnr3
1121 4464 1158 4532 et
1183 4457 1329 4552 expellit
1353 4458 1481 4532 Albam
1507 4457 1555 4531 de
1583 4458 1777 4551 Florentia,
1802 4457 1897 4532 sicut

728 4579 828 4652 clare
861 4577 1036 4671 scriptum
1068 4581 1123 4650 est
1152 4597 1262 4671 supra
1294 4577 1451 4672 capitulo
1481 4578 1536 4653 Vl.
1568 4577 1738 4652 Finaliter
1772 4585 1896 4672 postca

787 4771 815 4833 (¹)
831 4771 862 4822 lt.
879 4772 1081 4824 remittebantur
1096 4775 1122 4824 in
1139 4773 1269 4824 civitatem
1286 4785 1333 4835 per
1348 4771 1487 4836 quemdam
1504 4769 1613 4822 fratrem
1628 4773 1781 4824 Lendonnm
1799 4773 1831 4824 de
1841 4773 1899 4824 rtu-

726 4847 815 4986 8⁰5¹&
833 4927 879 4975 lle
894 4938 910 4975 e
926 4925 956 4975 E.
972 4925 1060 4977 uslbm
1075 4925 1203 4977 humente
1398 4923 1424 4984 (¹)
1442 4929 1487 4976 lle
1503 4938 1518 4975 e
1534 4925 1565 4976 e.
1583 4925 1760 4978 reddiderunt.

788 5001 816 5062 (¹)
833 5005 887 5063 ilc,
903 5005 1050 5066 permansit.
1396 5001 1425 5062 (⁸)
1441 5001 1473 5050 B.
1489 5001 1574 5053 delete
1589 5007 1617 5054 el
1633 5002 1764 5053 destructe
1781 5001 1839 5053 leit.

787 5075 814 5139 Γ)
830 5075 856 5127 S.
873 5075 1027 5142 expolletur.
1038 5108 1065 5117 -
1075 5081 1105 5130 lt.
1122 5077 1282 5146 spoliabitur.
