4526 6836
708 992 844 1050 caurus
869 993 1024 1048 cccmus
1048 991 1217 1048 museus.
1505 979 1549 1047 13

376 1139 506 1214 fraude
522 1145 657 1234 praeter
673 1138 931 1213 conscientiam
950 1138 1072 1214 lratris
1087 1139 1155 1213 sui.
1174 1137 1241 1213 dlii
1262 1159 1352 1213 vero
1368 1138 1549 1232 dicebant,

376 1259 476 1353 quod
488 1259 607 1333 dictus
619 1257 779 1333 Marchio
797 1257 1014 1355 incognitus,
1032 1264 1174 1333 mutato
1191 1257 1329 1353 babitu,
1346 1257 1411 1333 ivit
1427 1258 1549 1333 bono·

376 1381 488 1474 niam,
514 1386 552 1454 et
577 1378 716 1453 intrans
739 1378 893 1454 domum
916 1379 1019 1454 istius
1035 1379 1143 1454 amici
1162 1379 1231 1474 sui,
1248 1378 1493 1454 manifestavit
1509 1397 1550 1452 se

377 1510 414 1578 et
438 1521 588 1575 causam
614 1498 671 1573 sui
696 1498 886 1575 adventus.
913 1501 957 1573 Et
982 1500 1176 1574 veneticus
1201 1499 1370 1594 quamvis
1392 1505 1488 1574 esset
1503 1499 1550 1574 de

376 1609 657 1715 Caecianimicis,
675 1619 827 1695 nescivit
845 1622 1029 1716 expellere
1051 1620 1162 1694 istum
1184 1620 1401 1696 familiarem
1428 1619 1550 1694 inimi·

376 1761 475 1815 cum.
503 1739 589 1814 Vult
614 1759 705 1836 ergo
730 1739 925 1814 veneticus
950 1738 1071 1815 dicere
1096 1760 1172 1814 uno
1202 1740 1337 1815 verbo:
1372 1739 1548 1835 quidquid

327 1933 330 1938 .
376 1860 530 1954 dicatur,
556 1879 626 1956 ego
656 1859 703 1935 de
737 1859 789 1934 rei
821 1860 975 1935 veritate
1007 1860 1058 1934 lui
1087 1861 1254 1936 conscius
1288 1861 1400 1935 huius
1430 1860 1484 1935 rei
1514 1867 1579 1963 et,

377 1979 574 2077 culpabilis.
589 1984 684 2053 -Ε
705 2000 777 2052 non
796 2001 870 2073 pur
892 1983 938 2054 io.
964 1981 1070 2056 Nunc
1091 1981 1160 2056 iste
1176 1962 1372 2057 veneticus
1388 1981 1488 2056 venit
1504 1980 1550 2055 ad

377 2100 574 2195 aliqualem
588 2093 625 2192 (¹)
647 2099 921 2174 excusationem
940 2101 1014 2195 sui;
1035 2101 1122 2195 quia
1143 2103 1250 2198 culpa
1271 2109 1309 2177 et
1328 2102 1476 2176 infamia
1495 2100 1552 2174 vi·

376 2220 486 2295 detur
512 2219 645 2313 minor,
671 2219 818 2314 quando
843 2225 899 2294 est
923 2227 1099 2296 consueta
1129 2228 1166 2295 et
1195 2222 1412 2318 communis,
1439 2221 1549 2298 etiarn

378 2341 415 2414 in
439 2339 660 2416 enormibus
676 2329 712 2431 (²)
746 2339 970 2434 criminibus,
1001 2340 1138 2415 nedum
1173 2341 1210 2414 in
1241 2341 1323 2436 levi,
1355 2342 1465 2436 quale
1497 2346 1551 2415 est

379 2460 598 2536 lenocinium
613 2449 664 2552 (³),
689 2480 709 2531 e
733 2480 805 2532 non
827 2481 898 2552 pur
929 2463 966 2533 io
995 2461 1177 2552 bolopnece
1204 2464 1338 2554 pionpo
1364 2463 1435 2553 poi,
1460 2459 1552 2534 idest

380 2580 514 2676 punior
538 2579 576 2653 in
602 2578 669 2652 ista
694 2579 812 2674 prima
829 2579 953 2676 bulgia
978 2580 1026 2654 ob
1053 2581 1148 2655 istud
1165 2581 1306 2676 vitium,
1327 2583 1412 2654 anzi
1436 2588 1552 2672 questo

382 2703 495 2792 luceo,
521 2699 613 2774 idest
637 2699 705 2774 ista
731 2699 849 2795 prima
866 2700 968 2774 vallis
988 2700 1107 2775 maior
1131 2708 1168 2776 et
1193 2701 1361 2798 capacior
1385 2701 1550 2777 ceteris:

381 2818 450 2895 n’d
473 2827 568 2894 tanto
590 2823 693 2914 pleno
721 2821 782 2894 clte
813 2828 906 2894 mnu
934 2825 1049 2913 linpaae
1081 2843 1153 2895 non
1180 2800 1366 2896 corworo
1389 2843 1551 2915 opprese,

382 2940 483 3036 idest,
508 2961 607 3015 nunc
635 2951 730 3036 aptae
757 2948 795 3015 et
826 2939 1017 3037 dispositae,
1042 2962 1067 3014 o
1097 2944 1193 3015 dicer
1216 2945 1295 3034 erpo
1326 2949 1384 3015 tro
1413 2947 1553 3016 Moeno

380 3066 443 3135 c’l
478 3067 592 3155 Rem,
626 3061 729 3156 quasi
764 3060 876 3155 dicat,
911 3061 997 3156 quia
1034 3061 1158 3156 plures
1191 3068 1277 3136 sunt
1309 3062 1550 3139 bononienses
1598 3117 1600 3122 ,

377 3184 435 3258 bic
465 3183 580 3279 puniti
601 3171 638 3276 (δ)
667 3182 729 3257 tali
764 3182 861 3276 vitio,
896 3203 1008 3276 quam
1041 3203 1170 3258 omnes
1203 3183 1456 3279 bononienses,
1487 3183 1551 3278 qui

378 3324 475 3378 nunc
500 3304 629 3377 vivunt
653 3302 836 3377 Bononiae.
863 3302 908 3376 Et
931 3301 991 3376 bic
1016 3309 1114 3396 nota,
1135 3303 1234 3396 quod
1254 3303 1366 3397 aliqui
1385 3290 1565 3378 volentes*

376 3426 542 3499 colorare
567 3424 717 3518 factum,
743 3423 878 3516 dicunt,
905 3423 1004 3517 quod
1028 3423 1137 3498 debet
1162 3422 1322 3518 intelligi,
1349 3423 1447 3518 quod
1474 3445 1548 3498 non

376 3549 461 3618 sunt
477 3545 601 3639 plures
624 3543 865 3619 bononienses
891 3542 1051 3618 dicentes
1066 3543 1259 3618 actualiter
1281 3541 1377 3617 istud
1396 3545 1552 3640 vulpam

376 3669 476 3758 sipo;
502 3666 540 3739 et
572 3673 660 3740 tunc
685 3671 780 3739 esset
805 3684 945 3759 sensus,
969 3663 1068 3757 quod
1094 3669 1214 3738 essent
1238 3663 1345 3738 valde
1368 3665 1476 3759 pauci
1501 3665 1554 3740 le-

379 3808 493 3862 nones
518 3785 702 3880 Bonouiae,
727 3785 815 3880 quia
844 3785 951 3880 pauci
979 3791 1075 3879 sunt,
1102 3783 1166 3879 qui
1185 3777 1222 3877 (⁵)
1246 3785 1367 3859 dicant
1392 3805 1490 3860 nunc
1514 3785 1558 3860 in·

380 3928 455 3982 uno
479 3906 626 3981 instanti
651 3904 748 3979 istud
773 3905 996 3981 vocabulum
1012 3894 1061 3998 (⁰).
1080 3903 1151 3979 Sed
1172 3904 1238 3978 ista
1259 3925 1333 3978 non
1354 3911 1409 3980 est
1433 3905 1552 3980 inten-

381 4027 431 4102 tio
463 4025 626 4120 autoris3
660 4024 735 4100 imo
765 4024 861 4099 istud
876 4013 912 4117 (⁷)
945 4023 1175 4120 participium
1206 4045 1354 4118 oppresc
1384 4025 1468 4099 dicit
1495 4026 1552 4101 bic

380 4148 630 4243 aptitudinem,
657 4153 695 4222 et
719 4166 793 4220 non
818 4151 944 4239 aptum
960 4134 1010 4239 (⁸),
1042 4145 1091 4218 ita
1122 4145 1220 4239 quod
1250 4151 1358 4220 autor
1390 4147 1469 4220 vult
1498 4145 1554 4219 di-

380 4289 476 4366 cere,
512 4269 611 4363 quod
643 4273 698 4342 tot
727 4266 862 4362 baguae
895 4285 968 4339 non
1000 4276 1085 4342 sunt
1119 4285 1294 4360 accensae,
1328 4264 1421 4340 idest
1456 4277 1550 4362 aptae

379 4401 474 4467 natae
497 4388 544 4464 ed
568 4387 764 4463 dicendum
788 4390 875 4479 sipo.
903 4387 948 4463 llt
971 4385 1022 4460 ita
1046 4385 1211 4482 intelligit
1225 4376 1262 4478 (⁹)
1288 4385 1335 4461 de
1359 4385 1551 4480 omnibus3

379 4497 465 4604 quia
482 4521 520 4588 et
537 4509 672 4607 linguae
698 4509 878 4584 inlautum
903 4506 1120 4581 naturaliter
1137 4513 1174 4582 et
1198 4505 1442 4602 potentialiter
1468 4513 1555 4581 sunt

440 4753 514 4816 (¹11²,
531 4755 563 4805 ud
580 4755 703 4818 uuquam

439 4831 467 4895 (⁸)
485 4832 515 4882 li.
530 4831 689 4891 enormibus,
705 4835 733 4882 ut
747 4833 774 4882 lu
790 4829 910 4881 omulbur
926 4829 1085 4882 criminibus.

441 4909 470 4972 (¹)
487 4912 541 4972 111,
559 4908 724 4960 lenocinium.
741 4907 809 4958 bictt
825 4920 907 4972 ergon
923 4921 937 4956 a
952 4920 1004 4956 non
1018 4919 1079 4970 pur.

442 4984 470 5048 (⁸)
485 4985 510 5036 S·
526 4985 571 5050 qul
587 4984 739 5048 puuluutur.
1109 4981 1136 5044 (⁸)
1154 4984 1208 5040 111,
1225 4980 1271 5045 qul
1286 4979 1384 5032 uonna

442 5061 471 5124 θ)
488 5061 519 5112 R
533 5061 691 5113 vocabulum
706 5061 771 5126 alpe.
788 5059 838 5111 Sed
856 5065 904 5112 att.
1111 5057 1138 5120 (')
1153 5057 1178 5108 ΒῚ
1195 5055 1270 5108 illud.

445 5137 472 5202 (¹)
487 5139 513 5190 lt.
529 5145 625 5192 actum.
1110 5133 1139 5198 l')
1155 5138 1209 5194 111,
1226 5133 1350 5198 intellige.
