<?xml version="1.0" encoding="UTF-8"?>
<!DOCTYPE html PUBLIC "-//W3C//DTD XHTML 1.0 Transitional//EN"
    "http://www.w3.org/TR/xhtml1/DTD/xhtml1-transitional.dtd">
<html xmlns="http://www.w3.org/1999/xhtml" xml:lang="en" lang="en">
 <head>
  <title>
</title>
<meta http-equiv="Content-Type" content="text/html;charset=utf-8" />
  <meta name='ocr-system' content='tesseract 3.04.00' />
  <meta name='ocr-capabilities' content='ocr_page ocr_carea ocr_par ocr_line ocrx_word'/>
</head>
<body>
  <div class='ocr_page' id='page_1' title='image "./comentumsuperda01benvgoog_0186.png"; bbox 0 0 4534 6842; ppageno 0'>
   <div class='ocr_carea' id='block_1_1' title="bbox 748 948 1593 1017">
    <p class='ocr_par' dir='ltr' id='par_1_1' title="bbox 748 948 1593 1017">
     <span class='ocr_line' id='line_1_1' title="bbox 748 948 1593 1017; baseline -0.001 -4"><span class='ocrx_word' id='word_1_1' title='bbox 748 959 885 1016; x_wconf 76' lang='lat' dir='ltr'>CANTUS</span> <span class='ocrx_word' id='word_1_2' title='bbox 909 959 1100 1016; x_wconf 71' lang='lat' dir='ltr'><strong>vrchsmtts</strong></span> <span class='ocrx_word' id='word_1_3' title='bbox 1125 960 1284 1017; x_wconf 71' lang='lat' dir='ltr'><strong>umus.</strong></span> <span class='ocrx_word' id='word_1_4' title='bbox 1525 948 1593 1014; x_wconf 79' lang='grc'><strong>177</strong></span> 
     </span>
    </p>
   </div>
   <div class='ocr_carea' id='block_1_2' title="bbox 427 1097 1602 4078">
    <p class='ocr_par' dir='ltr' id='par_1_2' title="bbox 427 1097 1602 4078">
     <span class='ocr_line' id='line_1_2' title="bbox 430 1097 1598 1200; baseline 0.005 -26"><span class='ocrx_word' id='word_1_5' title='bbox 430 1100 607 1176; x_wconf 88' lang='lat' dir='ltr'><strong>deberent</strong></span> <span class='ocrx_word' id='word_1_6' title='bbox 623 1103 817 1179; x_wconf 89' lang='lat' dir='ltr'><strong>consulere</strong></span> <span class='ocrx_word' id='word_1_7' title='bbox 841 1103 944 1178; x_wconf 90' lang='lat' dir='ltr'><strong>dictis</strong></span> <span class='ocrx_word' id='word_1_8' title='bbox 960 1097 997 1196; x_wconf 79' lang='lat'><strong>(¹)</strong></span> <span class='ocrx_word' id='word_1_9' title='bbox 1022 1104 1166 1179; x_wconf 91' lang='lat' dir='ltr'><strong>duohus</strong></span> <span class='ocrx_word' id='word_1_10' title='bbox 1187 1103 1440 1198; x_wconf 73' lang='lat' dir='ltr'><strong>Potestatihus,</strong></span> <span class='ocrx_word' id='word_1_11' title='bbox 1458 1111 1495 1180; x_wconf 87' lang='lat' dir='ltr'><strong>et</strong></span> <span class='ocrx_word' id='word_1_12' title='bbox 1511 1124 1598 1200; x_wconf 89' lang='lat' dir='ltr'><strong>pro·</strong></span> 
     </span>
     <span class='ocr_line' id='line_1_3' title="bbox 430 1221 1598 1319; baseline 0.003 -26"><span class='ocrx_word' id='word_1_13' title='bbox 430 1221 556 1298; x_wconf 85' lang='lat' dir='ltr'><strong>videre</strong></span> <span class='ocrx_word' id='word_1_14' title='bbox 581 1223 748 1317; x_wconf 80' lang='lat' dir='ltr'><strong>expensis</strong></span> <span class='ocrx_word' id='word_1_15' title='bbox 772 1225 988 1299; x_wconf 86' lang='lat' dir='ltr'><strong>communis.</strong></span> <span class='ocrx_word' id='word_1_16' title='bbox 1015 1225 1069 1299; x_wconf 89' lang='lat' dir='ltr'><strong>De</strong></span> <span class='ocrx_word' id='word_1_17' title='bbox 1094 1245 1254 1319; x_wconf 88' lang='lat' dir='ltr'><strong>quorum</strong></span> <span class='ocrx_word' id='word_1_18' title='bbox 1274 1243 1431 1298; x_wconf 91' lang='lat' dir='ltr'><strong>numero</strong></span> <span class='ocrx_word' id='word_1_19' title='bbox 1448 1224 1598 1298; x_wconf 87' lang='lat' dir='ltr'><strong>luerunt</strong></span> 
     </span>
     <span class='ocr_line' id='line_1_4' title="bbox 430 1341 1599 1440; baseline 0.002 -26"><span class='ocrx_word' id='word_1_20' title='bbox 430 1341 578 1437; x_wconf 87' lang='lat' dir='ltr'><strong>guelphi</strong></span> <span class='ocrx_word' id='word_1_21' title='bbox 615 1348 653 1416; x_wconf 94' lang='lat' dir='ltr'><strong>et</strong></span> <span class='ocrx_word' id='word_1_22' title='bbox 685 1343 881 1438; x_wconf 86' lang='lat' dir='ltr'><strong>ghibellini,</strong></span> <span class='ocrx_word' id='word_1_23' title='bbox 911 1345 1106 1439; x_wconf 77' lang='lat' dir='ltr'>populares</span> <span class='ocrx_word' id='word_1_24' title='bbox 1140 1351 1177 1419; x_wconf 91' lang='lat' dir='ltr'><strong>et</strong></span> <span class='ocrx_word' id='word_1_25' title='bbox 1207 1352 1396 1440; x_wconf 88' lang='lat' dir='ltr'><strong>magnates</strong></span> <span class='ocrx_word' id='word_1_26' title='bbox 1429 1363 1502 1417; x_wconf 96' lang='lat' dir='ltr'><strong>non</strong></span> <span class='ocrx_word' id='word_1_27' title='bbox 1534 1363 1599 1417; x_wconf 93' lang='lat' dir='ltr'><strong>su·</strong></span> 
     </span>
     <span class='ocr_line' id='line_1_5' title="bbox 431 1455 1598 1559; baseline 0.003 -25"><span class='ocrx_word' id='word_1_28' title='bbox 431 1462 555 1556; x_wconf 89' lang='lat' dir='ltr'><strong>specti,</strong></span> <span class='ocrx_word' id='word_1_29' title='bbox 569 1462 631 1556; x_wconf 91' lang='lat' dir='ltr'><strong>qui</strong></span> <span class='ocrx_word' id='word_1_30' title='bbox 649 1470 903 1538; x_wconf 82' lang='lat' dir='ltr'><strong>remanserant</strong></span> <span class='ocrx_word' id='word_1_31' title='bbox 919 1463 956 1538; x_wconf 95' lang='lat' dir='ltr'><strong>in</strong></span> <span class='ocrx_word' id='word_1_32' title='bbox 973 1465 1119 1539; x_wconf 80' lang='lat' dir='ltr'><strong>civitate</strong></span> <span class='ocrx_word' id='word_1_33' title='bbox 1135 1469 1302 1559; x_wconf 91' lang='lat' dir='ltr'><strong>tempore</strong></span> <span class='ocrx_word' id='word_1_34' title='bbox 1326 1463 1546 1559; x_wconf 81' lang='lat' dir='ltr'>expulsionis</span> <span class='ocrx_word' id='word_1_35' title='bbox 1561 1455 1598 1555; x_wconf 85' lang='lat'><strong>(¹)</strong></span> 
     </span>
     <span class='ocr_line' id='line_1_6' title="bbox 431 1582 1595 1680; baseline 0 -24"><span class='ocrx_word' id='word_1_36' title='bbox 431 1582 687 1679; x_wconf 72' lang='lat' dir='ltr'><strong>guelphonem,</strong></span> <span class='ocrx_word' id='word_1_37' title='bbox 705 1583 851 1677; x_wconf 90' lang='lat' dir='ltr'><strong>quando</strong></span> <span class='ocrx_word' id='word_1_38' title='bbox 867 1584 1052 1680; x_wconf 90' lang='lat' dir='ltr'><strong>ghibellini</strong></span> <span class='ocrx_word' id='word_1_39' title='bbox 1075 1584 1161 1659; x_wconf 94' lang='lat' dir='ltr'><strong>dato</strong></span> <span class='ocrx_word' id='word_1_40' title='bbox 1186 1585 1355 1659; x_wconf 89' lang='lat' dir='ltr'><strong>conllictu</strong></span> <span class='ocrx_word' id='word_1_41' title='bbox 1372 1585 1418 1658; x_wconf 93' lang='lat' dir='ltr'><strong>ad</strong></span> <span class='ocrx_word' id='word_1_42' title='bbox 1435 1585 1595 1660; x_wconf 87' lang='lat' dir='ltr'><strong>Moutem</strong></span> 
     </span>
     <span class='ocr_line' id='line_1_7' title="bbox 432 1701 1598 1799; baseline 0.002 -24"><span class='ocrx_word' id='word_1_43' title='bbox 432 1701 620 1798; x_wconf 74' lang='lat' dir='ltr'><strong>Apertum,</strong></span> <span class='ocrx_word' id='word_1_44' title='bbox 651 1703 918 1779; x_wconf 81' lang='lat' dir='ltr'><strong>reintraverunt</strong></span> <span class='ocrx_word' id='word_1_45' title='bbox 949 1703 1133 1782; x_wconf 86' lang='lat' dir='ltr'><strong>civitatem</strong></span> <span class='ocrx_word' id='word_1_46' title='bbox 1166 1704 1304 1778; x_wconf 93' lang='lat' dir='ltr'><strong>viribus</strong></span> <span class='ocrx_word' id='word_1_47' title='bbox 1334 1705 1521 1799; x_wconf 86' lang='lat' dir='ltr'><strong>Maniredi,</strong></span> <span class='ocrx_word' id='word_1_48' title='bbox 1556 1709 1598 1778; x_wconf 94' lang='lat' dir='ltr'><strong>ut</strong></span> 
     </span>
     <span class='ocr_line' id='line_1_8' title="bbox 427 1822 1595 1920; baseline 0.004 -26"><span class='ocrx_word' id='word_1_49' title='bbox 427 1822 506 1917; x_wconf 86' lang='lat' dir='ltr'><strong>jam</strong></span> <span class='ocrx_word' id='word_1_50' title='bbox 531 1822 706 1917; x_wconf 90' lang='lat' dir='ltr'><strong>scriptum</strong></span> <span class='ocrx_word' id='word_1_51' title='bbox 723 1827 777 1898; x_wconf 90' lang='lat' dir='ltr'><strong>est</strong></span> <span class='ocrx_word' id='word_1_52' title='bbox 795 1843 891 1918; x_wconf 85' lang='lat' dir='ltr'><strong>saepe</strong></span> <span class='ocrx_word' id='word_1_53' title='bbox 908 1843 1019 1918; x_wconf 91' lang='lat' dir='ltr'><strong>supra</strong></span> <span class='ocrx_word' id='word_1_54' title='bbox 1036 1824 1195 1918; x_wconf 91' lang='lat' dir='ltr'><strong>capitulo</strong></span> <span class='ocrx_word' id='word_1_55' title='bbox 1212 1824 1245 1896; x_wconf 87' lang='lat' dir='ltr'>X</span> <span class='ocrx_word' id='word_1_56' title='bbox 1265 1831 1302 1899; x_wconf 92' lang='lat' dir='ltr'><strong>et</strong></span> <span class='ocrx_word' id='word_1_57' title='bbox 1319 1823 1407 1898; x_wconf 84' lang='lat' dir='ltr'><strong>lllll.</strong></span> <span class='ocrx_word' id='word_1_58' title='bbox 1426 1823 1486 1900; x_wconf 90' lang='lat' dir='ltr'><strong>Isti</strong></span> <span class='ocrx_word' id='word_1_59' title='bbox 1505 1843 1595 1920; x_wconf 88' lang='lat' dir='ltr'><strong>ergo</strong></span> 
     </span>
     <span class='ocr_line' id='line_1_9' title="bbox 434 1934 1596 2036; baseline 0.003 -24"><span class='ocrx_word' id='word_1_60' title='bbox 434 1941 580 2036; x_wconf 86' lang='lat' dir='ltr'><strong>triginta</strong></span> <span class='ocrx_word' id='word_1_61' title='bbox 609 1961 672 2017; x_wconf 87' lang='grc' dir='ltr'><strong>εει</strong></span> <span class='ocrx_word' id='word_1_62' title='bbox 708 1941 964 2017; x_wconf 88' lang='lat' dir='ltr'><strong>convenientes</strong></span> <span class='ocrx_word' id='word_1_63' title='bbox 1002 1942 1111 2016; x_wconf 89' lang='lat' dir='ltr'><strong>simul</strong></span> <span class='ocrx_word' id='word_1_64' title='bbox 1147 1943 1248 2016; x_wconf 93' lang='lat' dir='ltr'><strong>omni</strong></span> <span class='ocrx_word' id='word_1_65' title='bbox 1284 1942 1343 2018; x_wconf 89' lang='lat' dir='ltr'><strong>die</strong></span> <span class='ocrx_word' id='word_1_66' title='bbox 1380 1934 1596 2036; x_wconf 77' lang='lat' dir='ltr'><strong>leceruntt³l</strong></span> 
     </span>
     <span class='ocr_line' id='line_1_10' title="bbox 434 2060 1598 2157; baseline 0.001 -23"><span class='ocrx_word' id='word_1_67' title='bbox 434 2061 549 2135; x_wconf 90' lang='lat' dir='ltr'><strong>multa</strong></span> <span class='ocrx_word' id='word_1_68' title='bbox 574 2062 671 2136; x_wconf 92' lang='lat' dir='ltr'><strong>hona</strong></span> <span class='ocrx_word' id='word_1_69' title='bbox 696 2067 830 2136; x_wconf 87' lang='lat' dir='ltr'><strong>statuta</strong></span> <span class='ocrx_word' id='word_1_70' title='bbox 856 2067 893 2135; x_wconf 90' lang='lat' dir='ltr'><strong>et</strong></span> <span class='ocrx_word' id='word_1_71' title='bbox 917 2060 1180 2155; x_wconf 66' lang='lat' dir='ltr'><strong>ordinamenta,</strong></span> <span class='ocrx_word' id='word_1_72' title='bbox 1198 2067 1365 2137; x_wconf 75' lang='lat' dir='ltr'><strong>creantes</strong></span> <span class='ocrx_word' id='word_1_73' title='bbox 1390 2062 1598 2157; x_wconf 79' lang='lat' dir='ltr'><strong>capitaneos</strong></span> 
     </span>
     <span class='ocr_line' id='line_1_11' title="bbox 434 2180 1599 2278; baseline 0.001 -24"><span class='ocrx_word' id='word_1_74' title='bbox 434 2186 471 2254; x_wconf 90' lang='lat' dir='ltr'><strong>et</strong></span> <span class='ocrx_word' id='word_1_75' title='bbox 495 2182 663 2256; x_wconf 87' lang='lat' dir='ltr'><strong>consules</strong></span> <span class='ocrx_word' id='word_1_76' title='bbox 688 2201 775 2256; x_wconf 92' lang='lat' dir='ltr'><strong>cum</strong></span> <span class='ocrx_word' id='word_1_77' title='bbox 808 2180 1057 2255; x_wconf 90' lang='lat' dir='ltr'><strong>contalonihus</strong></span> <span class='ocrx_word' id='word_1_78' title='bbox 1082 2189 1120 2257; x_wconf 90' lang='lat' dir='ltr'><strong>et</strong></span> <span class='ocrx_word' id='word_1_79' title='bbox 1144 2182 1314 2278; x_wconf 86' lang='lat' dir='ltr'><strong>insigniis,</strong></span> <span class='ocrx_word' id='word_1_80' title='bbox 1341 2189 1382 2256; x_wconf 93' lang='lat' dir='ltr'><strong>ut</strong></span> <span class='ocrx_word' id='word_1_81' title='bbox 1407 2183 1599 2257; x_wconf 80' lang='lat' dir='ltr'><strong>obviarent</strong></span> 
     </span>
     <span class='ocr_line' id='line_1_12' title="bbox 434 2301 1599 2395; baseline 0.001 -22"><span class='ocrx_word' id='word_1_82' title='bbox 434 2301 610 2376; x_wconf 89' lang='lat' dir='ltr'><strong>violentiis</strong></span> <span class='ocrx_word' id='word_1_83' title='bbox 644 2306 682 2376; x_wconf 89' lang='lat' dir='ltr'><strong>et</strong></span> <span class='ocrx_word' id='word_1_84' title='bbox 714 2301 935 2375; x_wconf 91' lang='lat' dir='ltr'><strong>rumoribus.</strong></span> <span class='ocrx_word' id='word_1_85' title='bbox 961 2301 1113 2395; x_wconf 89' lang='lat' dir='ltr'><strong>Propter</strong></span> <span class='ocrx_word' id='word_1_86' title='bbox 1146 2301 1259 2374; x_wconf 89' lang='lat' dir='ltr'><strong>dictas</strong></span> <span class='ocrx_word' id='word_1_87' title='bbox 1285 2301 1462 2378; x_wconf 86' lang='lat' dir='ltr'><strong>novitates</strong></span> <span class='ocrx_word' id='word_1_88' title='bbox 1486 2302 1599 2376; x_wconf 85' lang='lat' dir='ltr'><strong>lactas</strong></span> 
     </span>
     <span class='ocr_line' id='line_1_13' title="bbox 433 2409 1597 2516; baseline 0.001 -22"><span class='ocrx_word' id='word_1_89' title='bbox 433 2442 499 2515; x_wconf 88' lang='lat' dir='ltr'><strong>per</strong></span> <span class='ocrx_word' id='word_1_90' title='bbox 515 2409 552 2513; x_wconf 74' lang='lat'><strong>(⁶)</strong></span> <span class='ocrx_word' id='word_1_91' title='bbox 580 2421 673 2494; x_wconf 94' lang='lat' dir='ltr'><strong>duos</strong></span> <span class='ocrx_word' id='word_1_92' title='bbox 692 2421 893 2496; x_wconf 88' lang='lat' dir='ltr'><strong>Potestates</strong></span> <span class='ocrx_word' id='word_1_93' title='bbox 910 2424 947 2494; x_wconf 91' lang='lat' dir='ltr'><strong>el</strong></span> <span class='ocrx_word' id='word_1_94' title='bbox 963 2419 1153 2515; x_wconf 81' lang='lat' dir='ltr'><strong>praedictos</strong></span> <span class='ocrx_word' id='word_1_95' title='bbox 1176 2419 1323 2516; x_wconf 87' lang='lat' dir='ltr'><strong>triginta</strong></span> <span class='ocrx_word' id='word_1_96' title='bbox 1340 2441 1403 2496; x_wconf 97' lang='grc' dir='ltr'><strong>εει</strong></span> <span class='ocrx_word' id='word_1_97' title='bbox 1420 2421 1597 2516; x_wconf 89' lang='lat' dir='ltr'><strong>homines,</strong></span> 
     </span>
     <span class='ocr_line' id='line_1_14' title="bbox 433 2539 1600 2638; baseline -0.001 -25"><span class='ocrx_word' id='word_1_98' title='bbox 433 2540 618 2638; x_wconf 87' lang='lat' dir='ltr'><strong>ghibellini</strong></span> <span class='ocrx_word' id='word_1_99' title='bbox 651 2546 841 2635; x_wconf 88' lang='lat' dir='ltr'><strong>magnates</strong></span> <span class='ocrx_word' id='word_1_100' title='bbox 872 2539 1075 2633; x_wconf 82' lang='lat' dir='ltr'><strong>Florentiae,</strong></span> <span class='ocrx_word' id='word_1_101' title='bbox 1106 2539 1199 2613; x_wconf 89' lang='lat' dir='ltr'><strong>sicut</strong></span> <span class='ocrx_word' id='word_1_102' title='bbox 1238 2539 1372 2633; x_wconf 91' lang='lat' dir='ltr'><strong>Uberti,</strong></span> <span class='ocrx_word' id='word_1_103' title='bbox 1402 2539 1600 2633; x_wconf 87' lang='lat' dir='ltr'><strong>Lamherti,</strong></span> 
     </span>
     <span class='ocr_line' id='line_1_15' title="bbox 434 2659 1600 2756; baseline 0 -22"><span class='ocrx_word' id='word_1_104' title='bbox 434 2659 599 2754; x_wconf 87' lang='lat' dir='ltr'><strong>Sitantes,</strong></span> <span class='ocrx_word' id='word_1_105' title='bbox 625 2659 826 2754; x_wconf 78' lang='lat' dir='ltr'><strong>scholares,</strong></span> <span class='ocrx_word' id='word_1_106' title='bbox 852 2659 973 2736; x_wconf 88' lang='lat' dir='ltr'><strong>etalii</strong></span> <span class='ocrx_word' id='word_1_107' title='bbox 1006 2679 1225 2756; x_wconf 86' lang='lat' dir='ltr'><strong>magnarum</strong></span> <span class='ocrx_word' id='word_1_108' title='bbox 1257 2659 1466 2755; x_wconf 91' lang='lat' dir='ltr'><strong>domorum,</strong></span> <span class='ocrx_word' id='word_1_109' title='bbox 1492 2678 1600 2756; x_wconf 88' lang='lat' dir='ltr'><strong>cepe-</strong></span> 
     </span>
     <span class='ocr_line' id='line_1_16' title="bbox 434 2779 1599 2876; baseline 0 -22"><span class='ocrx_word' id='word_1_110' title='bbox 434 2786 521 2854; x_wconf 93' lang='lat' dir='ltr'><strong>runt</strong></span> <span class='ocrx_word' id='word_1_111' title='bbox 546 2780 788 2875; x_wconf 84' lang='lat' dir='ltr'><strong>suspicionem</strong></span> <span class='ocrx_word' id='word_1_112' title='bbox 813 2779 1049 2876; x_wconf 91' lang='lat' dir='ltr'><strong>partialitatis,</strong></span> <span class='ocrx_word' id='word_1_113' title='bbox 1074 2779 1162 2873; x_wconf 90' lang='lat' dir='ltr'><strong>quia</strong></span> <span class='ocrx_word' id='word_1_114' title='bbox 1186 2780 1378 2855; x_wconf 87' lang='lat' dir='ltr'><strong>videbatur</strong></span> <span class='ocrx_word' id='word_1_115' title='bbox 1411 2781 1474 2876; x_wconf 88' lang='lat' dir='ltr'><strong>eis,</strong></span> <span class='ocrx_word' id='word_1_116' title='bbox 1501 2779 1599 2874; x_wconf 88' lang='lat' dir='ltr'><strong>quod</strong></span> 
     </span>
     <span class='ocr_line' id='line_1_17' title="bbox 433 2899 1601 2998; baseline 0.001 -24"><span class='ocrx_word' id='word_1_117' title='bbox 433 2900 595 2995; x_wconf 81' lang='lat' dir='ltr'><strong>praedicti</strong></span> <span class='ocrx_word' id='word_1_118' title='bbox 623 2901 768 2998; x_wconf 88' lang='lat' dir='ltr'><strong>triginta</strong></span> <span class='ocrx_word' id='word_1_119' title='bbox 792 2922 856 2976; x_wconf 84' lang='lat' dir='ltr'><strong>sex</strong></span> <span class='ocrx_word' id='word_1_120' title='bbox 882 2900 1049 2974; x_wconf 89' lang='lat' dir='ltr'><strong>homines</strong></span> <span class='ocrx_word' id='word_1_121' title='bbox 1073 2899 1238 2974; x_wconf 80' lang='lat' dir='ltr'><strong>faverent</strong></span> <span class='ocrx_word' id='word_1_122' title='bbox 1262 2899 1439 2997; x_wconf 90' lang='lat' dir='ltr'><strong>guelphis,</strong></span> <span class='ocrx_word' id='word_1_123' title='bbox 1457 2899 1520 2994; x_wconf 85' lang='lat' dir='ltr'><strong>qui</strong></span> <span class='ocrx_word' id='word_1_124' title='bbox 1540 2919 1601 2975; x_wconf 87' lang='lat' dir='ltr'><strong>re-</strong></span> 
     </span>
     <span class='ocr_line' id='line_1_18' title="bbox 434 3021 1598 3116; baseline -0.001 -21"><span class='ocrx_word' id='word_1_125' title='bbox 434 3029 645 3097; x_wconf 88' lang='lat' dir='ltr'><strong>manserant</strong></span> <span class='ocrx_word' id='word_1_126' title='bbox 670 3022 705 3096; x_wconf 96' lang='lat' dir='ltr'><strong>in</strong></span> <span class='ocrx_word' id='word_1_127' title='bbox 732 3022 931 3115; x_wconf 81' lang='lat' dir='ltr'><strong>Florentia3</strong></span> <span class='ocrx_word' id='word_1_128' title='bbox 957 3025 1106 3116; x_wconf 88' lang='lat' dir='ltr'><strong>propter</strong></span> <span class='ocrx_word' id='word_1_129' title='bbox 1132 3021 1231 3114; x_wconf 86' lang='lat' dir='ltr'><strong>quod</strong></span> <span class='ocrx_word' id='word_1_130' title='bbox 1248 3040 1371 3096; x_wconf 89' lang='lat' dir='ltr'><strong>comes</strong></span> <span class='ocrx_word' id='word_1_131' title='bbox 1387 3021 1505 3096; x_wconf 90' lang='lat' dir='ltr'><strong>Guido</strong></span> <span class='ocrx_word' id='word_1_132' title='bbox 1530 3041 1598 3095; x_wconf 93' lang='lat' dir='ltr'><strong>no·</strong></span> 
     </span>
     <span class='ocr_line' id='line_1_19' title="bbox 435 3139 1600 3235; baseline -0.003 -18"><span class='ocrx_word' id='word_1_133' title='bbox 435 3142 551 3217; x_wconf 88' lang='lat' dir='ltr'><strong>vellus</strong></span> <span class='ocrx_word' id='word_1_134' title='bbox 576 3141 733 3216; x_wconf 90' lang='lat' dir='ltr'><strong>vicarius</strong></span> <span class='ocrx_word' id='word_1_135' title='bbox 750 3141 900 3218; x_wconf 88' lang='lat' dir='ltr'><strong>territus</strong></span> <span class='ocrx_word' id='word_1_136' title='bbox 916 3140 962 3215; x_wconf 94' lang='lat' dir='ltr'><strong>de</strong></span> <span class='ocrx_word' id='word_1_137' title='bbox 979 3139 1117 3214; x_wconf 90' lang='lat' dir='ltr'><strong>recenti</strong></span> <span class='ocrx_word' id='word_1_138' title='bbox 1142 3139 1305 3234; x_wconf 87' lang='lat' dir='ltr'><strong>victoria,</strong></span> <span class='ocrx_word' id='word_1_139' title='bbox 1323 3161 1436 3235; x_wconf 90' lang='lat' dir='ltr'><strong>quam</strong></span> <span class='ocrx_word' id='word_1_140' title='bbox 1458 3139 1600 3214; x_wconf 86' lang='lat' dir='ltr'><strong>hahue-</strong></span> 
     </span>
     <span class='ocr_line' id='line_1_20' title="bbox 436 3259 1600 3357; baseline -0.001 -23"><span class='ocrx_word' id='word_1_141' title='bbox 436 3268 494 3335; x_wconf 92' lang='lat' dir='ltr'><strong>rat</strong></span> <span class='ocrx_word' id='word_1_142' title='bbox 519 3261 671 3336; x_wconf 89' lang='lat' dir='ltr'><strong>Carolus</strong></span> <span class='ocrx_word' id='word_1_143' title='bbox 696 3262 743 3336; x_wconf 91' lang='lat' dir='ltr'><strong>de</strong></span> <span class='ocrx_word' id='word_1_144' title='bbox 766 3261 962 3354; x_wconf 89' lang='lat' dir='ltr'><strong>llantredo,</strong></span> <span class='ocrx_word' id='word_1_145' title='bbox 987 3259 1085 3337; x_wconf 90' lang='lat' dir='ltr'><strong>misit</strong></span> <span class='ocrx_word' id='word_1_146' title='bbox 1116 3281 1183 3356; x_wconf 93' lang='lat' dir='ltr'><strong>pro</strong></span> <span class='ocrx_word' id='word_1_147' title='bbox 1207 3261 1376 3357; x_wconf 89' lang='lat' dir='ltr'><strong>gentihus</strong></span> <span class='ocrx_word' id='word_1_148' title='bbox 1401 3260 1448 3335; x_wconf 93' lang='lat' dir='ltr'><strong>ad</strong></span> <span class='ocrx_word' id='word_1_149' title='bbox 1472 3279 1600 3334; x_wconf 89' lang='lat' dir='ltr'><strong>omnes</strong></span> 
     </span>
     <span class='ocr_line' id='line_1_21' title="bbox 436 3381 1602 3477; baseline 0.001 -21"><span class='ocrx_word' id='word_1_150' title='bbox 436 3383 599 3457; x_wconf 90' lang='lat' dir='ltr'><strong>civitates</strong></span> <span class='ocrx_word' id='word_1_151' title='bbox 640 3383 788 3476; x_wconf 91' lang='lat' dir='ltr'><strong>amicas,</strong></span> <span class='ocrx_word' id='word_1_152' title='bbox 819 3381 953 3458; x_wconf 87' lang='lat' dir='ltr'><strong>scilicet</strong></span> <span class='ocrx_word' id='word_1_153' title='bbox 982 3381 1092 3476; x_wconf 87' lang='lat' dir='ltr'><strong>Pisas,</strong></span> <span class='ocrx_word' id='word_1_154' title='bbox 1122 3381 1246 3476; x_wconf 89' lang='lat' dir='ltr'><strong>Senas,</strong></span> <span class='ocrx_word' id='word_1_155' title='bbox 1277 3381 1454 3477; x_wconf 82' lang='lat' dir='ltr'><strong>Aretium,</strong></span> <span class='ocrx_word' id='word_1_156' title='bbox 1484 3383 1602 3457; x_wconf 88' lang='lat' dir='ltr'><strong>Pisto·</strong></span> 
     </span>
     <span class='ocr_line' id='line_1_22' title="bbox 436 3501 1600 3596; baseline 0.001 -20"><span class='ocrx_word' id='word_1_157' title='bbox 436 3501 546 3596; x_wconf 91' lang='lat' dir='ltr'><strong>rium,</strong></span> <span class='ocrx_word' id='word_1_158' title='bbox 571 3503 734 3595; x_wconf 89' lang='lat' dir='ltr'><strong>Pratum,</strong></span> <span class='ocrx_word' id='word_1_159' title='bbox 761 3501 961 3596; x_wconf 80' lang='lat' dir='ltr'><strong>vulterras,</strong></span> <span class='ocrx_word' id='word_1_160' title='bbox 997 3501 1082 3596; x_wconf 90' lang='lat' dir='ltr'><strong>quia</strong></span> <span class='ocrx_word' id='word_1_161' title='bbox 1109 3507 1197 3576; x_wconf 89' lang='lat' dir='ltr'><strong>tunc</strong></span> <span class='ocrx_word' id='word_1_162' title='bbox 1232 3503 1336 3596; x_wconf 90' lang='lat' dir='ltr'><strong>quasi</strong></span> <span class='ocrx_word' id='word_1_163' title='bbox 1366 3509 1439 3576; x_wconf 88' lang='lat' dir='ltr'><strong>tota</strong></span> <span class='ocrx_word' id='word_1_164' title='bbox 1471 3502 1600 3578; x_wconf 89' lang='lat' dir='ltr'><strong>Tuscia</strong></span> 
     </span>
     <span class='ocr_line' id='line_1_23' title="bbox 434 3621 1602 3721; baseline 0.001 -24"><span class='ocrx_word' id='word_1_165' title='bbox 434 3633 514 3700; x_wconf 88' lang='lat' dir='ltr'><strong>erat</strong></span> <span class='ocrx_word' id='word_1_166' title='bbox 550 3622 620 3696; x_wconf 91' lang='lat' dir='ltr'><strong>suh</strong></span> <span class='ocrx_word' id='word_1_167' title='bbox 657 3633 762 3718; x_wconf 92' lang='lat' dir='ltr'><strong>parte</strong></span> <span class='ocrx_word' id='word_1_168' title='bbox 793 3621 1000 3719; x_wconf 88' lang='lat' dir='ltr'><strong>ghibellina,</strong></span> <span class='ocrx_word' id='word_1_169' title='bbox 1039 3621 1089 3697; x_wconf 92' lang='lat' dir='ltr'><strong>ita</strong></span> <span class='ocrx_word' id='word_1_170' title='bbox 1127 3621 1226 3715; x_wconf 89' lang='lat' dir='ltr'><strong>quod</strong></span> <span class='ocrx_word' id='word_1_171' title='bbox 1265 3642 1352 3697; x_wconf 91' lang='lat' dir='ltr'><strong>cum</strong></span> <span class='ocrx_word' id='word_1_172' title='bbox 1396 3623 1602 3721; x_wconf 85' lang='lat' dir='ltr'><strong>quingentis</strong></span> 
     </span>
     <span class='ocr_line' id='line_1_24' title="bbox 435 3741 1602 3836; baseline 0.001 -19"><span class='ocrx_word' id='word_1_173' title='bbox 435 3741 620 3836; x_wconf 89' lang='lat' dir='ltr'><strong>equitibus</strong></span> <span class='ocrx_word' id='word_1_174' title='bbox 646 3741 863 3816; x_wconf 89' lang='lat' dir='ltr'><strong>theutonicis</strong></span> <span class='ocrx_word' id='word_1_175' title='bbox 889 3761 981 3835; x_wconf 90' lang='lat' dir='ltr'><strong>quos</strong></span> <span class='ocrx_word' id='word_1_176' title='bbox 1006 3741 1174 3834; x_wconf 87' lang='lat' dir='ltr'><strong>habehat,</strong></span> <span class='ocrx_word' id='word_1_177' title='bbox 1195 3743 1331 3836; x_wconf 89' lang='lat' dir='ltr'><strong>reperit</strong></span> <span class='ocrx_word' id='word_1_178' title='bbox 1352 3762 1392 3817; x_wconf 90' lang='lat' dir='ltr'><strong>se</strong></span> <span class='ocrx_word' id='word_1_179' title='bbox 1408 3742 1602 3818; x_wconf 81' lang='lat' dir='ltr'><strong>Florentiae</strong></span> 
     </span>
     <span class='ocr_line' id='line_1_25' title="bbox 434 3861 1600 3958; baseline 0.002 -22"><span class='ocrx_word' id='word_1_180' title='bbox 434 3881 520 3936; x_wconf 91' lang='lat' dir='ltr'><strong>cum</strong></span> <span class='ocrx_word' id='word_1_181' title='bbox 548 3862 647 3936; x_wconf 90' lang='lat' dir='ltr'><strong>mille</strong></span> <span class='ocrx_word' id='word_1_182' title='bbox 672 3862 878 3957; x_wconf 86' lang='lat' dir='ltr'><strong>quingentis</strong></span> <span class='ocrx_word' id='word_1_183' title='bbox 902 3861 1108 3956; x_wconf 84' lang='lat' dir='ltr'><strong>equitibus3</strong></span> <span class='ocrx_word' id='word_1_184' title='bbox 1128 3861 1257 3936; x_wconf 90' lang='lat' dir='ltr'><strong>accidit</strong></span> <span class='ocrx_word' id='word_1_185' title='bbox 1274 3870 1400 3937; x_wconf 91' lang='lat' dir='ltr'><strong>autem</strong></span> <span class='ocrx_word' id='word_1_186' title='bbox 1422 3864 1520 3958; x_wconf 90' lang='lat' dir='ltr'><strong>quod</strong></span> <span class='ocrx_word' id='word_1_187' title='bbox 1537 3885 1600 3940; x_wconf 87' lang='lat' dir='ltr'><strong>co-</strong></span> 
     </span>
     <span class='ocr_line' id='line_1_26' title="bbox 435 3980 1601 4078; baseline 0.002 -23"><span class='ocrx_word' id='word_1_188' title='bbox 435 4001 514 4055; x_wconf 89' lang='lat' dir='ltr'><strong>mes</strong></span> <span class='ocrx_word' id='word_1_189' title='bbox 538 3981 838 4078; x_wconf 89' lang='lat' dir='ltr'><strong>Guidovotebat‚</strong></span> <span class='ocrx_word' id='word_1_190' title='bbox 863 3980 961 4075; x_wconf 90' lang='lat' dir='ltr'><strong>quod</strong></span> <span class='ocrx_word' id='word_1_191' title='bbox 986 3980 1238 4074; x_wconf 89' lang='lat' dir='ltr'><strong>imponeretur</strong></span> <span class='ocrx_word' id='word_1_192' title='bbox 1263 4003 1337 4056; x_wconf 91' lang='lat' dir='ltr'><strong>una</strong></span> <span class='ocrx_word' id='word_1_193' title='bbox 1358 3982 1507 4057; x_wconf 90' lang='lat' dir='ltr'><strong>collecta</strong></span> <span class='ocrx_word' id='word_1_194' title='bbox 1533 4003 1601 4078; x_wconf 92' lang='lat' dir='ltr'><strong>pro</strong></span> 
     </span>
    </p>
   </div>
   <div class='ocr_carea' id='block_1_3' title="bbox 433 4098 1604 4795">
    <p class='ocr_par' dir='ltr' id='par_1_3' title="bbox 433 4098 1604 4795">
     <span class='ocr_line' id='line_1_27' title="bbox 435 4098 1600 4197; baseline 0 -21"><span class='ocrx_word' id='word_1_195' title='bbox 435 4100 608 4176; x_wconf 89' lang='lat' dir='ltr'><strong>solvendo</strong></span> <span class='ocrx_word' id='word_1_196' title='bbox 634 4099 848 4175; x_wconf 88' lang='lat' dir='ltr'><strong>theutonicis</strong></span> <span class='ocrx_word' id='word_1_197' title='bbox 873 4098 1071 4194; x_wconf 81' lang='lat' dir='ltr'><strong>proedictis3</strong></span> <span class='ocrx_word' id='word_1_198' title='bbox 1090 4105 1128 4173; x_wconf 91' lang='lat' dir='ltr'><strong>ct</strong></span> <span class='ocrx_word' id='word_1_199' title='bbox 1151 4099 1234 4173; x_wconf 93' lang='lat' dir='ltr'><strong>dicti</strong></span> <span class='ocrx_word' id='word_1_200' title='bbox 1254 4099 1397 4197; x_wconf 89' lang='lat' dir='ltr'><strong>triginta</strong></span> <span class='ocrx_word' id='word_1_201' title='bbox 1416 4121 1478 4175; x_wconf 89' lang='grc' dir='ltr'><strong>εει</strong></span> <span class='ocrx_word' id='word_1_202' title='bbox 1498 4122 1600 4196; x_wconf 71' lang='grc' dir='ltr'>(μεε-</span> 
     </span>
     <span class='ocr_line' id='line_1_28' title="bbox 435 4213 1600 4315; baseline 0.002 -22"><span class='ocrx_word' id='word_1_203' title='bbox 435 4219 566 4295; x_wconf 90' lang='lat' dir='ltr'><strong>rebant</strong></span> <span class='ocrx_word' id='word_1_204' title='bbox 590 4239 656 4315; x_wconf 91' lang='lat' dir='ltr'><strong>per</strong></span> <span class='ocrx_word' id='word_1_205' title='bbox 680 4219 793 4294; x_wconf 91' lang='lat' dir='ltr'><strong>alium</strong></span> <span class='ocrx_word' id='word_1_206' title='bbox 820 4219 971 4293; x_wconf 93' lang='lat' dir='ltr'><strong>modum</strong></span> <span class='ocrx_word' id='word_1_207' title='bbox 997 4217 1161 4293; x_wconf 89' lang='lat' dir='ltr'><strong>invenire</strong></span> <span class='ocrx_word' id='word_1_208' title='bbox 1186 4220 1377 4314; x_wconf 88' lang='lat' dir='ltr'><strong>pecuniam</strong></span> <span class='ocrx_word' id='word_1_209' title='bbox 1410 4213 1496 4295; x_wconf 91' lang='lat' dir='ltr'><strong>cum</strong></span> <span class='ocrx_word' id='word_1_210' title='bbox 1531 4221 1600 4295; x_wconf 93' lang='lat' dir='ltr'><strong>mi-</strong></span> 
     </span>
     <span class='ocr_line' id='line_1_29' title="bbox 434 4337 1602 4436; baseline 0.001 -23"><span class='ocrx_word' id='word_1_211' title='bbox 434 4339 513 4414; x_wconf 94' lang='lat' dir='ltr'><strong>nori</strong></span> <span class='ocrx_word' id='word_1_212' title='bbox 551 4339 766 4436; x_wconf 85' lang='lat' dir='ltr'><strong>gravamine</strong></span> <span class='ocrx_word' id='word_1_213' title='bbox 802 4338 935 4434; x_wconf 91' lang='lat' dir='ltr'><strong>populi.</strong></span> <span class='ocrx_word' id='word_1_214' title='bbox 971 4337 1013 4410; x_wconf 88' lang='lat' dir='ltr'><strong>Et</strong></span> <span class='ocrx_word' id='word_1_215' title='bbox 1052 4357 1137 4412; x_wconf 89' lang='lat' dir='ltr'><strong>cum</strong></span> <span class='ocrx_word' id='word_1_216' title='bbox 1178 4338 1397 4416; x_wconf 90' lang='lat' dir='ltr'><strong>distulissent</strong></span> <span class='ocrx_word' id='word_1_217' title='bbox 1437 4341 1602 4434; x_wconf 88' lang='lat' dir='ltr'><strong>pluribus</strong></span> 
     </span>
     <span class='ocr_line' id='line_1_30' title="bbox 433 4457 1603 4558; baseline 0.001 -25"><span class='ocrx_word' id='word_1_218' title='bbox 433 4458 562 4535; x_wconf 85' lang='lat' dir='ltr'><strong>diebus</strong></span> <span class='ocrx_word' id='word_1_219' title='bbox 586 4480 698 4553; x_wconf 86' lang='lat' dir='ltr'><strong>quam</strong></span> <span class='ocrx_word' id='word_1_220' title='bbox 722 4459 910 4534; x_wconf 87' lang='lat' dir='ltr'><strong>videretur</strong></span> <span class='ocrx_word' id='word_1_221' title='bbox 926 4457 992 4553; x_wconf 93' lang='lat' dir='ltr'><strong>ipsi</strong></span> <span class='ocrx_word' id='word_1_222' title='bbox 1010 4457 1133 4533; x_wconf 90' lang='lat' dir='ltr'><strong>comiti</strong></span> <span class='ocrx_word' id='word_1_223' title='bbox 1152 4463 1189 4533; x_wconf 90' lang='lat' dir='ltr'><strong>et</strong></span> <span class='ocrx_word' id='word_1_224' title='bbox 1206 4460 1438 4555; x_wconf 86' lang='lat' dir='ltr'><strong>magnatibus</strong></span> <span class='ocrx_word' id='word_1_225' title='bbox 1463 4460 1603 4558; x_wconf 86' lang='lat' dir='ltr'><strong>ghibel-</strong></span> 
     </span>
     <span class='ocr_line' id='line_1_31' title="bbox 435 4579 1603 4674; baseline 0.004 -22"><span class='ocrx_word' id='word_1_226' title='bbox 435 4579 526 4673; x_wconf 89' lang='lat' dir='ltr'><strong>linis,</strong></span> <span class='ocrx_word' id='word_1_227' title='bbox 551 4579 599 4653; x_wconf 96' lang='lat' dir='ltr'><strong>illi</strong></span> <span class='ocrx_word' id='word_1_228' title='bbox 625 4579 848 4674; x_wconf 88' lang='lat' dir='ltr'><strong>suspicantes</strong></span> <span class='ocrx_word' id='word_1_229' title='bbox 872 4584 1020 4672; x_wconf 89' lang='lat' dir='ltr'><strong>propter</strong></span> <span class='ocrx_word' id='word_1_230' title='bbox 1047 4598 1186 4652; x_wconf 87' lang='lat' dir='ltr'><strong>novum</strong></span> <span class='ocrx_word' id='word_1_231' title='bbox 1212 4579 1378 4654; x_wconf 91' lang='lat' dir='ltr'><strong>ordinem</strong></span> <span class='ocrx_word' id='word_1_232' title='bbox 1408 4580 1534 4658; x_wconf 90' lang='lat' dir='ltr'><strong>datum</strong></span> <span class='ocrx_word' id='word_1_233' title='bbox 1565 4581 1603 4657; x_wconf 92' lang='lat' dir='ltr'><strong>in</strong></span> 
     </span>
     <span class='ocr_line' id='line_1_32' title="bbox 435 4697 1604 4795; baseline 0.003 -22"><span class='ocrx_word' id='word_1_234' title='bbox 435 4701 581 4795; x_wconf 93' lang='lat' dir='ltr'><strong>populo,</strong></span> <span class='ocrx_word' id='word_1_235' title='bbox 593 4700 839 4775; x_wconf 85' lang='lat' dir='ltr'><strong>decreverunt</strong></span> <span class='ocrx_word' id='word_1_236' title='bbox 851 4698 1080 4772; x_wconf 87' lang='lat' dir='ltr'><strong>tumultuare</strong></span> <span class='ocrx_word' id='word_1_237' title='bbox 1096 4705 1133 4773; x_wconf 93' lang='lat' dir='ltr'><strong>et</strong></span> <span class='ocrx_word' id='word_1_238' title='bbox 1149 4697 1341 4775; x_wconf 82' lang='lat' dir='ltr'><strong>destruere</strong></span> <span class='ocrx_word' id='word_1_239' title='bbox 1357 4701 1518 4776; x_wconf 88' lang='lat' dir='ltr'><strong>officium</strong></span> <span class='ocrx_word' id='word_1_240' title='bbox 1538 4703 1604 4776; x_wconf 91' lang='lat' dir='ltr'><strong>tri·</strong></span> 
     </span>
    </p>
   </div>
   <div class='ocr_carea' id='block_1_4' title="bbox 497 5001 1490 5146">
    <p class='ocr_par' dir='ltr' id='par_1_4' title="bbox 497 5001 1490 5146">
     <span class='ocr_line' id='line_1_33' title="bbox 498 5001 1490 5070; baseline 0.002 -16"><span class='ocrx_word' id='word_1_241' title='bbox 498 5003 526 5065; x_wconf 67' lang='grc' dir='ltr'><strong>ζ’)</strong></span> <span class='ocrx_word' id='word_1_242' title='bbox 542 5001 572 5054; x_wconf 80' lang='lat' dir='ltr'><strong>E.</strong></span> <span class='ocrx_word' id='word_1_243' title='bbox 589 5004 725 5067; x_wconf 70' lang='lat' dir='ltr'><strong>prndlctts.</strong></span> <span class='ocrx_word' id='word_1_244' title='bbox 1106 5003 1135 5069; x_wconf 82' lang='lat'><strong>(¹)</strong></span> <span class='ocrx_word' id='word_1_245' title='bbox 1151 5005 1183 5056; x_wconf 84' lang='lat' dir='ltr'><strong>B.</strong></span> <span class='ocrx_word' id='word_1_246' title='bbox 1198 5004 1363 5070; x_wconf 75' lang='lat' dir='ltr'><strong>expulsionis,</strong></span> <span class='ocrx_word' id='word_1_247' title='bbox 1378 5004 1490 5070; x_wconf 72' lang='lat' dir='ltr'><strong>qundo</strong></span> 
     </span>
     <span class='ocr_line' id='line_1_34' title="bbox 497 5077 1354 5146; baseline 0 -14"><span class='ocrx_word' id='word_1_248' title='bbox 497 5078 525 5142; x_wconf 66' lang='grc' dir='ltr'>θ</span> <span class='ocrx_word' id='word_1_249' title='bbox 541 5077 571 5132; x_wconf 70' lang='grc' dir='ltr'>Ε</span> <span class='ocrx_word' id='word_1_250' title='bbox 587 5080 707 5134; x_wconf 75' lang='lat' dir='ltr'><strong>lecerunt</strong></span> <span class='ocrx_word' id='word_1_251' title='bbox 723 5083 797 5136; x_wconf 77' lang='lat' dir='ltr'><strong>hona.</strong></span> <span class='ocrx_word' id='word_1_252' title='bbox 1108 5080 1136 5145; x_wconf 83' lang='lat'><strong>(⁸)</strong></span> <span class='ocrx_word' id='word_1_253' title='bbox 1152 5082 1182 5133; x_wconf 80' lang='lat' dir='ltr'><strong>ll.</strong></span> <span class='ocrx_word' id='word_1_254' title='bbox 1201 5093 1249 5146; x_wconf 78' lang='lat' dir='ltr'><strong>per</strong></span> <span class='ocrx_word' id='word_1_255' title='bbox 1264 5081 1354 5134; x_wconf 69' lang='lat' dir='ltr'><strong>detes.</strong></span> 
     </span>
    </p>
   </div>
   <div class='ocr_carea' id='block_1_5' title="bbox 566 5188 1469 5235">
    <p class='ocr_par' dir='ltr' id='par_1_5' title="bbox 566 5188 1469 5235">
     <span class='ocr_line' id='line_1_35' title="bbox 566 5188 1469 5235; baseline -0.003 0"><span class='ocrx_word' id='word_1_256' title='bbox 566 5189 596 5235; x_wconf 81' lang='lat' dir='ltr'><strong>Il.</strong></span> <span class='ocrx_word' id='word_1_257' title='bbox 1442 5188 1469 5233; x_wconf 80' lang='grc' dir='ltr'><strong>ΙΙ</strong></span> 
     </span>
    </p>
   </div>
   <div class='ocr_carea' id='block_1_6' title="bbox 0 0 2280 6836">
    <p class='ocr_par' dir='ltr' id='par_1_6' title="bbox 0 0 2280 6836">
     <span class='ocr_line' id='line_1_36' title="bbox 0 0 2280 6836; baseline 0 0"><span class='ocrx_word' id='word_1_258' title='bbox 0 0 2280 6836; x_wconf 95' lang='lat' dir='ltr'><strong> </strong></span> 
     </span>
    </p>
   </div>
  </div>
 </body>
</html>
