4550 6844
668 966 740 1032 itin
1063 973 1268 1032 commanis
1292 976 1444 1030 menard

666 1123 737 1198 dno
752 1123 855 1196 seder
867 1123 1062 1215 mppioda
1073 1116 1124 1213 sd,
1138 1121 1241 1216 idest,
1253 1121 1483 1198 nnnoersntes
1499 1143 1597 1197 nnns
1612 1122 1732 1217 alteri,
1745 1143 1843 1198 eone

667 1243 806 1334 teppiio
821 1263 859 1314 se
872 1243 1007 1334 poppio
1024 1262 1048 1313 a
1065 1242 1203 1333 opsita
1227 1262 1253 1315 a
1277 1243 1437 1333 sonidor,
1454 1241 1549 1318 sient
1574 1241 1722 1337 qnando
1746 1243 1843 1318 finnt

666 1361 822 1456 adipata,
841 1361 918 1436 sive
943 1360 1157 1455 herbulata3
1175 1361 1226 1437 ita
1241 1361 1462 1437 dichimistae
1481 1361 1643 1456 quotidie
1668 1363 1844 1440 oaieiinnt

666 1481 714 1557 ad
739 1481 875 1577 ignem,
901 1488 938 1556 et
963 1481 1095 1577 saepius
1119 1481 1253 1556 sudant
1277 1481 1400 1558 miore
1416 1481 1580 1557 interiori
1601 1500 1715 1578 qnam
1741 1489 1845 1560 exte-

668 1601 768 1697 riori,
786 1600 935 1695 quando
954 1621 1016 1676 ars
1042 1622 1114 1676 non
1131 1595 1168 1694 (¹)
1194 1601 1390 1697 respondet
1414 1601 1467 1676 eis
1491 1601 1538 1677 ad
1555 1607 1696 1697 votnm,
1721 1624 1843 1678 mona-

667 1723 730 1796 toti
753 1723 792 1796 di
814 1723 990 1813 somnnze,
1011 1721 1113 1815 idest,
1140 1721 1293 1796 maculis
1319 1722 1427 1796 maioe
1447 1721 1593 1817 scabiei,
1610 1725 1674 1796 dol
1696 1743 1787 1816 mpo
1803 1729 1845 1798 ni

662 1843 735 1934 pei,
753 1839 855 1934 idest,
874 1861 940 1935 per
961 1845 1080 1915 totum
1105 1861 1249 1936 corpus.
1268 1840 1313 1914 Et
1329 1841 1488 1937 explicat
1504 1841 1682 1922 furiosam
1703 1844 1843 1939 scalpe-

666 1961 790 2036 dinem
815 1959 970 2036 istornm
1001 1981 1067 2058 per
1098 1981 1211 2036 unam
1242 1961 1555 2057 comparationem
1589 1963 1840 2058 domesticam,

668 2081 814 2156 dicens:
840 2103 860 2154 e
883 2101 956 2154 non
973 2083 1044 2155 eidi
1061 2084 1196 2172 piamon·
1211 2103 1355 2154 menore
1370 2085 1550 2174 aaronita
1565 2075 1610 2175 si,
1627 2083 1732 2179 idest,
1747 2097 1839 2158 'oum
1964 2177 1966 2182 ι

667 2207 768 2276 tanta
800 2200 1016 2294 festinantia,
1052 2203 1116 2274 dni
1150 2222 1313 2294 ropozzo
1347 2209 1516 2295 mpettoto
1552 2205 1617 2278 dai
1651 2207 1840 2296 εἰρωνεος

666 2326 755 2396 tuno
771 2321 869 2396 enirn
888 2319 1110 2397 stabularius
1128 2321 1270 2397 festinat
1284 2323 1445 2396 muitum
1457 2321 1639 2418 strigilare
1647 2313 1685 2415 (¹)
1699 2343 1839 2418 equom

666 2439 813 2534 quando
839 2446 1054 2536 expectatur
1082 2460 1105 2514 a
1136 2440 1284 2516 domino
1309 2461 1389 2535 suo,
1422 2442 1487 2536 qui
1512 2442 1591 2516 ruit
1615 2443 1792 2538 equitare,
1817 2464 1841 2515 o

665 2563 715 2634 do
728 2562 819 2634 notui
829 2562 889 2632 ode
906 2563 981 2634 mni
994 2563 1160 2634 animatior
1172 2563 1333 2652 neppdia,
1343 2560 1447 2655 idest,
1458 2561 1550 2638 reia
1567 2561 1707 2637 omnio
1723 2561 1839 2659 pigro,

666 2680 732 2774 qui
766 2682 845 2754 vuit
878 2679 950 2755 cito
981 2679 1036 2755 ire
1068 2679 1282 2774 dormitum,
1314 2685 1352 2755 et
1384 2679 1465 2756 ideo
1500 2681 1713 2756 testinantes
1744 2680 1842 2756 ducit

665 2800 833 2896 strigilim
852 2791 902 2896 (Β),
920 2821 1017 2874 come
1036 2803 1178 2874 oiosomt
1195 2821 1345 2873 morano
1361 2821 1480 2892 sperno
1497 2804 1665 2875 admorso
1681 2803 1725 2875 de
1748 2805 1771 2875 1²
1777 2821 1844 2875 rar-

665 2924 743 3014 pdr'e
766 2943 878 3014 sopra
902 2916 954 3013 sd,
981 2921 1174 3016 scalpendo
1200 2941 1240 2996 se
1272 2919 1409 2996 inriose
1434 2927 1472 2996 et
1495 2921 1601 3016 quasi
1628 2921 1841 3014 mordendo,

663 3063 730 3135 per
754 3045 792 3116 in
815 3063 911 3133 pron
935 3041 1062 3115 roobia
1088 3044 1147 3115 del
1168 3043 1360 3136 pizzicore,
1386 3041 1490 3135 idest,
1515 3041 1680 3136 pruritus
1704 3042 1840 3138 magni,

664 3167 725 3238 cite
749 3183 821 3236 non
845 3157 1177 3255 nominassem,
1201 3161 1349 3256 scilieet,
1374 3181 1488 3256 quarn
1515 3161 1632 3238 solam
1663 3161 1841 3257 sonipedi-

665 3303 752 3358 nem
780 3282 974 3380 unguium,
996 3281 1083 3376 qnia
1104 3302 1296 3377 nunqnam
1314 3287 1596 3375 consequuntur
1610 3269 1647 3374 (⁸)
1665 3281 1839 3374 fructum,

666 3405 733 3478 nisi
760 3403 860 3499 quod
884 3403 1021 3477 habent
1044 3400 1323 3478 delectationem
1347 3399 1387 3492 jn
1407 3399 1630 3495 operatione,
1647 3400 1743 3474 sient
1761 3419 1842 3476 soa·

666 3523 792 3598 bionna
816 3523 852 3596 in
877 3521 1089 3616 scalpsione.
1119 3521 1165 3595 lit
1194 3521 1253 3595 hic
1284 3526 1373 3595 nota
1402 3526 1585 3614 qnantum
1614 3521 1840 3615 eomparatio

666 3643 747 3737 ista,
773 3662 857 3737 qum
882 3640 1027 3716 ridetur
1052 3661 1192 3737 grossa,
1217 3647 1272 3716 est
1296 3639 1530 3714 subtilissima
1549 3631 1598 3731 (Β).
1629 3638 1722 3714 Nam
1746 3639 1841 3716 siout

667 3763 832 3860 ragatins
864 3761 902 3836 in
932 3761 1010 3836 dies
1040 3767 1096 3836 est
1130 3760 1329 3857 pauperior
1358 3766 1397 3836 et
1428 3760 1610 3855 iniamior,
1640 3760 1690 3834 ita
1720 3760 1842 3836 nicoi-

666 3883 790 3975 mista;
816 3887 854 3957 et
885 3881 980 3957 sient
1012 3881 1174 3978 sagatius
1205 3883 1286 3956 vuit
1310 3899 1475 3978 purgare
1505 3881 1642 3956 animai
1675 3881 1842 3975 brutum,

666 4019 752 4080 nam
767 3993 805 4097 (⁶)
833 4003 987 4100 strigiiat
1011 4023 1151 4098 equum
1170 4009 1213 4076 ut
1236 4002 1400 4078 exentiat
1418 4002 1467 4076 ah
1486 4021 1533 4076 eo
1549 4001 1841 4097 superfluitatem

664 4123 940 4217 accidentalem,
964 4143 1077 4216 qnam
1102 4121 1296 4217 acquisivit
1319 4122 1359 4195 in
1382 4121 1628 4216 sterquilinio;
1646 4121 1696 4196 ita
1721 4117 1842 4196 dioni-

665 4245 772 4320 mista
797 4243 877 4318 vuit
901 4261 1065 4338 purgare
1088 4241 1279 4316 metalium
1306 4239 1554 4335 immundum,
1587 4239 1687 4316 unde
1719 4241 1841 4335 pium-

664 4365 754 4441 bnm
782 4370 838 4440 est
864 4368 1061 4460 argentum
1095 4362 1295 4456 leprosum,
1325 4366 1369 4434 nt
1398 4361 1484 4436 dicit
1514 4359 1758 4458 philosophus
1785 4359 1839 4433 Ad

664 4485 764 4579 qnod
788 4490 844 4558 est
867 4483 927 4557 hio
948 4481 1149 4575 sciendum,
1175 4482 1273 4576 qnod
1301 4481 1447 4556 metaila
1473 4488 1563 4556 sunt
1585 4467 1837 4570 differentiat'i

728 4713 756 4776 (¹)
772 4712 803 4764 Ii.
819 4725 872 4762 non
889 4711 1004 4764 mersen
1019 4712 1050 4762 ad
1066 4716 1167 4762 votnm.

726 4789 757 4852 (¹)
772 4790 803 4842 Ii.
818 4789 943 4854 empne
956 4801 1056 4854 quum
1071 4789 1174 4853 qnando
1188 4795 1321 4854 spectator
1337 4805 1351 4842 a
1368 4791 1483 4842 domino.

726 4867 755 4930 (⁸)
770 4867 801 4918 Β.
816 4866 965 4930 inunum.
975 4891 1004 4904 ·-
1014 4869 1070 4927 tte,
1086 4866 1222 4931 strigilem.
1347 4867 1375 4930 e)
1389 4867 1416 4918 S.
1431 4867 1610 4931 mitur.

724 4943 755 5006 (¹)
770 4943 802 4994 E.
817 4943 972 5004 subditum
987 4955 1050 4993 mm
1065 4943 1133 4994 sient
1148 4943 1263 5008 raptim
1278 4947 1350 4996 omni
1366 4946 1409 4996 die
1425 4949 1473 4996 est.

726 5021 753 5084 Γ)
770 5021 801 5075 B.
816 5034 878 5072 nam
900 5021 1002 5085 origin
1025 5033 1123 5085 quum
1143 5028 1174 5073 ut
1191 5023 1307 5074 exentiat
1327 5023 1360 5074 ab
1382 5035 1416 5074 eo
1431 5020 1597 5086 mperiieiem
1613 5015 1743 5069 semion
1760 5027 1840 5079 qnam

665 5098 778 5164 anquirit
794 5097 822 5148 in
837 5097 1010 5162 smmiiirria
1352 5099 1380 5161 (²)
1396 5097 1427 5148 n.
1443 5095 1625 5148 ormino.
