<?xml version="1.0" encoding="UTF-8"?>
<!DOCTYPE html PUBLIC "-//W3C//DTD XHTML 1.0 Transitional//EN"
    "http://www.w3.org/TR/xhtml1/DTD/xhtml1-transitional.dtd">
<html xmlns="http://www.w3.org/1999/xhtml" xml:lang="en" lang="en">
 <head>
  <title>
</title>
<meta http-equiv="Content-Type" content="text/html;charset=utf-8" />
  <meta name='ocr-system' content='tesseract 3.04.00' />
  <meta name='ocr-capabilities' content='ocr_page ocr_carea ocr_par ocr_line ocrx_word'/>
</head>
<body>
  <div class='ocr_page' id='page_1' title='image "./comentumsuperda01benvgoog_0019.png"; bbox 0 0 4526 6836; ppageno 0'>
   <div class='ocr_carea' id='block_1_1' title="bbox 720 969 1495 1032">
    <p class='ocr_par' dir='ltr' id='par_1_1' title="bbox 720 969 1495 1032">
     <span class='ocr_line' id='line_1_1' title="bbox 720 969 1495 1032; baseline -0.01 0"><span class='ocrx_word' id='word_1_1' title='bbox 720 969 764 1032; x_wconf 88' lang='lat'><strong>10</strong></span> <span class='ocrx_word' id='word_1_2' title='bbox 1115 973 1318 1030; x_wconf 66' lang='lat' dir='ltr'><strong>cunarum</strong></span> <span class='ocrx_word' id='word_1_3' title='bbox 1342 971 1495 1026; x_wconf 77' lang='lat' dir='ltr'><strong>inunum</strong></span> 
     </span>
    </p>
   </div>
   <div class='ocr_carea' id='block_1_2' title="bbox 716 1114 1893 4701">
    <p class='ocr_par' dir='ltr' id='par_1_2' title="bbox 716 1114 1893 4701">
     <span class='ocr_line' id='line_1_2' title="bbox 717 1114 1886 1211; baseline -0.009 -17"><span class='ocrx_word' id='word_1_4' title='bbox 717 1123 771 1194; x_wconf 81' lang='lat' dir='ltr'><strong>ott</strong></span> <span class='ocrx_word' id='word_1_5' title='bbox 801 1122 892 1211; x_wconf 79' lang='lat' dir='ltr'><strong>mici,</strong></span> <span class='ocrx_word' id='word_1_6' title='bbox 917 1119 1052 1194; x_wconf 87' lang='lat' dir='ltr'><strong>scilicet</strong></span> <span class='ocrx_word' id='word_1_7' title='bbox 1082 1117 1353 1211; x_wconf 80' lang='lat' dir='ltr'><strong>intellectuales,</strong></span> <span class='ocrx_word' id='word_1_8' title='bbox 1375 1119 1509 1211; x_wconf 72' lang='lat' dir='ltr'><strong>[tauron</strong></span> <span class='ocrx_word' id='word_1_9' title='bbox 1536 1116 1705 1187; x_wconf 68' lang='lat' dir='ltr'><strong>sconaoti</strong></span> <span class='ocrx_word' id='word_1_10' title='bbox 1734 1114 1773 1186; x_wconf 83' lang='lat' dir='ltr'><strong>tn</strong></span> <span class='ocrx_word' id='word_1_11' title='bbox 1803 1131 1886 1204; x_wconf 76' lang='lat' dir='ltr'><strong>orto,</strong></span> 
     </span>
     <span class='ocr_line' id='line_1_3' title="bbox 718 1235 1888 1338; baseline -0.009 -23"><span class='ocrx_word' id='word_1_12' title='bbox 718 1241 804 1338; x_wconf 88' lang='lat' dir='ltr'><strong>quia</strong></span> <span class='ocrx_word' id='word_1_13' title='bbox 821 1235 857 1333; x_wconf 86' lang='lat'><strong>(¹)</strong></span> <span class='ocrx_word' id='word_1_14' title='bbox 888 1262 985 1315; x_wconf 91' lang='lat' dir='ltr'><strong>unus</strong></span> <span class='ocrx_word' id='word_1_15' title='bbox 1017 1241 1181 1314; x_wconf 83' lang='lat' dir='ltr'><strong>famosus</strong></span> <span class='ocrx_word' id='word_1_16' title='bbox 1212 1236 1374 1313; x_wconf 89' lang='lat' dir='ltr'><strong>occurrit</strong></span> <span class='ocrx_word' id='word_1_17' title='bbox 1403 1235 1639 1332; x_wconf 91' lang='lat' dir='ltr'><strong>speculationi</strong></span> <span class='ocrx_word' id='word_1_18' title='bbox 1668 1253 1758 1327; x_wconf 79' lang='lat' dir='ltr'><strong>suae,</strong></span> <span class='ocrx_word' id='word_1_19' title='bbox 1789 1253 1888 1306; x_wconf 86' lang='lat' dir='ltr'><strong>men-</strong></span> 
     </span>
     <span class='ocr_line' id='line_1_4' title="bbox 718 1356 1889 1452; baseline -0.007 -16"><span class='ocrx_word' id='word_1_20' title='bbox 718 1365 761 1436; x_wconf 62' lang='lat' dir='ltr'><strong>tt‘</strong></span> <span class='ocrx_word' id='word_1_21' title='bbox 773 1365 809 1436; x_wconf 83' lang='lat' dir='ltr'><strong>io</strong></span> <span class='ocrx_word' id='word_1_22' title='bbox 833 1364 991 1452; x_wconf 65' lang='lat' dir='ltr'><strong>auduom</strong></span> <span class='ocrx_word' id='word_1_23' title='bbox 1015 1359 1107 1436; x_wconf 89' lang='lat' dir='ltr'><strong>idest</strong></span> <span class='ocrx_word' id='word_1_24' title='bbox 1132 1359 1278 1434; x_wconf 79' lang='lat' dir='ltr'><strong>interim</strong></span> <span class='ocrx_word' id='word_1_25' title='bbox 1304 1358 1393 1432; x_wconf 95' lang='lat' dir='ltr'><strong>dum</strong></span> <span class='ocrx_word' id='word_1_26' title='bbox 1411 1357 1463 1432; x_wconf 90' lang='lat' dir='ltr'><strong>sio</strong></span> <span class='ocrx_word' id='word_1_27' title='bbox 1479 1357 1571 1432; x_wconf 90' lang='lat' dir='ltr'><strong>irem</strong></span> <span class='ocrx_word' id='word_1_28' title='bbox 1587 1377 1656 1452; x_wconf 91' lang='lat' dir='ltr'><strong>per</strong></span> <span class='ocrx_word' id='word_1_29' title='bbox 1673 1356 1791 1450; x_wconf 85' lang='lat' dir='ltr'><strong>ripam</strong></span> <span class='ocrx_word' id='word_1_30' title='bbox 1809 1373 1889 1428; x_wconf 87' lang='lat' dir='ltr'><strong>me·</strong></span> 
     </span>
     <span class='ocr_line' id='line_1_5' title="bbox 717 1476 1890 1576; baseline -0.006 -21"><span class='ocrx_word' id='word_1_31' title='bbox 717 1480 864 1556; x_wconf 85' lang='lat' dir='ltr'><strong>ditando</strong></span> <span class='ocrx_word' id='word_1_32' title='bbox 888 1488 969 1575; x_wconf 89' lang='lat' dir='ltr'><strong>post</strong></span> <span class='ocrx_word' id='word_1_33' title='bbox 994 1479 1196 1576; x_wconf 85' lang='lat' dir='ltr'><strong>Virgilium.</strong></span> <span class='ocrx_word' id='word_1_34' title='bbox 1215 1480 1260 1554; x_wconf 86' lang='lat' dir='ltr'><strong>Et</strong></span> <span class='ocrx_word' id='word_1_35' title='bbox 1275 1478 1334 1552; x_wconf 89' lang='lat' dir='ltr'><strong>hic</strong></span> <span class='ocrx_word' id='word_1_36' title='bbox 1354 1483 1440 1552; x_wconf 90' lang='lat' dir='ltr'><strong>nota</strong></span> <span class='ocrx_word' id='word_1_37' title='bbox 1457 1476 1567 1571; x_wconf 86' lang='lat' dir='ltr'><strong>quod,</strong></span> <span class='ocrx_word' id='word_1_38' title='bbox 1585 1476 1681 1552; x_wconf 88' lang='lat' dir='ltr'><strong>sicut</strong></span> <span class='ocrx_word' id='word_1_39' title='bbox 1692 1477 1771 1572; x_wconf 86' lang='lat' dir='ltr'><strong>jam</strong></span> <span class='ocrx_word' id='word_1_40' title='bbox 1793 1493 1890 1568; x_wconf 84' lang='lat' dir='ltr'><strong>saepe</strong></span> 
     </span>
     <span class='ocr_line' id='line_1_6' title="bbox 717 1594 1887 1696; baseline -0.006 -23"><span class='ocrx_word' id='word_1_41' title='bbox 717 1599 865 1696; x_wconf 89' lang='lat' dir='ltr'><strong>potuisti</strong></span> <span class='ocrx_word' id='word_1_42' title='bbox 878 1598 1114 1695; x_wconf 79' lang='lat' dir='ltr'><strong>perpendere,</strong></span> <span class='ocrx_word' id='word_1_43' title='bbox 1127 1597 1275 1693; x_wconf 85' lang='lat' dir='ltr'><strong>quando</strong></span> <span class='ocrx_word' id='word_1_44' title='bbox 1289 1603 1398 1672; x_wconf 89' lang='lat' dir='ltr'><strong>autor</strong></span> <span class='ocrx_word' id='word_1_45' title='bbox 1410 1598 1490 1672; x_wconf 89' lang='lat' dir='ltr'><strong>vuit</strong></span> <span class='ocrx_word' id='word_1_46' title='bbox 1506 1596 1713 1672; x_wconf 85' lang='lat' dir='ltr'><strong>describere</strong></span> <span class='ocrx_word' id='word_1_47' title='bbox 1726 1594 1887 1689; x_wconf 84' lang='lat' dir='ltr'><strong>aliquam</strong></span> 
     </span>
     <span class='ocr_line' id='line_1_7' title="bbox 719 1714 1889 1815; baseline -0.005 -21"><span class='ocrx_word' id='word_1_48' title='bbox 719 1741 800 1795; x_wconf 92' lang='lat' dir='ltr'><strong>rem</strong></span> <span class='ocrx_word' id='word_1_49' title='bbox 835 1721 955 1796; x_wconf 87' lang='lat' dir='ltr'><strong>ievem</strong></span> <span class='ocrx_word' id='word_1_50' title='bbox 985 1717 1087 1815; x_wconf 86' lang='lat' dir='ltr'><strong>tingit</strong></span> <span class='ocrx_word' id='word_1_51' title='bbox 1119 1739 1159 1794; x_wconf 86' lang='lat' dir='ltr'><strong>se</strong></span> <span class='ocrx_word' id='word_1_52' title='bbox 1183 1718 1309 1793; x_wconf 92' lang='lat' dir='ltr'><strong>videre</strong></span> <span class='ocrx_word' id='word_1_53' title='bbox 1341 1737 1425 1792; x_wconf 88' lang='lat' dir='ltr'><strong>eam</strong></span> <span class='ocrx_word' id='word_1_54' title='bbox 1458 1716 1703 1810; x_wconf 82' lang='lat' dir='ltr'><strong>ambuland03</strong></span> <span class='ocrx_word' id='word_1_55' title='bbox 1741 1714 1889 1810; x_wconf 86' lang='lat' dir='ltr'><strong>quando</strong></span> 
     </span>
     <span class='ocr_line' id='line_1_8' title="bbox 719 1835 1889 1935; baseline -0.005 -19"><span class='ocrx_word' id='word_1_56' title='bbox 719 1861 808 1916; x_wconf 92' lang='lat' dir='ltr'><strong>vero</strong></span> <span class='ocrx_word' id='word_1_57' title='bbox 833 1861 914 1915; x_wconf 91' lang='lat' dir='ltr'><strong>rem</strong></span> <span class='ocrx_word' id='word_1_58' title='bbox 939 1840 1123 1916; x_wconf 86' lang='lat' dir='ltr'><strong>difficilem</strong></span> <span class='ocrx_word' id='word_1_59' title='bbox 1141 1841 1199 1914; x_wconf 90' lang='lat' dir='ltr'><strong>vel</strong></span> <span class='ocrx_word' id='word_1_60' title='bbox 1217 1838 1450 1935; x_wconf 70' lang='lat' dir='ltr'><strong>incognitam,</strong></span> <span class='ocrx_word' id='word_1_61' title='bbox 1471 1835 1574 1934; x_wconf 85' lang='lat' dir='ltr'><strong>tingit</strong></span> <span class='ocrx_word' id='word_1_62' title='bbox 1598 1857 1639 1912; x_wconf 87' lang='lat' dir='ltr'><strong>se</strong></span> <span class='ocrx_word' id='word_1_63' title='bbox 1663 1836 1830 1931; x_wconf 80' lang='lat' dir='ltr'><strong>firmare3</strong></span> <span class='ocrx_word' id='word_1_64' title='bbox 1851 1841 1889 1910; x_wconf 93' lang='lat' dir='ltr'><strong>et</strong></span> 
     </span>
     <span class='ocr_line' id='line_1_9' title="bbox 718 1957 1889 2058; baseline -0.005 -22"><span class='ocrx_word' id='word_1_65' title='bbox 718 1969 806 2036; x_wconf 90' lang='lat' dir='ltr'><strong>tunc</strong></span> <span class='ocrx_word' id='word_1_66' title='bbox 831 1962 916 2036; x_wconf 89' lang='lat' dir='ltr'><strong>iacit</strong></span> <span class='ocrx_word' id='word_1_67' title='bbox 940 1961 1097 2058; x_wconf 88' lang='lat' dir='ltr'><strong>siguum,</strong></span> <span class='ocrx_word' id='word_1_68' title='bbox 1124 1959 1221 2055; x_wconf 89' lang='lat' dir='ltr'><strong>quod</strong></span> <span class='ocrx_word' id='word_1_69' title='bbox 1246 1959 1295 2033; x_wconf 94' lang='lat' dir='ltr'><strong>ibi</strong></span> <span class='ocrx_word' id='word_1_70' title='bbox 1320 1966 1376 2034; x_wconf 89' lang='lat' dir='ltr'><strong>cst</strong></span> <span class='ocrx_word' id='word_1_71' title='bbox 1399 1979 1492 2055; x_wconf 92' lang='lat' dir='ltr'><strong>opus</strong></span> <span class='ocrx_word' id='word_1_72' title='bbox 1516 1958 1648 2034; x_wconf 89' lang='lat' dir='ltr'><strong>maiori</strong></span> <span class='ocrx_word' id='word_1_73' title='bbox 1679 1957 1889 2034; x_wconf 89' lang='lat' dir='ltr'><strong>considera·</strong></span> 
     </span>
     <span class='ocr_line' id='line_1_10' title="bbox 718 2077 1888 2174; baseline -0.004 -18"><span class='ocrx_word' id='word_1_74' title='bbox 718 2082 826 2156; x_wconf 91' lang='lat' dir='ltr'><strong>tione.</strong></span> <span class='ocrx_word' id='word_1_75' title='bbox 854 2083 897 2156; x_wconf 83' lang='lat' dir='ltr'><strong>Et</strong></span> <span class='ocrx_word' id='word_1_76' title='bbox 921 2080 1076 2157; x_wconf 90' lang='lat' dir='ltr'><strong>ostendit</strong></span> <span class='ocrx_word' id='word_1_77' title='bbox 1100 2079 1198 2174; x_wconf 85' lang='lat' dir='ltr'><strong>quod</strong></span> <span class='ocrx_word' id='word_1_78' title='bbox 1225 2079 1346 2153; x_wconf 88' lang='lat' dir='ltr'><strong>statim</strong></span> <span class='ocrx_word' id='word_1_79' title='bbox 1376 2077 1631 2174; x_wconf 83' lang='lat' dir='ltr'><strong>recognoverit</strong></span> <span class='ocrx_word' id='word_1_80' title='bbox 1659 2077 1775 2172; x_wconf 89' lang='lat' dir='ltr'><strong>iilum,</strong></span> <span class='ocrx_word' id='word_1_81' title='bbox 1801 2077 1888 2172; x_wconf 86' lang='lat' dir='ltr'><strong>quia</strong></span> 
     </span>
     <span class='ocr_line' id='line_1_11' title="bbox 717 2190 1888 2295; baseline -0.005 -19"><span class='ocrx_word' id='word_1_82' title='bbox 717 2202 858 2277; x_wconf 90' lang='lat' dir='ltr'><strong>viderat</strong></span> <span class='ocrx_word' id='word_1_83' title='bbox 882 2223 968 2276; x_wconf 91' lang='lat' dir='ltr'><strong>euru</strong></span> <span class='ocrx_word' id='word_1_84' title='bbox 994 2201 1032 2275; x_wconf 94' lang='lat' dir='ltr'><strong>in</strong></span> <span class='ocrx_word' id='word_1_85' title='bbox 1056 2201 1147 2295; x_wconf 91' lang='lat' dir='ltr'><strong>vita;</strong></span> <span class='ocrx_word' id='word_1_86' title='bbox 1174 2201 1272 2275; x_wconf 89' lang='lat' dir='ltr'><strong>unde</strong></span> <span class='ocrx_word' id='word_1_87' title='bbox 1289 2198 1392 2274; x_wconf 87' lang='lat' dir='ltr'><strong>dicit:</strong></span> <span class='ocrx_word' id='word_1_88' title='bbox 1409 2190 1537 2272; x_wconf 79' lang='lat' dir='ltr'><strong>otiosi</strong></span> <span class='ocrx_word' id='word_1_89' title='bbox 1558 2203 1644 2271; x_wconf 83' lang='lat' dir='ltr'><strong>tosto</strong></span> <span class='ocrx_word' id='word_1_90' title='bbox 1665 2200 1763 2288; x_wconf 69' lang='lat' dir='ltr'><strong>dissi,</strong></span> <span class='ocrx_word' id='word_1_91' title='bbox 1781 2197 1888 2291; x_wconf 83' lang='lat' dir='ltr'><strong>quasi</strong></span> 
     </span>
     <span class='ocr_line' id='line_1_12' title="bbox 716 2316 1888 2414; baseline -0.007 -18"><span class='ocrx_word' id='word_1_92' title='bbox 716 2321 834 2398; x_wconf 87' lang='lat' dir='ltr'><strong>dicat:</strong></span> <span class='ocrx_word' id='word_1_93' title='bbox 862 2328 937 2397; x_wconf 87' lang='lat' dir='ltr'><strong>tam</strong></span> <span class='ocrx_word' id='word_1_94' title='bbox 967 2321 1040 2397; x_wconf 90' lang='lat' dir='ltr'><strong>cito</strong></span> <span class='ocrx_word' id='word_1_95' title='bbox 1064 2341 1177 2414; x_wconf 89' lang='lat' dir='ltr'><strong>quarn</strong></span> <span class='ocrx_word' id='word_1_96' title='bbox 1212 2321 1284 2396; x_wconf 90' lang='lat' dir='ltr'><strong>cito</strong></span> <span class='ocrx_word' id='word_1_97' title='bbox 1309 2318 1381 2394; x_wconf 93' lang='lat' dir='ltr'><strong>vidi</strong></span> <span class='ocrx_word' id='word_1_98' title='bbox 1407 2338 1507 2413; x_wconf 87' lang='lat' dir='ltr'><strong>eum,</strong></span> <span class='ocrx_word' id='word_1_99' title='bbox 1540 2317 1618 2392; x_wconf 93' lang='lat' dir='ltr'><strong>sine</strong></span> <span class='ocrx_word' id='word_1_100' title='bbox 1651 2337 1756 2391; x_wconf 93' lang='lat' dir='ltr'><strong>mora</strong></span> <span class='ocrx_word' id='word_1_101' title='bbox 1787 2316 1888 2391; x_wconf 83' lang='lat' dir='ltr'><strong>dixi:</strong></span> 
     </span>
     <span class='ocr_line' id='line_1_13' title="bbox 717 2425 1890 2534; baseline -0.003 -18"><span class='ocrx_word' id='word_1_102' title='bbox 717 2463 789 2515; x_wconf 84' lang='lat' dir='ltr'><strong>noa</strong></span> <span class='ocrx_word' id='word_1_103' title='bbox 812 2464 878 2516; x_wconf 82' lang='lat' dir='ltr'><strong>son</strong></span> <span class='ocrx_word' id='word_1_104' title='bbox 901 2433 963 2534; x_wconf 81' lang='lat' dir='ltr'><strong>pid</strong></span> <span class='ocrx_word' id='word_1_105' title='bbox 988 2445 1131 2532; x_wconf 79' lang='lat' dir='ltr'><strong>dipiatno</strong></span> <span class='ocrx_word' id='word_1_106' title='bbox 1154 2443 1193 2513; x_wconf 85' lang='lat' dir='ltr'><strong>di</strong></span> <span class='ocrx_word' id='word_1_107' title='bbox 1216 2443 1321 2514; x_wconf 83' lang='lat' dir='ltr'><strong>oedcr</strong></span> <span class='ocrx_word' id='word_1_108' title='bbox 1343 2443 1465 2531; x_wconf 70' lang='lat' dir='ltr'><strong>costo,</strong></span> <span class='ocrx_word' id='word_1_109' title='bbox 1488 2438 1593 2532; x_wconf 87' lang='lat' dir='ltr'><strong>quasi</strong></span> <span class='ocrx_word' id='word_1_110' title='bbox 1618 2437 1714 2511; x_wconf 89' lang='lat' dir='ltr'><strong>dicat</strong></span> <span class='ocrx_word' id='word_1_111' title='bbox 1729 2425 1786 2529; x_wconf 84' lang='lat'><strong>(¹):</strong></span> <span class='ocrx_word' id='word_1_112' title='bbox 1814 2437 1890 2512; x_wconf 94' lang='lat' dir='ltr'><strong>imo</strong></span> 
     </span>
     <span class='ocr_line' id='line_1_14' title="bbox 718 2556 1889 2656; baseline -0.006 -20"><span class='ocrx_word' id='word_1_113' title='bbox 718 2568 832 2656; x_wconf 88' lang='lat' dir='ltr'><strong>satur,</strong></span> <span class='ocrx_word' id='word_1_114' title='bbox 858 2562 945 2655; x_wconf 92' lang='lat' dir='ltr'><strong>quia</strong></span> <span class='ocrx_word' id='word_1_115' title='bbox 970 2559 1107 2655; x_wconf 89' lang='lat' dir='ltr'><strong>pluries</strong></span> <span class='ocrx_word' id='word_1_116' title='bbox 1131 2559 1274 2635; x_wconf 89' lang='lat' dir='ltr'><strong>viderat</strong></span> <span class='ocrx_word' id='word_1_117' title='bbox 1297 2579 1386 2634; x_wconf 92' lang='lat' dir='ltr'><strong>eum</strong></span> <span class='ocrx_word' id='word_1_118' title='bbox 1412 2559 1551 2652; x_wconf 91' lang='lat' dir='ltr'><strong>vivum,</strong></span> <span class='ocrx_word' id='word_1_119' title='bbox 1576 2556 1680 2650; x_wconf 90' lang='lat' dir='ltr'><strong>quasi</strong></span> <span class='ocrx_word' id='word_1_120' title='bbox 1710 2557 1808 2632; x_wconf 86' lang='lat' dir='ltr'><strong>dicat</strong></span> <span class='ocrx_word' id='word_1_121' title='bbox 1832 2563 1889 2630; x_wconf 87' lang='lat' dir='ltr'><strong>ta-</strong></span> 
     </span>
     <span class='ocr_line' id='line_1_15' title="bbox 718 2676 1891 2776; baseline -0.005 -20"><span class='ocrx_word' id='word_1_122' title='bbox 718 2682 800 2776; x_wconf 90' lang='lat' dir='ltr'><strong>cite,</strong></span> <span class='ocrx_word' id='word_1_123' title='bbox 827 2681 926 2775; x_wconf 83' lang='lat' dir='ltr'><strong>quod</strong></span> <span class='ocrx_word' id='word_1_124' title='bbox 951 2681 1080 2755; x_wconf 90' lang='lat' dir='ltr'><strong>oculus</strong></span> <span class='ocrx_word' id='word_1_125' title='bbox 1105 2679 1184 2754; x_wconf 91' lang='lat' dir='ltr'><strong>eius</strong></span> <span class='ocrx_word' id='word_1_126' title='bbox 1209 2679 1411 2755; x_wconf 76' lang='lat' dir='ltr'><strong>fastidiebat</strong></span> <span class='ocrx_word' id='word_1_127' title='bbox 1427 2685 1463 2752; x_wconf 90' lang='lat' dir='ltr'><strong>et</strong></span> <span class='ocrx_word' id='word_1_128' title='bbox 1480 2677 1737 2774; x_wconf 85' lang='lat' dir='ltr'><strong>indignabatur</strong></span> <span class='ocrx_word' id='word_1_129' title='bbox 1763 2676 1891 2751; x_wconf 92' lang='lat' dir='ltr'><strong>videre</strong></span> 
     </span>
     <span class='ocr_line' id='line_1_16' title="bbox 718 2783 1887 2895; baseline -0.004 -18"><span class='ocrx_word' id='word_1_130' title='bbox 718 2802 840 2878; x_wconf 92' lang='lat' dir='ltr'><strong>virum</strong></span> <span class='ocrx_word' id='word_1_131' title='bbox 860 2799 1017 2875; x_wconf 91' lang='lat' dir='ltr'><strong>nobilem</strong></span> <span class='ocrx_word' id='word_1_132' title='bbox 1036 2801 1192 2895; x_wconf 83' lang='lat' dir='ltr'><strong>quitum</strong></span> <span class='ocrx_word' id='word_1_133' title='bbox 1213 2783 1335 2874; x_wconf 82' lang='lat' dir='ltr'><strong>viliter</strong></span> <span class='ocrx_word' id='word_1_134' title='bbox 1348 2800 1583 2895; x_wconf 84' lang='lat' dir='ltr'><strong>prostituerat</strong></span> <span class='ocrx_word' id='word_1_135' title='bbox 1600 2817 1750 2873; x_wconf 90' lang='lat' dir='ltr'><strong>caruem</strong></span> <span class='ocrx_word' id='word_1_136' title='bbox 1768 2818 1887 2872; x_wconf 87' lang='lat' dir='ltr'><strong>suam.</strong></span> 
     </span>
     <span class='ocr_line' id='line_1_17' title="bbox 718 2913 1889 3017; baseline -0.001 -22"><span class='ocrx_word' id='word_1_137' title='bbox 718 2923 762 2995; x_wconf 83' lang='lat' dir='ltr'><strong>ut</strong></span> <span class='ocrx_word' id='word_1_138' title='bbox 786 2921 942 2996; x_wconf 84' lang='lat' dir='ltr'><strong>ostendit</strong></span> <span class='ocrx_word' id='word_1_139' title='bbox 958 2920 1145 3017; x_wconf 88' lang='lat' dir='ltr'><strong>quomodo</strong></span> <span class='ocrx_word' id='word_1_140' title='bbox 1161 2921 1417 3017; x_wconf 85' lang='lat' dir='ltr'><strong>recognoverit</strong></span> <span class='ocrx_word' id='word_1_141' title='bbox 1433 2941 1533 3014; x_wconf 91' lang='lat' dir='ltr'><strong>eum,</strong></span> <span class='ocrx_word' id='word_1_142' title='bbox 1551 2920 1673 2994; x_wconf 88' lang='lat' dir='ltr'><strong>dicens</strong></span> <span class='ocrx_word' id='word_1_143' title='bbox 1684 2943 1693 2993; x_wconf 78' lang='grc' dir='ltr'><strong><em>ε</em></strong></span> <span class='ocrx_word' id='word_1_144' title='bbox 1706 2913 1798 3013; x_wconf 82' lang='lat' dir='ltr'><strong>perd</strong></span> <span class='ocrx_word' id='word_1_145' title='bbox 1811 2923 1889 3013; x_wconf 71' lang='lat' dir='ltr'><strong>tissi</strong></span> 
     </span>
     <span class='ocr_line' id='line_1_18' title="bbox 717 3040 1889 3137; baseline 0 -21"><span class='ocrx_word' id='word_1_146' title='bbox 717 3045 859 3135; x_wconf 83' lang='lat' dir='ltr'><strong>ipicdi,</strong></span> <span class='ocrx_word' id='word_1_147' title='bbox 884 3042 975 3117; x_wconf 91' lang='lat' dir='ltr'><strong>idest</strong></span> <span class='ocrx_word' id='word_1_148' title='bbox 999 3041 1142 3116; x_wconf 89' lang='lat' dir='ltr'><strong>firmavi</strong></span> <span class='ocrx_word' id='word_1_149' title='bbox 1169 3062 1241 3136; x_wconf 88' lang='lat' dir='ltr'><strong>me,</strong></span> <span class='ocrx_word' id='word_1_150' title='bbox 1268 3041 1371 3136; x_wconf 85' lang='lat' dir='ltr'><strong>quasi</strong></span> <span class='ocrx_word' id='word_1_151' title='bbox 1401 3040 1518 3116; x_wconf 88' lang='lat' dir='ltr'><strong>dicat:</strong></span> <span class='ocrx_word' id='word_1_152' title='bbox 1544 3041 1695 3137; x_wconf 90' lang='lat' dir='ltr'><strong>apposui</strong></span> <span class='ocrx_word' id='word_1_153' title='bbox 1724 3041 1889 3116; x_wconf 79' lang='lat' dir='ltr'><strong>affectio·</strong></span> 
     </span>
     <span class='ocr_line' id='line_1_19' title="bbox 719 3159 1889 3259; baseline -0.003 -22"><span class='ocrx_word' id='word_1_154' title='bbox 719 3183 805 3237; x_wconf 91' lang='lat' dir='ltr'><strong>nem</strong></span> <span class='ocrx_word' id='word_1_155' title='bbox 830 3161 942 3236; x_wconf 92' lang='lat' dir='ltr'><strong>animi</strong></span> <span class='ocrx_word' id='word_1_156' title='bbox 962 3161 1009 3236; x_wconf 97' lang='lat' dir='ltr'><strong>ad</strong></span> <span class='ocrx_word' id='word_1_157' title='bbox 1026 3161 1121 3237; x_wconf 90' lang='lat' dir='ltr'><strong>bene</strong></span> <span class='ocrx_word' id='word_1_158' title='bbox 1145 3159 1439 3259; x_wconf 88' lang='lat' dir='ltr'><strong>cognoscendum</strong></span> <span class='ocrx_word' id='word_1_159' title='bbox 1460 3181 1560 3256; x_wconf 89' lang='lat' dir='ltr'><strong>euru,</strong></span> <span class='ocrx_word' id='word_1_160' title='bbox 1572 3182 1642 3254; x_wconf 69' lang='lat' dir='ltr'><strong>pm</strong></span> <span class='ocrx_word' id='word_1_161' title='bbox 1665 3165 1889 3253; x_wconf 72' lang='lat' dir='ltr'><strong>affigurorto:</strong></span> 
     </span>
     <span class='ocr_line' id='line_1_20' title="bbox 718 3274 1890 3379; baseline 0.002 -25"><span class='ocrx_word' id='word_1_162' title='bbox 718 3286 751 3355; x_wconf 87' lang='lat' dir='ltr'><strong>et</strong></span> <span class='ocrx_word' id='word_1_163' title='bbox 774 3288 887 3374; x_wconf 83' lang='lat' dir='ltr'><strong>Duco,</strong></span> <span class='ocrx_word' id='word_1_164' title='bbox 913 3281 1048 3357; x_wconf 89' lang='lat' dir='ltr'><strong>scilicet</strong></span> <span class='ocrx_word' id='word_1_165' title='bbox 1080 3282 1250 3379; x_wconf 84' lang='lat' dir='ltr'><strong>Virgilius</strong></span> <span class='ocrx_word' id='word_1_166' title='bbox 1279 3281 1455 3376; x_wconf 90' lang='lat' dir='ltr'><strong>similiter,</strong></span> <span class='ocrx_word' id='word_1_167' title='bbox 1487 3283 1520 3354; x_wconf 78' lang='lat' dir='ltr'><strong>o·</strong></span> <span class='ocrx_word' id='word_1_168' title='bbox 1547 3285 1674 3354; x_wconf 65' lang='lat' dir='ltr'><strong>nsum</strong></span> <span class='ocrx_word' id='word_1_169' title='bbox 1702 3289 1736 3355; x_wconf 82' lang='lat' dir='ltr'><strong>ct</strong></span> <span class='ocrx_word' id='word_1_170' title='bbox 1761 3274 1890 3356; x_wconf 74' lang='lat' dir='ltr'><strong>assucti</strong></span> 
     </span>
     <span class='ocr_line' id='line_1_21' title="bbox 718 3401 1890 3498; baseline 0.001 -24"><span class='ocrx_word' id='word_1_171' title='bbox 718 3405 769 3474; x_wconf 82' lang='lat' dir='ltr'><strong>ct&#39;</strong></span> <span class='ocrx_word' id='word_1_172' title='bbox 782 3405 948 3494; x_wconf 61' lang='lat' dir='ltr'><strong>obtento</strong></span> <span class='ocrx_word' id='word_1_173' title='bbox 972 3405 1059 3492; x_wconf 77' lang='lat' dir='ltr'><strong>piosa·</strong></span> <span class='ocrx_word' id='word_1_174' title='bbox 1081 3404 1251 3495; x_wconf 66' lang='lat' dir='ltr'><strong>indicum</strong></span> <span class='ocrx_word' id='word_1_175' title='bbox 1269 3402 1338 3476; x_wconf 87' lang='lat' dir='ltr'><strong>boc</strong></span> <span class='ocrx_word' id='word_1_176' title='bbox 1362 3401 1448 3476; x_wconf 90' lang='lat' dir='ltr'><strong>dicit</strong></span> <span class='ocrx_word' id='word_1_177' title='bbox 1464 3408 1583 3496; x_wconf 89' lang='lat' dir='ltr'><strong>autor,</strong></span> <span class='ocrx_word' id='word_1_178' title='bbox 1605 3401 1691 3495; x_wconf 89' lang='lat' dir='ltr'><strong>quia</strong></span> <span class='ocrx_word' id='word_1_179' title='bbox 1708 3401 1759 3476; x_wconf 90' lang='lat' dir='ltr'><strong>sic</strong></span> <span class='ocrx_word' id='word_1_180' title='bbox 1776 3421 1890 3498; x_wconf 85' lang='lat' dir='ltr'><strong>erpe-</strong></span> 
     </span>
     <span class='ocr_line' id='line_1_22' title="bbox 718 3521 1889 3617; baseline 0.001 -20"><span class='ocrx_word' id='word_1_181' title='bbox 718 3523 857 3617; x_wconf 91' lang='lat' dir='ltr'><strong>diebat;</strong></span> <span class='ocrx_word' id='word_1_182' title='bbox 883 3543 968 3596; x_wconf 91' lang='lat' dir='ltr'><strong>narn</strong></span> <span class='ocrx_word' id='word_1_183' title='bbox 995 3523 1129 3597; x_wconf 89' lang='lat' dir='ltr'><strong>umbra</strong></span> <span class='ocrx_word' id='word_1_184' title='bbox 1153 3521 1315 3598; x_wconf 86' lang='lat' dir='ltr'><strong>Venetici</strong></span> <span class='ocrx_word' id='word_1_185' title='bbox 1339 3523 1513 3597; x_wconf 89' lang='lat' dir='ltr'><strong>currebat</strong></span> <span class='ocrx_word' id='word_1_186' title='bbox 1530 3522 1704 3598; x_wconf 85' lang='lat' dir='ltr'><strong>velociter</strong></span> <span class='ocrx_word' id='word_1_187' title='bbox 1723 3531 1809 3598; x_wconf 86' lang='lat' dir='ltr'><strong>ante</strong></span> <span class='ocrx_word' id='word_1_188' title='bbox 1834 3523 1889 3597; x_wconf 90' lang='lat' dir='ltr'><strong>ia-</strong></span> 
     </span>
     <span class='ocr_line' id='line_1_23' title="bbox 717 3633 1890 3736; baseline 0 -19"><span class='ocrx_word' id='word_1_189' title='bbox 717 3643 813 3717; x_wconf 92' lang='lat' dir='ltr'><strong>ciem</strong></span> <span class='ocrx_word' id='word_1_190' title='bbox 838 3641 1013 3716; x_wconf 83' lang='lat' dir='ltr'><strong>daemouis</strong></span> <span class='ocrx_word' id='word_1_191' title='bbox 1037 3642 1289 3736; x_wconf 89' lang='lat' dir='ltr'><strong>persequentis</strong></span> <span class='ocrx_word' id='word_1_192' title='bbox 1305 3633 1341 3734; x_wconf 81' lang='lat'><strong>(³)</strong></span> <span class='ocrx_word' id='word_1_193' title='bbox 1369 3662 1457 3717; x_wconf 90' lang='lat' dir='ltr'><strong>eum</strong></span> <span class='ocrx_word' id='word_1_194' title='bbox 1484 3642 1631 3717; x_wconf 89' lang='lat' dir='ltr'><strong>scutica.</strong></span> <span class='ocrx_word' id='word_1_195' title='bbox 1654 3641 1772 3717; x_wconf 74' lang='lat' dir='ltr'><strong>butor</strong></span> <span class='ocrx_word' id='word_1_196' title='bbox 1797 3663 1890 3718; x_wconf 91' lang='lat' dir='ltr'><strong>vero</strong></span> 
     </span>
     <span class='ocr_line' id='line_1_24' title="bbox 718 3761 1891 3858; baseline -0.001 -20"><span class='ocrx_word' id='word_1_197' title='bbox 718 3765 794 3838; x_wconf 94' lang='lat' dir='ltr'><strong>ibat</strong></span> <span class='ocrx_word' id='word_1_198' title='bbox 818 3782 975 3857; x_wconf 91' lang='lat' dir='ltr'><strong>morose,</strong></span> <span class='ocrx_word' id='word_1_199' title='bbox 1000 3761 1083 3836; x_wconf 90' lang='lat' dir='ltr'><strong>ideo</strong></span> <span class='ocrx_word' id='word_1_200' title='bbox 1111 3763 1317 3838; x_wconf 82' lang='lat' dir='ltr'><strong>necessario</strong></span> <span class='ocrx_word' id='word_1_201' title='bbox 1351 3763 1508 3838; x_wconf 89' lang='lat' dir='ltr'><strong>babebat</strong></span> <span class='ocrx_word' id='word_1_202' title='bbox 1539 3763 1782 3858; x_wconf 88' lang='lat' dir='ltr'><strong>retrocedere,</strong></span> <span class='ocrx_word' id='word_1_203' title='bbox 1815 3763 1891 3837; x_wconf 93' lang='lat' dir='ltr'><strong>imo</strong></span> 
     </span>
     <span class='ocr_line' id='line_1_25' title="bbox 720 3882 1890 3980; baseline 0.001 -24"><span class='ocrx_word' id='word_1_204' title='bbox 720 3883 855 3958; x_wconf 92' lang='lat' dir='ltr'><strong>mirum</strong></span> <span class='ocrx_word' id='word_1_205' title='bbox 889 3889 944 3958; x_wconf 89' lang='lat' dir='ltr'><strong>est</strong></span> <span class='ocrx_word' id='word_1_206' title='bbox 977 3882 1163 3976; x_wconf 90' lang='lat' dir='ltr'><strong>quomodo</strong></span> <span class='ocrx_word' id='word_1_207' title='bbox 1195 3902 1359 3978; x_wconf 87' lang='lat' dir='ltr'><strong>unquam</strong></span> <span class='ocrx_word' id='word_1_208' title='bbox 1395 3882 1556 3977; x_wconf 88' lang='lat' dir='ltr'><strong>potuerit</strong></span> <span class='ocrx_word' id='word_1_209' title='bbox 1588 3882 1770 3980; x_wconf 86' lang='lat' dir='ltr'><strong>attingere</strong></span> <span class='ocrx_word' id='word_1_210' title='bbox 1801 3903 1890 3957; x_wconf 92' lang='lat' dir='ltr'><strong>eum</strong></span> 
     </span>
     <span class='ocr_line' id='line_1_26' title="bbox 719 4001 1893 4096; baseline 0.001 -20"><span class='ocrx_word' id='word_1_211' title='bbox 719 4003 786 4076; x_wconf 91' lang='lat' dir='ltr'><strong>nisi</strong></span> <span class='ocrx_word' id='word_1_212' title='bbox 811 4023 896 4077; x_wconf 91' lang='lat' dir='ltr'><strong>cum</strong></span> <span class='ocrx_word' id='word_1_213' title='bbox 915 4001 1008 4096; x_wconf 88' lang='lat' dir='ltr'><strong>pede</strong></span> <span class='ocrx_word' id='word_1_214' title='bbox 1029 4001 1186 4076; x_wconf 85' lang='lat' dir='ltr'><strong>mentali.</strong></span> <span class='ocrx_word' id='word_1_215' title='bbox 1200 4041 1251 4056; x_wconf 84' lang='lat'>-</span> <span class='ocrx_word' id='word_1_216' title='bbox 1263 4007 1295 4074; x_wconf 82' lang='lat' dir='ltr'><em>E</em></span> <span class='ocrx_word' id='word_1_217' title='bbox 1309 4006 1396 4094; x_wconf 84' lang='lat' dir='ltr'><strong>quet.</strong></span> <span class='ocrx_word' id='word_1_218' title='bbox 1415 4001 1480 4076; x_wconf 88' lang='lat' dir='ltr'><strong>Hic</strong></span> <span class='ocrx_word' id='word_1_219' title='bbox 1498 4011 1608 4079; x_wconf 91' lang='lat' dir='ltr'><strong>autor</strong></span> <span class='ocrx_word' id='word_1_220' title='bbox 1624 4003 1781 4078; x_wconf 87' lang='lat' dir='ltr'><strong>ostendit</strong></span> <span class='ocrx_word' id='word_1_221' title='bbox 1798 4023 1893 4096; x_wconf 92' lang='lat' dir='ltr'><strong>qua·</strong></span> 
     </span>
     <span class='ocr_line' id='line_1_27' title="bbox 719 4120 1890 4218; baseline 0.002 -22"><span class='ocrx_word' id='word_1_222' title='bbox 719 4123 801 4199; x_wconf 87' lang='lat' dir='ltr'><strong>liter</strong></span> <span class='ocrx_word' id='word_1_223' title='bbox 826 4121 1019 4218; x_wconf 87' lang='lat' dir='ltr'><strong>praedictus</strong></span> <span class='ocrx_word' id='word_1_224' title='bbox 1044 4120 1191 4216; x_wconf 92' lang='lat' dir='ltr'><strong>spiritus</strong></span> <span class='ocrx_word' id='word_1_225' title='bbox 1216 4130 1414 4218; x_wconf 86' lang='lat' dir='ltr'><strong>perventus</strong></span> <span class='ocrx_word' id='word_1_226' title='bbox 1438 4124 1486 4197; x_wconf 89' lang='lat' dir='ltr'><strong>ab</strong></span> <span class='ocrx_word' id='word_1_227' title='bbox 1510 4129 1642 4198; x_wconf 90' lang='lat' dir='ltr'><strong>autore</strong></span> <span class='ocrx_word' id='word_1_228' title='bbox 1665 4123 1824 4198; x_wconf 90' lang='lat' dir='ltr'><strong>voluerit</strong></span> <span class='ocrx_word' id='word_1_229' title='bbox 1850 4143 1890 4198; x_wconf 85' lang='lat' dir='ltr'><strong>se</strong></span> 
     </span>
     <span class='ocr_line' id='line_1_28' title="bbox 718 4243 1891 4338; baseline -0.003 -19"><span class='ocrx_word' id='word_1_230' title='bbox 718 4243 953 4338; x_wconf 87' lang='lat' dir='ltr'><strong>abscondere,</strong></span> <span class='ocrx_word' id='word_1_231' title='bbox 980 4243 1042 4318; x_wconf 92' lang='lat' dir='ltr'><strong>sed</strong></span> <span class='ocrx_word' id='word_1_232' title='bbox 1068 4263 1142 4317; x_wconf 93' lang='lat' dir='ltr'><strong>non</strong></span> <span class='ocrx_word' id='word_1_233' title='bbox 1167 4243 1300 4338; x_wconf 90' lang='lat' dir='ltr'><strong>potuit;</strong></span> <span class='ocrx_word' id='word_1_234' title='bbox 1329 4243 1426 4318; x_wconf 88' lang='lat' dir='ltr'><strong>nude</strong></span> <span class='ocrx_word' id='word_1_235' title='bbox 1449 4243 1557 4317; x_wconf 91' lang='lat' dir='ltr'><strong>dicit:</strong></span> <span class='ocrx_word' id='word_1_236' title='bbox 1584 4265 1604 4317; x_wconf 83' lang='lat' dir='ltr'><strong>e</strong></span> <span class='ocrx_word' id='word_1_237' title='bbox 1627 4245 1706 4336; x_wconf 79' lang='lat' dir='ltr'><strong>poet</strong></span> <span class='ocrx_word' id='word_1_238' title='bbox 1725 4245 1891 4336; x_wconf 72' lang='lat' dir='ltr'><strong>strumo,</strong></span> 
     </span>
     <span class='ocr_line' id='line_1_29' title="bbox 719 4362 1891 4458; baseline -0.001 -20"><span class='ocrx_word' id='word_1_239' title='bbox 719 4363 810 4438; x_wconf 88' lang='lat' dir='ltr'><strong>idest</strong></span> <span class='ocrx_word' id='word_1_240' title='bbox 834 4362 1087 4458; x_wconf 79' lang='lat' dir='ltr'><strong>fustigatus,si</strong></span> <span class='ocrx_word' id='word_1_241' title='bbox 1110 4365 1256 4436; x_wconf 74' lang='lat' dir='ltr'><strong>aedem</strong></span> <span class='ocrx_word' id='word_1_242' title='bbox 1280 4366 1376 4436; x_wconf 81' lang='lat' dir='ltr'><strong>calor</strong></span> <span class='ocrx_word' id='word_1_243' title='bbox 1399 4365 1574 4436; x_wconf 76' lang='lat' dir='ltr'><strong>coeanoo</strong></span> <span class='ocrx_word' id='word_1_244' title='bbox 1597 4367 1625 4436; x_wconf 83' lang='lat' dir='ltr'><strong>tl</strong></span> <span class='ocrx_word' id='word_1_245' title='bbox 1648 4366 1745 4457; x_wconf 84' lang='lat' dir='ltr'><strong>oiso,·</strong></span> <span class='ocrx_word' id='word_1_246' title='bbox 1762 4370 1799 4438; x_wconf 89' lang='lat' dir='ltr'><strong>et</strong></span> <span class='ocrx_word' id='word_1_247' title='bbox 1821 4364 1891 4437; x_wconf 91' lang='lat' dir='ltr'><strong>boc</strong></span> 
     </span>
     <span class='ocr_line' id='line_1_30' title="bbox 718 4481 1891 4580; baseline 0.001 -23"><span class='ocrx_word' id='word_1_248' title='bbox 718 4483 814 4557; x_wconf 90' lang='lat' dir='ltr'><strong>bene</strong></span> <span class='ocrx_word' id='word_1_249' title='bbox 838 4482 952 4578; x_wconf 84' lang='lat' dir='ltr'><strong>tingit,</strong></span> <span class='ocrx_word' id='word_1_250' title='bbox 977 4483 1064 4576; x_wconf 87' lang='lat' dir='ltr'><strong>quia</strong></span> <span class='ocrx_word' id='word_1_251' title='bbox 1089 4481 1185 4556; x_wconf 87' lang='lat' dir='ltr'><strong>istud</strong></span> <span class='ocrx_word' id='word_1_252' title='bbox 1211 4482 1340 4557; x_wconf 92' lang='lat' dir='ltr'><strong>vitium</strong></span> <span class='ocrx_word' id='word_1_253' title='bbox 1366 4490 1421 4558; x_wconf 83' lang='lat' dir='ltr'><strong>est</strong></span> <span class='ocrx_word' id='word_1_254' title='bbox 1445 4503 1590 4580; x_wconf 80' lang='lat' dir='ltr'><strong>magne</strong></span> <span class='ocrx_word' id='word_1_255' title='bbox 1612 4484 1781 4580; x_wconf 84' lang='lat' dir='ltr'><strong>iniamiae,</strong></span> <span class='ocrx_word' id='word_1_256' title='bbox 1808 4485 1891 4560; x_wconf 90' lang='lat' dir='ltr'><strong>lioet</strong></span> 
     </span>
     <span class='ocr_line' id='line_1_31' title="bbox 719 4601 1890 4701; baseline 0.003 -25"><span class='ocrx_word' id='word_1_257' title='bbox 719 4621 843 4696; x_wconf 83' lang='lat' dir='ltr'><strong>parvae</strong></span> <span class='ocrx_word' id='word_1_258' title='bbox 869 4603 1000 4696; x_wconf 59' lang='lat' dir='ltr'><strong>culpae</strong></span> <span class='ocrx_word' id='word_1_259' title='bbox 1027 4601 1109 4676; x_wconf 93' lang='lat' dir='ltr'><strong>ideo</strong></span> <span class='ocrx_word' id='word_1_260' title='bbox 1135 4621 1281 4676; x_wconf 87' lang='lat' dir='ltr'><strong>summe</strong></span> <span class='ocrx_word' id='word_1_261' title='bbox 1308 4603 1628 4679; x_wconf 86' lang='lat' dir='ltr'><strong>verecundabatur</strong></span> <span class='ocrx_word' id='word_1_262' title='bbox 1657 4604 1826 4701; x_wconf 87' lang='lat' dir='ltr'><strong>cognosci</strong></span> <span class='ocrx_word' id='word_1_263' title='bbox 1852 4605 1890 4679; x_wconf 93' lang='lat' dir='ltr'><strong>in</strong></span> 
     </span>
    </p>
   </div>
   <div class='ocr_carea' id='block_1_3' title="bbox 719 4711 1890 4938">
    <p class='ocr_par' dir='ltr' id='par_1_3' title="bbox 719 4711 1890 4938">
     <span class='ocr_line' id='line_1_32' title="bbox 719 4711 1890 4820; baseline 0.003 -24"><span class='ocrx_word' id='word_1_264' title='bbox 719 4721 781 4796; x_wconf 86' lang='lat' dir='ltr'><strong>tati</strong></span> <span class='ocrx_word' id='word_1_265' title='bbox 807 4727 892 4796; x_wconf 87' lang='lat' dir='ltr'><strong>actu</strong></span> <span class='ocrx_word' id='word_1_266' title='bbox 917 4741 1004 4796; x_wconf 91' lang='lat' dir='ltr'><strong>cum</strong></span> <span class='ocrx_word' id='word_1_267' title='bbox 1034 4722 1160 4797; x_wconf 87' lang='lat' dir='ltr'><strong>suisset</strong></span> <span class='ocrx_word' id='word_1_268' title='bbox 1194 4711 1299 4801; x_wconf 85' lang='lat' dir='ltr'><strong>miles</strong></span> <span class='ocrx_word' id='word_1_269' title='bbox 1328 4723 1455 4797; x_wconf 89' lang='lat' dir='ltr'><strong>nobiiis</strong></span> <span class='ocrx_word' id='word_1_270' title='bbox 1480 4729 1517 4798; x_wconf 90' lang='lat' dir='ltr'><strong>et</strong></span> <span class='ocrx_word' id='word_1_271' title='bbox 1546 4723 1781 4820; x_wconf 75' lang='lat' dir='ltr'><strong>magnificus,</strong></span> <span class='ocrx_word' id='word_1_272' title='bbox 1809 4724 1890 4802; x_wconf 90' lang='lat' dir='ltr'><strong>ideo</strong></span> 
     </span>
     <span class='ocr_line' id='line_1_33' title="bbox 720 4841 1888 4938; baseline 0.004 -23"><span class='ocrx_word' id='word_1_273' title='bbox 720 4841 861 4937; x_wconf 92' lang='lat' dir='ltr'><strong>pondus</strong></span> <span class='ocrx_word' id='word_1_274' title='bbox 897 4841 1046 4937; x_wconf 89' lang='lat' dir='ltr'><strong>pudoris</strong></span> <span class='ocrx_word' id='word_1_275' title='bbox 1083 4841 1213 4918; x_wconf 88' lang='lat' dir='ltr'><strong>deiecit</strong></span> <span class='ocrx_word' id='word_1_276' title='bbox 1250 4841 1379 4918; x_wconf 83' lang='lat' dir='ltr'><strong>taciem</strong></span> <span class='ocrx_word' id='word_1_277' title='bbox 1412 4864 1519 4918; x_wconf 87' lang='lat' dir='ltr'><strong>suam</strong></span> <span class='ocrx_word' id='word_1_278' title='bbox 1555 4843 1601 4918; x_wconf 90' lang='lat' dir='ltr'><strong>ad</strong></span> <span class='ocrx_word' id='word_1_279' title='bbox 1637 4851 1787 4938; x_wconf 88' lang='lat' dir='ltr'><strong>terram,</strong></span> <span class='ocrx_word' id='word_1_280' title='bbox 1825 4845 1888 4920; x_wconf 84' lang='lat' dir='ltr'><strong>sed</strong></span> 
     </span>
    </p>
   </div>
   <div class='ocr_carea' id='block_1_4' title="bbox 780 5027 1822 5172">
    <p class='ocr_par' dir='ltr' id='par_1_4' title="bbox 780 5027 1822 5172">
     <span class='ocr_line' id='line_1_34' title="bbox 782 5027 1822 5094; baseline 0 -14"><span class='ocrx_word' id='word_1_281' title='bbox 782 5028 810 5092; x_wconf 73' lang='lat'><strong>(¹)</strong></span> <span class='ocrx_word' id='word_1_282' title='bbox 826 5029 856 5080; x_wconf 74' lang='lat' dir='ltr'>R</span> <span class='ocrx_word' id='word_1_283' title='bbox 873 5029 933 5094; x_wconf 83' lang='lat' dir='ltr'><strong>quta</strong></span> <span class='ocrx_word' id='word_1_284' title='bbox 948 5028 1047 5079; x_wconf 74' lang='lat' dir='ltr'><strong>miticet</strong></span> <span class='ocrx_word' id='word_1_285' title='bbox 1062 5041 1138 5080; x_wconf 81' lang='lat' dir='ltr'><strong>amu.</strong></span> <span class='ocrx_word' id='word_1_286' title='bbox 1316 5027 1344 5092; x_wconf 79' lang='lat'><strong>(¹)</strong></span> <span class='ocrx_word' id='word_1_287' title='bbox 1360 5029 1390 5079; x_wconf 86' lang='lat' dir='ltr'><strong>E.</strong></span> <span class='ocrx_word' id='word_1_288' title='bbox 1406 5029 1477 5094; x_wconf 82' lang='lat' dir='ltr'><strong>quasi</strong></span> <span class='ocrx_word' id='word_1_289' title='bbox 1493 5029 1575 5081; x_wconf 83' lang='lat' dir='ltr'><strong>dicat:</strong></span> <span class='ocrx_word' id='word_1_290' title='bbox 1592 5037 1664 5081; x_wconf 77' lang='lat' dir='ltr'><strong>satur</strong></span> <span class='ocrx_word' id='word_1_291' title='bbox 1678 5043 1737 5080; x_wconf 76' lang='lat' dir='ltr'><strong>sum</strong></span> <span class='ocrx_word' id='word_1_292' title='bbox 1754 5031 1822 5094; x_wconf 76' lang='lat' dir='ltr'><strong>qnia.</strong></span> 
     </span>
     <span class='ocr_line' id='line_1_35' title="bbox 780 5105 1788 5172; baseline -0.002 -14"><span class='ocrx_word' id='word_1_293' title='bbox 780 5105 808 5169; x_wconf 63' lang='grc' dir='ltr'><strong>Γ)</strong></span> <span class='ocrx_word' id='word_1_294' title='bbox 822 5106 848 5158; x_wconf 75' lang='lat' dir='ltr'><strong>s.</strong></span> <span class='ocrx_word' id='word_1_295' title='bbox 865 5107 1041 5172; x_wconf 63' lang='lat' dir='ltr'><strong>maenti·</strong></span> <span class='ocrx_word' id='word_1_296' title='bbox 1055 5120 1125 5158; x_wconf 82' lang='lat' dir='ltr'><strong>oum.</strong></span> <span class='ocrx_word' id='word_1_297' title='bbox 1142 5105 1229 5158; x_wconf 75' lang='lat' dir='ltr'><strong>butor</strong></span> <span class='ocrx_word' id='word_1_298' title='bbox 1245 5119 1316 5158; x_wconf 85' lang='lat' dir='ltr'><strong>roro.</strong></span> <span class='ocrx_word' id='word_1_299' title='bbox 1326 5132 1357 5146; x_wconf 89' lang='lat'><em>-</em></span> <span class='ocrx_word' id='word_1_300' title='bbox 1367 5107 1397 5157; x_wconf 82' lang='lat' dir='ltr'><strong>lt.</strong></span> <span class='ocrx_word' id='word_1_301' title='bbox 1414 5107 1591 5172; x_wconf 65' lang='lat' dir='ltr'><strong>megnardo</strong></span> <span class='ocrx_word' id='word_1_302' title='bbox 1605 5121 1667 5158; x_wconf 79' lang='lat' dir='ltr'><strong>mm</strong></span> <span class='ocrx_word' id='word_1_303' title='bbox 1683 5107 1788 5158; x_wconf 71' lang='lat' dir='ltr'><strong>mdes.</strong></span> 
     </span>
    </p>
   </div>
   <div class='ocr_carea' id='block_1_5' title="bbox 0 0 2270 6836">
    <p class='ocr_par' dir='ltr' id='par_1_5' title="bbox 0 0 2270 6836">
     <span class='ocr_line' id='line_1_36' title="bbox 0 0 2270 6836; baseline 0 0"><span class='ocrx_word' id='word_1_304' title='bbox 0 0 2270 6836; x_wconf 95' lang='lat' dir='ltr'><strong> </strong></span> 
     </span>
    </p>
   </div>
  </div>
 </body>
</html>
