4580 6844
713 982 853 1040 caurus
877 983 1072 1042 summos
1093 981 1266 1038 ocravus
1504 969 1576 1038 eto

402 1127 638 1206 intendissem
650 1126 697 1204 ad
709 1128 1016 1206 considerandum
1034 1128 1145 1206 talem
1162 1127 1363 1222 hominem,
1380 1149 1400 1202 c
1418 1130 1579 1220 raperer

402 1252 544 1342 ilpello
567 1267 634 1320 coo
664 1250 697 1322 le
726 1268 824 1339 moa,
850 1248 955 1342 quasi
980 1249 1099 1326 dicat:
1127 1253 1165 1326 et
1193 1247 1359 1326 evomuit
1387 1254 1578 1342 apostema

403 1367 504 1463 quod
528 1365 590 1442 diu
617 1374 836 1462 conceperat
860 1367 897 1442 iu
922 1374 1082 1462 pectore,
1099 1369 1270 1444 deendor
1285 1388 1330 1440 or
1347 1370 1426 1442 ordi
1441 1369 1577 1442 eom’io

402 1492 452 1564 mi
473 1491 623 1578 dimoco,
639 1485 741 1580 idest,
765 1486 927 1564 dilacero
951 1508 1031 1582 me;
1057 1495 1095 1564 et
1116 1487 1321 1566 manilestat
1346 1508 1387 1562 se
1407 1487 1578 1562 uomina·

402 1609 469 1684 tim
489 1607 635 1682 dicens:
654 1609 744 1698 ordi,
761 1609 848 1680 com'
861 1603 900 1682 ὼ
921 1610 1106 1700 ετονρίαιο,
1123 1606 1226 1702 idest,
1244 1607 1450 1702 impeditus,
1472 1611 1576 1680 Moo-

403 1733 518 1816 orello,
544 1733 581 1802 et
605 1733 661 1802 est
689 1745 825 1802 nomeu
850 1727 1070 1804 conveniens
1102 1727 1179 1802 sibi.
1209 1727 1349 1802 Dicitur
1374 1725 1472 1801 euim
1499 1726 1576 1800 lla·

403 1847 607 1938 comelhuS,
632 1843 737 1938 quasi
763 1845 882 1921 malus
907 1845 1075 1940 comitto,
1092 1845 1183 1922 idest
1207 1847 1435 1944 guberuator
1460 1844 1576 1938 nevis,

403 1965 495 2042 idest
526 1963 689 2040 ecclesiae
719 1964 795 2058 liei,
821 1985 934 2058 quam
963 1963 1114 2042 deduxit
1140 1966 1187 2042 od
1218 1965 1465 2061 naufragium,
1490 1963 1577 2059 quie

404 2105 473 2160 nec
497 2091 605 2158 antee
634 2101 703 2160 uec
732 2089 857 2178 postea
882 2083 950 2158 luit
975 2084 1093 2160 maior
1118 2085 1225 2160 ruina
1259 2085 1296 2160 iu
1322 2085 1476 2162 ecclesia
1500 2083 1576 2160 Ilei.

404 2207 448 2280 nt
473 2203 589 2301 tangit
612 2224 700 2278 suos
724 2203 921 2299 complices
944 2210 983 2280 el
1004 2221 1193 2300 sequaces,
1213 2203 1355 2282 diceus:
1374 2198 1431 2280 aa
1454 2226 1515 2280 seo
1532 2225 1578 2280 oo

399 2327 602 2420 pionpcrdo
632 2326 780 2400 domi
813 2344 838 2398 c
873 2343 939 2417 mc,
969 2323 1036 2420 dly
1068 2324 1137 2399 luit
1161 2331 1317 2420 patruus
1342 2324 1578 2418 liacomellsi

405 2465 503 2518 unus
525 2443 574 2518 de
597 2443 854 2539 principalibus
871 2443 1077 2518 fautoribus
1090 2436 1128 2536 (¹)
1145 2450 1184 2520 el
1201 2443 1456 2520 fundatoribus
1476 2445 1579 2520 istius

405 2571 526 2656 seem,
547 2566 642 2658 sarco
664 2565 722 2636 nrt
745 2565 838 2636 collo
862 2563 926 2636 dot
947 2569 1061 2638 merlo
1086 2565 1126 2638 ol
1145 2565 1307 2655 duliam,
1332 2563 1437 2656 quasi
1461 2563 1579 2638 dicat:

406 2681 546 2758 hebens
570 2688 686 2757 totam
710 2681 840 2758 taciem
866 2703 934 2777 per
958 2682 1110 2779 longum
1134 2681 1302 2778 divisam,
1328 2683 1378 2758 ita
1403 2683 1504 2778 quod
1523 2690 1581 2760 eet

406 2821 539 2897 purum
570 2801 707 2876 divisus
725 2793 776 2895 (²),
810 2801 941 2878 sedin
974 2807 1079 2897 parta
1112 2801 1277 2896 corporis
1310 2801 1507 2880 honestiori
1541 2810 1580 2880 et

405 2921 661 3017 principaliori,
686 2921 772 3015 quia
790 2922 1060 2996 llaoomethum
1079 2921 1251 2996 imtruxit
1270 2927 1308 2998 et
1319 2922 1416 3018 juvit
1432 2922 1479 2997 ad
1496 2931 1579 2998 lan·

405 3047 486 3115 tum
512 3059 693 3134 errorem,
718 3039 802 3114 licet
826 3059 900 3114 non
926 3044 1070 3113 tautum
1096 3038 1299 3132 deliquerit
1326 3040 1371 3114 Et
1395 3041 1579 3116 concludit

317 3149 323 3159 ’
404 3160 649 3258 generaliter:
675 3181 694 3232 o
718 3161 975 3250 aequatos·
1004 3161 1064 3232 cle
1092 3165 1128 3232 lu
1160 3161 1239 3234 cedi
1269 3162 1341 3253 qui,
1367 3160 1515 3255 scilicet,
1541 3161 1578 3238 in

405 3278 475 3354 isla
499 3277 624 3373 bulgio
650 3297 758 3371 noua,
773 3281 836 3371 [ar
858 3280 1051 3352 ememor
1075 3280 1114 3354 di
1136 3281 1308 3354 scandolo
1333 3301 1354 3358 c
1375 3282 1414 3356 di
1436 3284 1578 3376 scisma,

406 3419 494 3474 cum
519 3415 651 3472 eorum
678 3397 802 3494 lingua
830 3415 1025 3492 venenosa,
1050 3400 1133 3490 cici,
1159 3398 1261 3494 idest,
1280 3401 1457 3494 quamdiu
1476 3401 1579 3478 vire-

406 3527 495 3594 runt
518 3516 556 3592 in
581 3515 733 3609 mundo,
757 3537 777 3590 e
802 3508 892 3609 perd
916 3535 981 3592 soc
1003 3521 1089 3611 ferri
1117 3510 1202 3610 cosi,
1228 3517 1331 3614 idest,
1359 3519 1452 3598 sicut
1477 3521 1578 3600 vides

405 3637 487 3732 plus
516 3643 553 3712 et
578 3635 700 3710 miuus
725 3635 929 3712 secuudum
955 3635 1203 3714 diversitatem
1230 3637 1419 3716 munaus.
1438 3681 1489 3696 -
1513 3646 1576 3716 llo.

404 3756 470 3834 llic
507 3757 758 3832 liacomethus
797 3755 913 3852 tangit
950 3762 1120 3833 autorem
1159 3763 1196 3834 et
1233 3759 1442 3836 ministrum
1475 3761 1578 3838 istius

404 3895 524 3971 poeuae
549 3877 772 3972 respondeus
797 3875 988 3969 quaestioni
1018 3877 1151 3970 tacitae,
1180 3879 1269 3971 quia
1300 3885 1410 3954 autor
1435 3888 1578 3975 poterat

404 4001 554 4091 petere:
581 3994 663 4088 quis
688 3994 773 4070 iacit
797 3993 835 4068 iu
858 3994 962 4070 vobis
987 4000 1041 4070 lot
1066 4001 1104 4069 et
1120 4001 1239 4070 tantm
1255 3996 1381 4096 plagas
1395 4002 1411 4072 t
1425 3990 1462 4091 (³)
1479 3999 1576 4094 dicit,

405 4113 506 4207 quod
530 4117 585 4188 est
614 4133 712 4188 uuus
742 4112 919 4206 diabolus
952 4113 1014 4206 qui
1048 4132 1095 4189 ex
1127 4114 1249 4192 officio
1280 4137 1350 4192 suo
1380 4117 1465 4193 lacit
1495 4119 1576 4194 hoc.

405 4231 521 4326 Unde,
538 4231 625 4326 quia
645 4231 713 4310 isla
730 4232 838 4310 litera
853 4237 908 4308 ert
924 4231 1040 4326 sortis,
1058 4233 1142 4308 volo
1163 4241 1200 4310 le
1216 4235 1311 4312 bene
1331 4247 1462 4314 notare
1478 4238 1578 4334 quod

405 4357 515 4429 autor
539 4351 598 4428 hic
623 4351 726 4449 lingit
748 4353 888 4447 pulcre,
906 4352 1007 4447 quod
1026 4351 1084 4428 isti
1101 4352 1295 4431 scismatici
1311 4356 1486 4432 continuo
1501 4356 1576 4432 dis-

406 4478 563 4550 currunt
593 4491 659 4567 per
692 4471 799 4546 islam
830 4471 994 4568 bulgiam
1025 4491 1176 4569 nonam,
1207 4484 1246 4551 et
1280 4495 1378 4550 uuus
1409 4475 1576 4554 diabolus

406 4597 478 4665 slat
502 4591 540 4664 iu
566 4591 699 4686 medio,
724 4591 810 4685 quia
837 4592 940 4666 locus
964 4598 1020 4668 est
1044 4591 1244 4690 circularis,
1270 4595 1321 4670 ita
1341 4597 1440 4690 quod
1457 4598 1578 4674 omnis

404 4729 491 4804 pars
516 4715 572 4784 cst
598 4709 730 4806 media,
748 4718 786 4786 et
810 4711 887 4810 ipse
911 4731 998 4786 cum
1030 4732 1120 4788 ense
1149 4713 1249 4788 nudo
1274 4714 1358 4790 lenit
1383 4716 1486 4791 illum
1512 4717 1576 4812 qui

405 4827 535 4901 transit
558 4835 644 4902 aute
668 4829 799 4905 faciem
824 4831 916 4926 eius,
942 4831 1053 4906 etita
1078 4832 1192 4906 alium
1221 4840 1259 4908 et
1289 4833 1403 4910 alium
1429 4856 1576 4911 succes·

468 5014 496 5074 υ)
512 5016 566 5074 llo,
583 5015 726 5066 autoribus.
912 5019 940 5080 (η
955 5017 983 5069 S.
996 5018 1094 5070 dirim
1107 5019 1135 5070 ln
1150 5023 1224 5082 purte
1239 5023 1366 5084 empore.

468 5089 496 5154 (Ἴ
511 5091 543 5142 Β.
558 5089 661 5154 plum
675 5091 831 5156 liespoudel,
847 5093 943 5155 illem,
958 5093 1038 5158 quod.
