4606 6840
760 954 901 1012 cunnus
927 955 1119 1011 menemus
1143 954 1288 1010 sarnus.
1523 943 1592 1012 261

419 1103 528 1198 juxta
561 1101 779 1178 seutentiam
812 1101 1020 1178 luvenalis:
1065 1105 1175 1176 Omne
1206 1104 1317 1177 ommi
1349 1104 1467 1176 uitium
1501 1108 1597 1176 maun

424 1227 921 1317 conspectiusinteotmcn
950 1225 1219 1315 tudetpuunto
1249 1226 1596 1316 qrdpmcutmot‘or

421 1345 574 1418 ametro.
603 1343 701 1420 Etsi
726 1362 797 1440 ego
823 1343 1066 1437 verecundor,
1092 1353 1132 1420 tu
1158 1362 1233 1417 non
1261 1343 1473 1437 honoraris5
1500 1342 1599 1418 uude

422 1464 530 1539 dicit:
556 1487 575 1538 e
599 1471 635 1538 tu
658 1484 731 1536 non
756 1484 799 1537 no
822 1467 891 1537 soli
914 1466 952 1536 in
975 1466 1115 1554 pronde
1139 1483 1324 1536 munuca:
1349 1461 1453 1556 quasi
1479 1461 1596 1536 dicat:

422 1585 498 1658 imo
522 1584 686 1660 ascendis
707 1585 744 1659 in
762 1584 940 1660 maiorem
959 1583 1158 1679 infamiam,
1177 1603 1290 1677 quam
1308 1603 1389 1679 ego.
1403 1623 1452 1636 -
1465 1587 1528 1656 llo
1547 1604 1595 1657 se.

422 1705 487 1780 llic
518 1711 628 1779 autor
659 1725 706 1778 ex
737 1704 932 1798 premissis
964 1705 1099 1802 arguit,
1132 1705 1231 1798 quod
1264 1702 1359 1778 male
1374 1696 1410 1794 (¹)
1443 1702 1595 1778 deberet

386 1813 392 1824 '
422 1825 621 1900 succedere
654 1825 864 1919 Florentiam
898 1826 996 1902 unde
1019 1832 1228 1922 auguratur
1254 1825 1320 1898 sibi
1347 1823 1592 1900 infelicitatem

423 1946 469 2020 de
494 1945 664 2040 proximo
681 1953 911 2040 eventuram,
930 1945 1124 2022 ostendens
1141 1947 1239 2040 quod
1257 1966 1331 2020 non
1351 1944 1421 2019 erit
1441 1944 1504 2019 diu
1522 1944 1594 2017 im-

420 2065 565 2162 punita:
588 2066 647 2142 vel
666 2067 819 2142 rellectit
836 2087 876 2142 se
900 2067 947 2142 ad
963 2087 1069 2142 suam
1090 2067 1266 2142 visionem
1286 2063 1535 2160 principalem,
1556 2066 1593 2138 in

420 2207 494 2282 qua
520 2185 622 2282 lingit
647 2205 687 2262 se
711 2173 920 2282 praev'uuse
944 2186 1121 2281 quidquid
1145 2186 1279 2262 scribit.
1306 2187 1350 2260 Et
1375 2187 1454 2261 vult
1470 2186 1594 2260 brevi-

421 2315 477 2382 ter
510 2307 643 2402 dicere,
676 2307 775 2400 quod
808 2307 838 2380 si
867 2307 947 2382 eius
971 2307 1062 2384 visio
1089 2328 1161 2383 non
1187 2307 1254 2382 luit
1277 2328 1385 2401 vana,
1410 2306 1594 2382 Florentia

423 2427 495 2502 cito
521 2428 597 2502 luet
621 2447 749 2522 puenas
774 2447 930 2503 suorum
948 2430 1130 2502 scelerum
1148 2433 1296 2523 propter
1310 2417 1347 2518 (²)
1367 2426 1464 2500 mala
1481 2443 1595 2501 evon-

423 2554 518 2642 tura,
544 2569 628 2643 quae
653 2554 779 2642 optant
804 2548 870 2622 sihi
896 2549 1012 2622 multi.
1040 2548 1133 2624 Dicit
1157 2567 1271 2647 ergo:
1297 2568 1358 2620 mu
1383 2553 1431 2639 tu,
1456 2546 1593 2622 scilicet

421 2669 614 2765 Florentia,
635 2672 819 2762 properat,
846 2670 905 2744 vel
930 2668 1134 2744 secundum
1150 2668 1260 2744 aliam
1274 2667 1430 2763 literam,
1447 2671 1594 2742 sentiret

418 2789 457 2862 di
481 2807 551 2880 pun
575 2792 625 2862 du
645 2793 772 2882 piceiol
794 2797 929 2884 tcmpo,·
950 2791 1020 2865 hoc
1040 2795 1095 2864 eet
1111 2790 1245 2884 dicere,
1262 2789 1300 2863 in
1317 2789 1438 2883 brevi,
1456 2792 1494 2864 da·
1514 2793 1594 2882 quet

417 2910 476 2982 olle
492 2915 617 3001 Proto,
634 2932 707 2984 non
723 2912 875 2999 claun,
894 2914 1076 3002 topopna.
1096 2909 1207 2998 Quasi
1227 2908 1333 3002 dicat,
1351 2908 1398 2984 de
1414 2929 1460 2985 eo
1477 2909 1586 3005 malo,

415 3031 515 3123 quod
547 3031 655 3106 vicini
686 3030 751 3125 tui,
782 3031 916 3106 subditi
951 3032 1026 3125 tibi,
1060 3033 1193 3106 latrant
1224 3035 1352 3104 contra
1377 3035 1425 3124 te,
1451 3030 1590 3126 impre-

415 3153 530 3227 cando
569 3152 632 3226 tibi
671 3171 804 3248 magna
844 3152 951 3228 mala.
984 3153 1047 3226 Est
1084 3151 1181 3225 enim
1208 3150 1359 3224 Pratum
1381 3149 1502 3226 nobile
1526 3140 1605 3226 ca?

415 3279 533 3345 stmm
547 3262 585 3364 (³)
604 3272 698 3348 inter
715 3273 936 3348 Florentiam
953 3279 990 3347 et
1010 3271 1218 3363 Pistorium,
1236 3269 1342 3344 cuius
1364 3270 1588 3348 habitatores

416 3392 514 3466 male
539 3393 844 3467 contentahantur
866 3393 913 3467 de
936 3390 1098 3466 dominio
1124 3389 1422 3485 florentinorum3
1439 3398 1478 3466 et
1494 3390 1589 3466 sicut

413 3517 470 3586 oet
493 3512 540 3586 de
565 3531 670 3588 more
690 3512 943 3588 subiectorum
959 3501 1010 3607 (⁸),
1025 3512 1198 3610 optabant
1218 3510 1285 3586 illis
1300 3510 1605 3617 destructionem,

413 3632 473 3707 vel
504 3632 787 3726 depressionem.
824 3635 866 3707 llt
898 3634 1007 3709 dicit:
1038 3654 1112 3707 non
1135 3635 1187 3706 clt'
1200 3634 1297 3724 altri,
1323 3632 1425 3726 idest,
1450 3633 1587 3709 nedum

268 3791 270 3796 ·
414 3753 593 3846 extranei,
625 3759 663 3827 et
696 3754 829 3829 inimici
846 3746 882 3847 (⁶)
917 3754 982 3848 tui,
1015 3754 1109 3828 sicut
1140 3753 1267 3848 pisani,
1292 3753 1435 3849 aretini,
1466 3760 1503 3828 et
1527 3754 1588 3828 alii

415 3873 531 3948 multi.
562 3873 606 3946 Et
631 3873 688 3948 hic
715 3880 800 3949 nota
826 3874 925 3968 quod
949 3875 1063 3968 aliqui
1087 3874 1301 3969 ignoranter
1325 3873 1461 3967 dicunt,
1487 3835 1605 3968 φιοᾶἱ

413 3999 524 4068 autor
554 3994 705 4068 nescivit
730 3995 818 4088 quid
842 3994 985 4089 dixerit,
1012 3993 1099 4088 quia
1130 3994 1177 4067 ab
1209 3992 1277 4067 isto
1303 3999 1469 4088 tempore
1493 3994 1585 4069 citra

414 4115 595 4189 Florentia
625 4112 672 4188 de
703 4114 762 4188 die
793 4114 831 4188 in
862 4114 959 4189 diem
992 4133 1138 4209 semper
1167 4113 1234 4187 luit
1258 4112 1296 4187 in
1322 4134 1457 4209 magno
1482 4115 1584 4209 llore,

413 4242 451 4309 et
481 4234 642 4308 multum
679 4234 841 4309 extendit
877 4234 953 4308 alas
989 4233 1159 4330 potentie
1195 4252 1273 4307 sure
1310 4253 1422 4328 supra
1447 4233 1584 4308 vicinos

413 4375 523 4448 suos3
555 4375 646 4452 ergo
679 4376 751 4429 non
790 4355 826 4428 in
863 4354 968 4430 brevi
993 4359 1197 4430 evenerunt
1229 4373 1285 4448 ea,
1319 4373 1404 4448 qum
1436 4353 1495 4428 eui
1528 4353 1585 4429 vi-

412 4475 483 4550 cini
514 4482 552 4550 et
581 4475 781 4550 adversarii
814 4477 1065 4570 imprecantur
1080 4465 1117 4568 (⁶)
1150 4473 1226 4548 sibi.
1260 4474 1315 4548 dd
1342 4474 1442 4568 quod
1465 4480 1585 4568 potest

415 4595 626 4691 responderi
657 4595 757 4690 quod
789 4595 857 4672 ista
888 4594 1147 4691 praenuntiatio
1175 4595 1254 4689 Jam
1280 4604 1362 4670 erat
1386 4593 1583 4690 verificata,

415 4715 562 4810 quando
588 4723 697 4792 autor
722 4716 789 4790 ista
815 4715 1012 4810 scrihebat3
1040 4716 1126 4810 quia
1147 4734 1213 4810 per
1237 4734 1282 4790 ea
1302 4724 1481 4810 tempora,
1499 4714 1582 4809 qui-

476 4945 503 5008 l')
517 4946 543 4998 S.
559 4945 627 4998 male
643 4947 734 4998 debent
749 4949 896 4999 mecedem.
1053 4947 1081 5007 ι’)
1097 4946 1127 4997 li.
1144 4949 1251 5010 propter
1267 4945 1349 4996 multa
1365 4949 1482 5006 ventura,
1499 4958 1566 5010 qua.

475 5020 502 5084 (¹)
520 5026 573 5081 tlt,
590 5021 735 5074 cutellum.
1053 5020 1080 5085 (¹)
1096 5023 1126 5072 lt.
1143 5021 1315 5072 monitorum.

475 5097 502 5162 l⁸l
518 5099 544 5152 S
563 5099 650 5152 vieini·
1056 5097 1083 5162 (⁸)
1099 5099 1129 5150 B.
1145 5102 1293 5164 precatum.
