4566 6844
698 973 838 1030 carros
861 971 1078 1029 anroesrrros
1100 969 1296 1026 emenone.
1510 957 1581 1026 roo

411 1116 558 1214 perium
574 1117 792 1194 translatum
810 1128 907 1196 esset
931 1117 969 1191 in
991 1114 1184 1209 Graeciam,
1205 1133 1273 1210 per
1291 1113 1582 1208 Constantinam,

411 1237 548 1333 etjam
573 1237 690 1312 Roma
721 1255 818 1332 sepe
842 1243 949 1334 capta
973 1241 1055 1312 erat
1078 1256 1102 1310 a
1128 1233 1249 1332 godis
1272 1237 1310 1309 et
1334 1233 1520 1328 harbaris3
1545 1241 1584 1309 et

411 1357 599 1452 quomodo
615 1375 724 1453 reges
739 1357 974 1452 Parthorum,
987 1355 1178 1432 Medorum
1195 1361 1234 1429 et
1250 1353 1458 1451 Babylonio
1474 1362 1583 1430 erant

411 1495 499 1552 cam
527 1474 642 1552 Lucio
674 1477 825 1552 oonsule
858 1495 1025 1570 romano,
1054 1474 1119 1569 qui
1147 1493 1221 1550 non
1253 1474 1400 1549 inerant
1428 1473 1582 1550 subiecti

412 1615 568 1670 marano
592 1595 758 1690 imperio,
784 1595 931 1689 quando
961 1595 1079 1670 Roma
1108 1593 1230 1669 iuerat
1257 1592 1297 1667 in
1327 1611 1475 1668 summo
1501 1595 1583 1669 out-

412 1713 512 1788 mine
534 1714 707 1810 potentiae
731 1719 835 1790 suet
859 1714 930 1790 Sed
947 1712 1106 1810 procedo
1124 1711 1277 1788 ulterius
1301 1712 1340 1787 in
1355 1706 1392 1806 (¹)
1409 1709 1581 1788 historia:

411 1834 550 1908 Arturo
568 1834 649 1929 jam
674 1833 771 1910 elato
797 1833 996 1930 parabatur
1023 1831 1150 1926 ruina3
1171 1831 1365 1906 naiadum
1386 1851 1582 1927 processu·

413 1973 479 2026 rus
502 1951 541 2024 in
565 1952 706 2028 ltaliam
726 1953 806 2048 jam
831 1951 1141 2048 appropinquaret
1165 1950 1213 2026 ad
1243 1950 1355 2048 alpes,
1376 1950 1583 2028 itordretus

413 2073 509 2148 iiiios
533 2073 614 2150 eins
639 2091 686 2150 er
717 2072 933 2167 concubina,
964 2072 1025 2148 cui
1055 2071 1214 2146 Artunrs
1241 2071 1481 2146 oommiserat
1512 2089 1585 2169 gu·-

412 2193 667 2270 hermionem
693 2192 809 2288 regni,
822 2191 969 2287 iuvenis
993 2191 1117 2267 audax
1136 2191 1183 2266 ad
1203 2211 1315 2268 omne
1339 2191 1491 2286 facinus,
1503 2192 1584 2288 jam

413 2312 476 2388 diu
502 2319 631 2407 captus
656 2310 853 2406 cupiditate
878 2311 1066 2408 regnandi,
1083 2316 1228 2405 captata
1249 2311 1442 2388 mansione
1466 2311 1586 2387 tortu-

414 2453 484 2526 nae,
510 2430 620 2526 ooepit
644 2431 826 2507 solicitare
851 2431 994 2507 animos
1019 2430 1186 2528 omnium
1215 2431 1264 2506 ad
1296 2451 1336 2506 se
1367 2433 1584 2510 muneribus

413 2560 452 2628 et
472 2549 669 2646 promissis,
687 2569 894 2628 convocare
917 2551 1066 2645 amieos,
1088 2550 1297 2626 conducere
1320 2552 1584 2650 stipendiarios,

414 2669 561 2744 munire
577 2669 701 2763 urbes,
719 2669 905 2767 denegare
919 2670 1014 2766 patri
1032 2669 1250 2767 necessaria,
1267 2677 1304 2746 et
1320 2678 1463 2767 patrem
1481 2692 1586 2747 mor-

414 2796 522 2864 tuum
548 2789 665 2864 literis
689 2789 781 2865 fictis
806 2790 1023 2885 praedicare;
1048 2796 1086 2866 et
1111 2790 1210 2885 qaod
1227 2797 1359 2867 cuncta
1380 2792 1459 2868 eius
1484 2793 1583 2870 maia

415 2908 568 3003 excedit,
587 2909 753 3006 reginam
770 2900 806 3002 (¹)
828 2909 1050 2994 Garinaram
1067 2910 1135 2985 sibi
1160 2910 1300 2986 calcato
1316 2901 1353 3003 (³)
1381 2911 1523 3006 pudore
1548 2912 1585 2988 in

415 3027 611 3126 ooniugem
647 3029 842 3125 copulavit,
881 3049 966 3125 quae
1003 3036 1086 3106 erat
1121 3029 1344 3124 pulcerrima
1381 3030 1582 3106 mulierum

414 3147 656 3246 anglicarum.
691 3149 750 3225 Sie
774 3149 885 3246 igitur
910 3137 1166 3242 Mordrotusd)
1194 3149 1378 3225 contraxit
1410 3149 1583 3226 innume-

416 3266 571 3344 rabilem
590 3267 795 3344 exercitum
810 3275 886 3342 tarn
900 3268 1195 3363 christianorum,
1210 3288 1322 3362 quarn
1340 3277 1583 3366 paganorum.

415 3387 575 3462 Arturus
605 3394 732 3462 autem
771 3407 859 3464 eum
901 3387 980 3464 iraec
1017 3386 1184 3462 nuntiata
1216 3393 1337 3462 essent
1371 3387 1451 3481 sibi,
1482 3408 1589 3463 arma

416 3525 501 3601 quae
525 3513 723 3601 paraverat
738 3513 867 3583 contra
883 3507 1006 3582 hostes
1022 3513 1174 3582 ooaotus
1191 3516 1247 3584 est
1263 3513 1483 3601 retorquere
1499 3528 1590 3583 con·

416 3634 474 3703 tra
500 3625 634 3719 fliium3
659 3631 698 3702 et
724 3626 866 3723 magnis
890 3626 1002 3722 copiis
1027 3626 1245 3724 perveniens
1262 3626 1310 3702 ad
1335 3627 1442 3704 litora
1458 3619 1497 3720 (Β)
1524 3649 1590 3702 ru-

416 3745 555 3842 tupina,
579 3746 739 3822 *habuit
762 3746 880 3822 titium
915 3747 1078 3842 obviam,
1112 3767 1226 3842 quem
1257 3748 1370 3842 post*
1385 3738 1421 3840 (⁶)
1448 3749 1590 3824 acerri-

401 3877 521 3942 mum
547 3865 719 3959 l„mptum
752 3867 928 3941 venitin
957 3867 1096 3962 sugam,
1124 3875 1162 3941 et
1192 3867 1355 3961 proditor
1384 3867 1534 3944 intravit
1549 3857 1587 3961 (⁷)
1733 3897 1737 3906 ’

415 3983 622 4059 vintoniam
653 3984 712 4058 vel
742 3985 966 4060 Gratoniam.
992 3987 1152 4059 Arturus
1179 3991 1319 4080 autem,
1345 3986 1433 4080 quia
1465 3988 1588 4082 perdi-

416 4103 522 4181 derat
554 4108 608 4178 tot
645 4103 757 4178 millia
786 4124 954 4198 suorum,
985 4104 1119 4180 acriori
1150 4103 1207 4178 ira
1245 4124 1423 4181 aooeneus
1457 4107 1589 4182 invasit

418 4223 604 4300 civitatem
633 4229 671 4300 et
700 4224 966 4318 nequissimum
996 4223 1178 4298 ribaldum
1204 4223 1356 4300 obsedit
1383 4226 1590 4302 Mordretus

417 4363 509 4420 vem
534 4344 726 4457 oirsdnatae
746 4343 917 4440 perfidie,
936 4342 1138 4419 exhortatis
1163 4343 1239 4420 suis
1264 4343 1407 4440 magnis
1431 4345 1591 4440 promis-

418 4465 593 4560 sionibus,
627 4466 756 4542 votens
780 4464 901 4562 potins
927 4464 1076 4538 vincere
1104 4463 1166 4540 rel
1197 4463 1303 4558 mori,
1333 4483 1447 4560 qnam
1473 4465 1592 4560 turpi·

418 4590 476 4661 ter
500 4583 642 4681 sugere,
669 4585 769 4662 venit
801 4585 840 4659 in
863 4583 1038 4680 proelium
1068 4589 1197 4658 contra
1227 4588 1390 4679 patrem3
1416 4591 1454 4660 et
1478 4584 1591 4659 Artu-

480 4842 507 4902 ι’)
522 4843 549 4892 S.
565 4846 727 4897 monium.
976 4843 1004 4906 (⁸)
1018 4844 1050 4895 li.
1067 4844 1219 4898 iiordrotur
1234 4844 1283 4896 iste
1299 4847 1438 4897 contraxit.

480 4918 507 4980 i')
524 4920 555 4970 B.
573 4921 605 4970 ad
621 4921 710 4973 littora
724 4923 826 4986 inperii
840 4922 940 4972 habuit

481 4995 508 5056 t)
524 4996 560 5045 Le
577 4997 665 5058 peroio
682 4997 721 5048 ira
737 4999 746 5048 i
761 4999 812 5050 doe
828 4997 963 5050 monachi
978 5009 1025 5048 sorr
1039 4995 1152 5060 ooppiite
1168 4996 1211 5047 dai
1226 4995 1320 5048 tadu
1335 4997 1496 5049 stronino.

480 5071 507 5134 (³)
524 5070 549 5124 S
566 5072 670 5124 tetradi
687 5073 835 5128 timonem
851 5075 893 5126 rel
909 5072 1066 5126 Gratoniam·
