4606 6840
679 969 752 1037 304
1076 976 1279 1034 comittit
1303 979 1455 1034 militm

678 1125 792 1202 rerba
824 1123 977 1217 comitis,
1003 1125 1144 1215 quaudo
1174 1127 1203 1197 il
1231 1128 1301 1198 mro
1329 1127 1422 1200 draca
1451 1127 1500 1198 mi
1530 1115 1625 1198 toced
1654 1125 1704 1198 da
1735 1131 1845 1215 cosm,

678 1245 781 1339 idest,
805 1265 829 1318 a
855 1244 983 1337 latere,
1008 1244 1067 1319 vel
1081 1234 1117 1336 (⁴)
1136 1246 1175 1317 di
1189 1252 1299 1338 msto,
1316 1245 1408 1320 idest
1426 1244 1541 1339 istinc,
1559 1247 1723 1319 desudo:
1736 1250 1847 1338 porta

680 1373 728 1459 tu,
754 1362 859 1460 quasi
891 1363 1009 1438 dicat:
1043 1363 1139 1438 habe
1170 1383 1269 1438 nune
1297 1371 1339 1438 tu
1370 1363 1503 1458 vicem,
1535 1367 1647 1460 questi
1674 1353 1700 1439 ὁ
1724 1367 1845 1457 latim,

680 1485 767 1579 quia
791 1485 986 1588 hueusque
1011 1484 1156 1558 locutus
1180 1483 1232 1558 iui
1261 1504 1348 1558 cum
1379 1483 1495 1581 Ulyxe
1523 1503 1667 1579 graeco,
1691 1484 1774 1560 ideo
1804 1491 1846 1558 tu

679 1622 779 1677 nune
803 1603 957 1697 loquere
982 1623 1069 1678 eum
1094 1603 1163 1677 isto
1187 1603 1322 1678 comite
1341 1603 1472 1697 latin03
1490 1601 1596 1677 cuius
1619 1621 1731 1678 causa
1756 1604 1848 1678 assi-

678 1729 790 1818 gnata
820 1729 876 1797 est
907 1741 1019 1817 supra
1044 1722 1081 1796 in
1105 1721 1325 1816 praecedenti
1354 1721 1523 1816 capitulo.
1560 1722 1697 1798 Deinde
1729 1721 1847 1818 tangit

680 1842 952 1938 responsionem
967 1833 1005 1934 (¹)
1030 1861 1148 1936 suam,
1174 1841 1319 1916 dicens:
1345 1847 1379 1915 et
1396 1844 1445 1934 io,
1466 1843 1621 1915 ct'aoea
1637 1832 1700 1934 qut
1709 1847 1845 1934 proruta

664 1965 715 2035 'tu
738 1964 905 2054 πἐροεηι,
931 1981 1043 2055 quam
1057 1951 1095 2052 (³)
1116 1979 1446 2055 preconeeperam,
1467 1961 1671 2058 imaginans
1696 1981 1758 2034 me
1783 1981 1844 2036 re-

677 2101 899 2176 sponsurum
925 2080 992 2174 illi;
1017 2081 1237 2153 imomiatu'ui
1255 2083 1424 2174 apertur
1448 2101 1557 2154 senza
1580 2083 1737 2173 inducto,
1754 2080 1842 2174 quia

676 2200 772 2276 bene
797 2199 968 2293 sciebam,
995 2198 1181 2293 quomodo
1206 2199 1324 2274 stabam
1349 2205 1437 2273 tunc
1465 2199 1650 2295 pmvincia
1679 2200 1843 2275 Roman-

676 2319 782 2395 diolae
795 2307 847 2413 (⁸),
872 2316 1099 2393 contermina
1116 2318 1274 2413 Tusciae3
1292 2317 1385 2414 coepi
1407 2337 1498 2414 ergo
1523 2317 1664 2393 dicere:
1681 2322 1843 2394 oasim

677 2441 737 2512 cle
760 2441 807 2511 se’
819 2427 856 2511 ld
880 2432 940 2528 qul
963 2443 1140 2528 uusoostu,
1156 2436 1292 2512 scilieet
1317 2439 1455 2513 inclusa
1481 2437 1518 2511 in
1543 2437 1640 2534 igne,
1657 2459 1770 2533 quam
1788 2439 1844 2513 vi-

677 2557 767 2632 dere
792 2577 866 2630 non
890 2576 1053 2652 possum,
1078 2561 1265 2648 nonanta
1289 2563 1362 2649 ura,
1386 2557 1424 2630 in
1456 2577 1531 2651 qua
1561 2557 1676 2632 fecisti
1702 2558 1764 2632 tibi
1790 2558 1845 2633 sa-

680 2697 792 2770 mam,
817 2697 889 2748 noo
914 2672 963 2768 e'e,
983 2697 1002 2748 e
1021 2695 1093 2748 reon
1114 2679 1245 2770 firmat
1259 2697 1367 2748 senza
1389 2696 1538 2766 quma,
1558 2676 1729 2772 intellige,
1746 2684 1846 2773 post·

679 2817 792 2890 quam
824 2795 934 2891 coepit
951 2787 989 2888 (⁵)
1020 2795 1158 2871 habere
1195 2801 1379 2892 tyrannus,
1412 2794 1493 2870 ideo
1530 2795 1639 2870 dicit:
1671 2800 1728 2870 uei
1758 2817 1845 2871 cuor

677 2917 820 2989 de'suoi
844 2918 989 3007 dream,
1009 2915 1072 3010 qui
1097 2934 1244 3010 semper
1267 2915 1405 2989 bellum
1431 2914 1665 3008 meditantur,
1682 2935 1742 2988 ma
1761 2937 1843 3009 ora,

677 3034 778 3130 idest,
804 3056 903 3110 nunc
931 3034 1134 3130 actualiter,
1161 3055 1311 3108 uessuoo
1332 3038 1449 3128 paleae
1475 3037 1510 3108 ot
1533 3037 1668 3127 maai,
1694 3034 1779 3129 quia
1804 3036 1842 3108 io

675 3156 793 3231 MCCC
818 3157 962 3230 nullum
988 3161 1067 3230 erat
1091 3156 1228 3231 bellum
1249 3161 1376 3251 patens
1401 3155 1438 3228 in
1462 3154 1711 3231 Romandiola.
1738 3123 1859 3230 und?

675 3282 773 3369 nom,
794 3276 893 3369 quod
917 3275 985 3350 iste
1000 3295 1137 3368 comos,
1155 3280 1344 3370 tamquam
1363 3281 1536 3370 expertus
1549 3264 1601 3368 (θ),
1619 3274 1750 3351 merito
1772 3275 1842 3348 mi-

674 3397 838 3488 rabatur,
872 3394 971 3488 quod
1001 3393 1238 3468 Romandiola
1271 3401 1393 3489 posset
1425 3414 1591 3488 unquam
1607 3383 1642 3486 (⁷)
1677 3400 1775 3468 stare
1804 3394 1841 3467 in

675 3533 776 3610 pace.
802 3511 886 3587 ldeo
911 3512 961 3586 sic
986 3512 1123 3607 petivit,
1140 3518 1178 3586 et
1197 3519 1306 3585 autor
1322 3512 1373 3585 sio
1394 3511 1588 3607 respondet
1601 3501 1652 3604 (⁸),
1673 3518 1710 3586 et
1734 3513 1842 3607 bene,

675 3633 763 3728 quia
787 3631 1037 3725 Romandiola,
1062 3637 1256 3726 postquam
1281 3629 1447 3725 pervenit
1477 3629 1524 3704 ad
1558 3649 1689 3704 manus
1713 3636 1842 3727 tyran·

676 3771 823 3846 norum,
848 3768 1040 3844 nunquam
1066 3748 1258 3843 requievit,
1283 3755 1320 3823 et
1344 3748 1506 3824 maxime
1528 3753 1722 3844 postquam
1748 3770 1842 3846 papa

675 3870 798 3947 Nicola
822 3869 869 3946 de
894 3866 1030 3944 Ursinis
1054 3867 1139 3944 lecit
1162 3867 1229 3943 sibi
1254 3867 1334 3943 dari
1356 3868 1462 3942 istam
1482 3868 1706 3963 provinciam
1724 3890 1748 3944 a
1766 3871 1843 3944 Ro·

615 3979 618 3984 ’
674 3993 810 4088 dulpho
834 3990 1067 4085 imperatore,
1085 3994 1128 4062 ut
1151 3987 1236 4063 alibi
1257 3987 1394 4064 dictum
1415 3995 1482 4082 est,
1500 3994 1536 4063 et
1552 3987 1706 4063 dicetur.
1724 3988 1793 4078 Qui
1804 3979 1841 4082 (⁹)

674 4133 767 4209 papa
791 4109 910 4207 primo
936 4107 1033 4183 misit
1057 4109 1270 4184 Bertoldum
1288 4108 1440 4185 tratrem
1463 4128 1573 4182 suum
1592 4108 1754 4203 primum
1779 4129 1843 4182 oo·

673 4233 801 4307 mitem
810 4229 1069 4322 Romandiolae,
1080 4233 1117 4303 et
1129 4229 1350 4304 cardinalem
1364 4227 1517 4302 latinum
1532 4227 1694 4324 legatum
1710 4247 1838 4320 suum3

671 4373 695 4426 a
720 4371 795 4447 quo
821 4357 987 4444 tempore
1012 4349 1103 4424 eitra
1130 4367 1275 4441 semper
1302 4347 1406 4422 saetae
1431 4353 1517 4420 sunt
1542 4346 1590 4420 ibi
1615 4345 1727 4419 variae
1752 4365 1839 4417 mu·

671 4472 838 4564 tationes,
858 4475 897 4543 et
921 4467 1082 4562 quotidie
1106 4467 1209 4540 liunt
1236 4465 1338 4540 Unde
1358 4465 1496 4560 judicio
1522 4484 1607 4538 meo
1631 4463 1720 4537 mihi
1737 4463 1839 4539 ride-

671 4595 745 4682 tur,
762 4587 862 4682 quod
882 4591 1043 4681 quatuor
1060 4584 1294 4659 deduxerunt
1310 4584 1417 4658 istam
1436 4583 1594 4657 nobilem
1611 4581 1837 4676 provinciam

732 4773 762 4837 rt
779 4775 810 4824 n
827 4772 870 4824 vu
885 4771 996 4830 amu,
1013 4771 1078 4822 rust
1094 4769 1198 4832 naurur,
1214 4771 1326 4821 uanas

734 4850 761 4913 (’)
776 4850 807 4900 R.
823 4848 1023 4912 respomlonem,
1040 4847 1136 4898 dicens
1282 4843 1310 4907 (·)
1326 4844 1356 4895 12„
1373 4859 1452 4910 quum
1468 4849 1699 4910 procontexerrm.

734 4926 762 4991 (·)
777 4925 809 4976 lt.
825 4923 1002 4976 llomrndlole
1018 4923 1138 4988 oocthor
1153 4923 1263 4985 Tuscu,
1280 4923 1347 4986 ampl
1362 4935 1411 4987 ego
1427 4923 1522 4974 dicere.

735 5002 762 5066 (⁸)
777 5002 804 5054 S.
819 5015 835 5053 e
851 5007 906 5062 rto,
922 5002 1036 5066 luoeplt.
1283 4997 1311 5062 (’)
1327 4999 1358 5050 B.
1374 5011 1406 5050 ex
1422 5004 1495 5064 parte
1510 5001 1613 5052 mertto.

734 5079 940 5144 tomum
1284 5075 1514 5140 llll-ramnus
1637 5075 1664 5138 p)
1680 5073 1710 5124 n.
1726 5071 1800 5136 Qua.
