4580 6844
725 941 796 1009 ³72
1040 1005 1044 1014 ,
1116 950 1320 1008 eouunrou
1344 954 1495 1008 ruruuru

722 1094 852 1170 Scribit
875 1101 1002 1172 autem
1027 1095 1220 1174 Suetonius
1244 1095 1365 1192 primo
1389 1097 1436 1172 de
1459 1095 1652 1172 duodecim
1674 1094 1895 1186 murium,

724 1217 823 1311 quod
857 1216 989 1310 Caesar,
1023 1216 1179 1292 Paulum
1219 1217 1409 1292 AEmilium
1449 1236 1567 1292 uuum
1611 1217 1819 1311 oonsulum,
1857 1223 1896 1292 et

723 1335 854 1412 Gaium
889 1335 1086 1411 Curionem
1118 1335 1423 1412 violentissimum
1455 1337 1689 1413 tribunorum
1716 1337 1833 1412 mulla
1858 1341 1897 1412 et

723 1457 827 1553 larga
851 1454 1044 1552 largitione
1068 1455 1273 1533 conciliarit
1297 1457 1378 1549 sibi,
1396 1477 1444 1533 ue
1460 1457 1657 1553 aliquando
1685 1455 1898 1532 defensores

722 1574 921 1650 delicerent
940 1573 1020 1668 sibi,
1038 1574 1096 1650 vel
1121 1575 1158 1650 iu
1182 1583 1327 1671 senatu,
1343 1578 1403 1652 rel
1419 1577 1458 1650 in
1478 1577 1623 1673 populo.
1642 1575 1744 1652 Unde
1761 1583 1799 1651 et
1813 1574 1897 1650 Vir·

723 1695 831 1792 gilius
868 1701 974 1770 serto
1014 1689 1243 1789 Eueidos(⁴):
1275 1699 1429 1772 omdidit
1454 1699 1510 1770 lta
1538 1715 1631 1772 miro
1658 1699 1831 1790 parram,
1852 1700 1897 1770 ot

723 1816 894 1890 Lucanus
918 1815 955 1890 iu
986 1815 1060 1891 fine
1092 1816 1188 1892 tertii
1212 1816 1316 1892 dicit:
1342 1837 1456 1892 emere
1479 1819 1553 1912 olii,
1578 1819 1633 1890 iio
1656 1817 1810 1890 veum
1831 1836 1896 1890 arra·

723 1935 808 2010 bem.
841 1936 924 2010 *lle
948 1955 994 2010 oo
1018 1943 1145 2012 autem
1177 1936 1263 2012 dicit
1291 1936 1450 2012 Plinius:
1487 1941 1593 2012 uano
1623 1939 1710 2012 rutil
1730 1939 1769 2010 in
1791 1955 1896 2010 ωηεν

723 2057 841 2130 latuit
851 2063 984 2150 praelo
1000 2058 1216 2130 ἀπἐοονάἰαηι
1232 2060 1357 2132 nomm
1369 2058 1389 2102 *
1399 2050 1450 2150 (²).
1464 2057 1569 2132 Nunc
1585 2056 1633 2132 ad
1652 2057 1797 2132 literam
1809 2054 1896 2130 dicit

722 2183 833 2251 autor
850 2175 1108 2266 exclamative:
1132 2179 1310 2268 eponae
1330 2179 1457 2271 Cam
1477 2177 1535 2252 vir
1553 2174 1894 2272 eloquentissimum

723 2294 932 2389 eloquentia
957 2293 1056 2370 euim
1082 2294 1152 2368 luit
1181 2296 1286 2392 quasi
1311 2295 1544 2372 hereditaria
1568 2296 1606 2370 iu
1629 2295 1740 2370 domo
1765 2293 1896 2368 Curio-

723 2436 827 2508 uum,
848 2414 935 2509 quia
959 2420 1035 2488 tren
1059 2413 1210 2489 luerunt
1226 2415 1406 2492 Curiones
1423 2415 1547 2512 magui
1567 2419 1734 2491 oratores
1749 2431 1897 2488 suoeeo·

724 2537 818 2628 sive3
853 2554 1015 2629 quorum
1041 2533 1153 2609 Curio
1181 2541 1286 2630 pater
1317 2535 1425 2610 ulmis
1452 2536 1643 2610 iulrouesta
1673 2533 1721 2608 tle
1752 2531 1896 2608 Caesare

725 2654 825 2748 dixit,
852 2673 937 2748 quae
962 2653 1072 2728 modo
1098 2654 1239 2730 referre
1263 2655 1433 2750 prohibet
1456 2655 1587 2750 pudor,
1604 2661 1642 2730 et
1660 2652 1766 2728 dicit:
1782 2653 1844 2726 ote
1856 2653 1898 2745 so

725 2766 797 2850 aori
822 2776 940 2848 mutto
965 2794 990 2845 a
1014 2775 1094 2848 dtr!
1117 2775 1221 2850 Unde
1239 2776 1431 2850 Lucanus:
1458 2777 1591 2850 Audeo
1613 2777 1729 2848 amau
1751 2775 1898 2846 eorum-

725 2902 783 2970 tur
811 2895 917 2968 ono
941 2896 1200 2987 lippum-mi
1218 2914 1335 2988 pereo
1358 2895 1543 2986 remolito,
1560 2893 1663 2988 ideal,
1681 2893 1832 2966 territus
1856 2899 1895 2966 et

723 3013 899 3090 attonitus
913 3003 963 3108 (³),
988 3033 1056 3088 eoa
1076 3017 1114 3088 lo
1130 3017 1250 3106 liam
1267 3017 1414 3106 motolo
1429 3017 1523 3088 noio
1544 3021 1704 3104 werza,
1729 3011 1831 3105 idest,
1857 3011 1895 3085 iu

722 3135 827 3231 gula:
853 3133 914 3208 vel
939 3138 1058 3228 potest
1081 3133 1187 3208 aliter
1203 3134 1348 3229 exponi,
1371 3134 1458 3228 quia
1484 3132 1542 3208 isti
1568 3132 1659 3208 tales
1683 3131 1747 3226 qui
1771 3129 1896 3206 detra-

723 3260 824 3330 ctant
846 3253 942 3328 iuter
969 3262 1159 3348 magnates
1184 3258 1222 3328 et
1246 3258 1426 3348 potentes,
1449 3253 1545 3327 siout
1569 3252 1636 3327 isle
1661 3250 1772 3327 Curio
1797 3248 1896 3324 leoe-

725 3381 782 3449 rat
806 3392 915 3468 saepe,
932 3373 1143 3450 avelluntur
1165 3373 1289 3470 lingua
1310 3375 1357 3450 de
1382 3374 1490 3468 lacto,
1507 3372 1566 3449 vel
1583 3373 1670 3467 quia
1695 3369 1897 3468 imponitur

724 3494 778 3568 eis
802 3492 986 3568 silentium
1007 3499 1227 3588 perpetuum
1245 3493 1389 3568 mtenla
1408 3492 1550 3586 fraude,
1568 3492 1657 3586 quia
1673 3490 1898 3566 erubescunt

724 3610 882 3708 amplius
906 3611 1019 3704 loqui,
1045 3611 1192 3705 quaudo
1217 3618 1304 3686 suut
1327 3612 1377 3686 ita
1401 3611 1598 3707 vituperati
1624 3617 1662 3685 et
1681 3607 1832 3684 oouliui.
1853 3605 1898 3680 Et

726 3729 881 3806 ulterius
910 3730 995 3804 volo
1027 3735 1064 3804 te
1092 3729 1188 3806 seire
1216 3730 1315 3826 quod
1346 3730 1405 3805 liic
1437 3731 1549 3806 Curio
1583 3729 1752 3804 turbator
1783 3724 1897 3802 euriae

726 3850 792 3924 luit
807 3836 845 3940 (⁴)
870 3868 960 3925 rere
989 3868 1118 3944 cneus,
1148 3849 1365 3926 vulneratus
1393 3861 1432 3927 et
1462 3851 1656 3926 laceratus.
1692 3847 1783 3921 Nam
1809 3865 1897 3919 oum

726 3970 858 4044 missus
881 3988 905 4042 a
930 3967 1074 4044 Caesare
1099 3969 1258 4044 venisset
1274 3968 1311 4044 iu
1327 3967 1486 4044 Africam
1503 3975 1543 4044 ol
1558 3967 1757 4064 effugasset
1769 3958 1805 4058 (⁶)
1825 3965 1897 4038 Va·
1941 3993 1942 3998 Ν

726 4114 823 4189 rum,
849 4094 914 4188 qui
943 4113 1010 4189 pro
1044 4092 1217 4188 Pompeio
1246 4098 1403 4188 preerat
1433 4089 1484 4164 illi
1513 4088 1723 4186 provincie,
1756 4087 1896 4164 vietum

725 4214 855 4310 proelio
871 4214 990 4290 elatus
1002 4214 1200 4308 iuventute
1216 4218 1254 4286 et
1279 4231 1375 4288 nora
1392 4210 1557 4305 victoria,
1577 4211 1747 4285 incautus
1759 4198 1811 4302 (⁴),
1828 4205 1896 4281 luit

723 4354 920 4430 oppressus
943 4355 967 4409 a
993 4352 1083 4428 rege
1107 4331 1202 4406 luha
1227 4331 1391 4406 exercitu
1416 4330 1563 4406 amisso.
1584 4331 1629 4404 Et
1653 4348 1740 4404 cum
1765 4327 1896 4423 lugere

725 4460 846 4549 posset
871 4453 986 4528 voluit
1011 4451 1131 4547 potius
1156 4450 1363 4526 moricum
1393 4449 1470 4525 suis
1499 4469 1593 4544 quoe
1615 4447 1819 4524 deduxerat
1847 4443 1894 4519 ad

726 4579 884 4649 mortem
908 4573 1086 4665 animose,
1103 4577 1141 4646 et
1157 4591 1291 4666 corpus
1310 4571 1405 4645 illius
1426 4571 1673 4663 inhumatum,
1690 4570 1894 4644 laueratum

788 4758 815 4820 (¹)
832 4763 878 4810 llo
893 4771 909 4809 e
925 4758 956 4809 E.
972 4759 1083 4810 Eueidoo
1098 4759 1173 4810 utut:
1190 4759 1312 4809 omotau.

789 4835 928 4899 (lQuoeto
944 4833 1301 4900 puwlll’llnlorlrlcodloo
1313 4835 1531 4899 Euomtporto
1548 4834 1638 4884 lureoo
1653 4834 1680 4884 ln
1696 4831 1747 4884 one
1763 4831 1790 4882 (tl
1805 4835 1896 4896 querit

726 4917 992 5052 mi'lwffiltrltm.
1411 4988 1440 5051 (⁸)
1455 4989 1486 5039 ll.
1502 4987 1553 5038 lull
1567 4997 1718 5046 amomo,
1734 4983 1895 5035 ruloeratar.

788 5064 816 5128 Γ)
832 5065 858 5116 S·
874 5065 1236 5133 mrum-manumet
1246 5065 1352 5118 Rarum.
1414 5064 1443 5130 (⁸)
1458 5065 1490 5118 ll.
1505 5065 1615 5116 munte.
