4534 6842
704 975 843 1036 cnnrtte
866 975 1058 1036 tremos
1082 979 1224 1036 narnus
1494 962 1540 1034 tle

375 1127 411 1202 in
437 1123 630 1222 superficie
654 1124 828 1199 exteriori
854 1130 1002 1220 propter
1026 1124 1220 1200 hudonem.
1246 1123 1338 1198 Dicit
1362 1143 1475 1220 ergo:
1502 1127 1543 1196 lo

374 1249 481 1321 vedeo
506 1247 562 1336 lei,
587 1243 723 1320 scilicet
746 1244 864 1338 picem
890 1246 1099 1339 obscuram,
1126 1265 1184 1317 me
1200 1265 1273 1318 non
1288 1247 1396 1318 vedeo
1411 1247 1449 1317 in
1465 1265 1545 1317 esso

374 1371 444 1442 ma'
469 1369 529 1440 cle
554 1369 585 1439 le
608 1364 836 1459 indesidem,
862 1365 929 1438 nisi
956 1366 1075 1439 solem
1106 1365 1225 1438 bullas
1253 1365 1421 1461 desuper,
1452 1365 1545 1438 sicut

373 1485 541 1562 videmus
565 1481 762 1577 aliqnando
787 1484 824 1556 in
848 1503 947 1577 aqua
971 1484 1121 1578 quando
1145 1485 1236 1579 pluit
1261 1489 1428 1578 tempore
1447 1483 1545 1557 msti-

375 1604 458 1700 vali‚
482 1603 565 1680 ideo
598 1603 707 1678 dicit:
741 1605 801 1676 cle
816 1606 843 1676 Ἰ
864 1604 978 1676 tollor
1002 1606 1140 1695 konco,
1166 1603 1270 1698 quasi
1294 1603 1390 1678 dicat
1414 1609 1543 1678 autor:

375 1743 449 1798 non
482 1730 647 1819 poteram
679 1722 805 1798 videre
836 1722 1039 1798 osraenos
1072 1723 1225 1799 latentes
1258 1724 1327 1797 sul)
1360 1723 1450 1818 pice,
1481 1722 1544 1797 sed

376 1843 553 1918 sonabula
569 1836 605 1934 (¹)
625 1848 779 1916 tantum.
799 1843 843 1915 lit
859 1843 918 1916 hic
934 1850 1033 1937 nota,
1049 1844 1149 1937 quod
1164 1862 1230 1938 per
1242 1845 1312 1918 hoc
1324 1847 1433 1918 autor
1449 1841 1545 1938 ligu-
1561 1825 1564 1830 ’

377 1969 435 2038 rat
458 1961 557 2058 quod
582 1967 927 2055 quantumcumque
951 1960 1134 2037 barataria
1150 1963 1213 2037 ilat
1229 1963 1356 2057 celate,
1373 1962 1492 2037 velate
1507 1967 1545 2054 et

377 2083 548 2176 colorato7
580 2088 704 2156 emen
735 2081 988 2156 manifestatur
1019 2101 1086 2176 per
1114 2103 1310 2157 murmura
1334 2082 1544 2176 hominum3

376 2201 462 2278 dicit
477 2221 575 2276 unns
598 2201 704 2276 elteri
730 2200 839 2275 tacito
864 2221 1042 2275 susurro:
1067 2203 1144 2296 ipse
1169 2203 1238 2278 luit
1260 2201 1423 2279 lucratus
1446 2201 1545 2276 mille

376 2323 533 2396 llorcnos
540 2345 550 2415 3
576 2320 662 2396 dicit
685 2318 800 2394 alius:
834 2325 875 2393 tu
893 2311 930 2412 (²)
964 2321 1080 2395 nescis
1105 2321 1204 2415 qnod
1228 2320 1304 2417 ipse
1329 2321 1465 2417 recepit
1497 2320 1546 2395 ab
1704 2351 1708 2359 ·

375 2449 533 2536 utraque
557 2449 673 2536 parte,
700 2447 738 2516 el
762 2446 962 2534 utramque
988 2440 1187 2534 baratavit3
1205 2441 1289 2514 dicit
1311 2441 1462 2514 tertius:
1489 2449 1545 2516 ta-

374 2567 467 2655 cete,
492 2560 580 2656 quia
605 2559 755 2655 possetis
780 2577 846 2634 vos
871 2560 1007 2634 lucrari
1037 2560 1177 2634 malum
1202 2579 1354 2655 annum,
1373 2559 1474 2634 etita
1498 2559 1547 2634 de

376 2681 454 2756 aliis
472 2672 522 2774 (Β),
552 2687 590 2756 et
619 2680 726 2754 dicit:
758 2685 797 2753 et
828 2678 996 2754 videbam
1026 2699 1123 2775 eam,
1154 2684 1296 2774 pooflnr
1327 2688 1424 2773 mua,
1455 2678 1546 2754 idest

377 2801 492 2876 intiari
506 2790 543 2893 (ἢ
565 2807 603 2875 et
618 2800 754 2874 elevari
772 2819 933 2893 sursum,
951 2821 970 2872 e
985 2804 1133 2893 medor,
1150 2800 1242 2875 idest
1259 2801 1431 2895 residere,
1449 2821 1545 2873 com·

372 2938 511 3013 pressa,
529 2919 620 2994 idest
634 2919 808 2993 deorsum
826 2918 1035 3013 depressam
1049 2911 1086 3012 (⁵)
1106 2926 1214 2994 stare.
1233 2921 1286 2994 Ad
1303 2922 1413 2994 huius
1430 2921 1545 2995 litere

376 3038 648 3134 intelligentiam
673 3045 729 3112 est
754 3037 966 3132 noandum,
994 3038 1094 3132 quod
1113 3038 1219 3114 aliter
1240 3059 1281 3114 se
1298 3041 1407 3114 nabet
1424 3040 1545 3114 bullor

378 3159 414 3232 in
438 3177 548 3252 aqua,
573 3157 679 3232 aliter
704 3158 741 3230 in
765 3153 860 3252 pice3
881 3177 967 3232 nam
988 3177 1086 3252 aqna
1104 3165 1252 3254 propter
1269 3160 1429 3235 calorem
1451 3159 1544 3255 ignis

377 3295 444 3372 pro
464 3283 568 3371 parte
584 3276 741 3352 vertitur
755 3266 791 3368 (θ)
818 3275 855 3350 in
880 3295 1020 3370 aerem,
1046 3283 1084 3351 et
1109 3277 1168 3352 ille
1191 3297 1258 3353 aer
1274 3278 1463 3375 egreditur
1479 3297 1546 3374 per

378 3416 514 3491 aquam
539 3415 612 3470 non
637 3397 852 3472 conversam
878 3396 1123 3492 gurguliando
1140 3398 1320 3493 usquead
1339 3405 1545 3474 extremam

377 3515 621 3611 superficiem,
638 3521 677 3589 et
692 3515 807 3591 libere
820 3516 956 3609 exalat3
969 3517 1033 3591 sed
1048 3516 1084 3590 in
1098 3517 1177 3612 pice
1189 3517 1385 3595 humiditas
1396 3524 1546 3614 propter

377 3637 537 3711 calorem
556 3634 648 3731 ignis
672 3634 767 3708 bene
791 3635 1019 3710 convertitur
1043 3635 1081 3708 in
1104 3655 1244 3730 aerem,
1270 3643 1310 3712 et
1332 3638 1427 3713 bene
1447 3637 1547 3712 venit

376 3753 621 3851 gurguliando
646 3773 765 3848 usque
790 3754 836 3827 ad
862 3761 1068 3830 extremam
1096 3756 1345 3852 superficiem3
1370 3757 1434 3833 scd
1458 3758 1546 3852 quia

377 3895 450 3949 non
474 3880 593 3970 potest
616 3874 724 3969 plene
740 3873 891 3948 exalarc
905 3881 1056 3970 propter
1074 3875 1321 3952 viscositatem
1339 3878 1437 3973 picis,
1457 3895 1546 3952 con-

377 3995 532 4070 vertitur
547 3983 584 4086 U)
609 3993 648 4068 in
674 3992 879 4088 humidum,
905 4001 944 4068 et
967 3995 1038 4068 hoc
1063 4000 1119 4068 est
1135 3995 1234 4089 quod
1250 4001 1360 4072 autor
1376 3997 1492 4093 tangit
1507 3997 1545 4070 in

376 4113 492 4188 litera.

449 4237 575 4308 llmtr‘
586 4237 632 4307 to.
659 4233 730 4308 lsta
755 4239 811 4308 est
834 4231 994 4307 secunda
1012 4251 1097 4327 pars
1117 4231 1309 4330 generalis,
1331 4233 1367 4307 in
1383 4253 1458 4328 qna
1474 4253 1546 4308 au·

377 4359 435 4428 tor
458 4351 630 4430 describit
646 4353 683 4428 in
701 4351 848 4448 speciali
864 4371 981 4426 unum
999 4351 1184 4428 diabolum
1203 4359 1408 4449 portantem
1427 4373 1545 4428 unum

378 4472 544 4568 spiricnn
577 4472 811 4568 singulariter
842 4471 1061 4546 infamatum
1096 4472 1164 4550 isto
1197 4473 1285 4549 vitio
1318 4493 1405 4550 eom
1436 4479 1546 4570 gente

379 4611 456 4668 snae
479 4593 618 4689 patrie
634 4593 680 4668 Et
704 4591 866 4666 brevitm
882 4591 969 4666 dicit
985 4593 1085 4687 quod
1102 4594 1180 4689 ipso
1196 4599 1316 4669 stante
1333 4594 1369 4670 in
1385 4595 1548 4670 culmine

1440 4757 1547 4772 *

439 4857 688 4922 ditmannum.
987 4858 1404 4928 presumendum

440 4931 466 4997 (¹)
482 4934 513 4984 R.
528 4935 560 4986 da
576 4935 648 4996 eliis:
666 4935 727 4986 dicit
742 4947 814 4998 ergo.
986 4933 1013 4996 (⁸)
1030 4935 1061 4986 E.
1077 4937 1241 4989 inflammari.

439 5011 467 5074 (¹)
483 5010 514 5062 B.
530 5025 652 5074 precum.
984 5009 1011 5072 (¹)
1028 5011 1059 5062 ll.
1075 5025 1103 5063 se
1120 5015 1240 5067 unitur·

441 5085 468 5149 ρ)
484 5091 539 5148 lle,
555 5088 755 5140 miht-
