4566 6844
711 995 849 1052 CANTUS
874 995 1087 1052 uulnusmus
1112 995 1273 1051 nnuums.
1506 983 1576 1051 545

408 1139 536 1215 indicia
559 1146 702 1216 vernet
722 1141 825 1240 signa
844 1140 1060 1234 necessaria,
1077 1141 1218 1216 dicens:
1237 1141 1576 1233 annominemus,

406 1280 425 1331 c
449 1263 572 1334 dormo
597 1281 615 1333 c
640 1269 730 1334 vesta
747 1265 875 1355 ponat,
902 1281 986 1357 quae
1011 1261 1134 1336 omnia
1162 1281 1235 1336 non
1261 1261 1398 1336 iaciunt
1423 1259 1573 1336 mortni.

406 1382 448 1453 Et
478 1383 578 1476 ponit
608 1383 881 1478 responsionem
912 1383 1068 1457 diberici
1100 1383 1147 1457 ad
1177 1402 1283 1457 suam
1311 1382 1574 1458 dubitationem

404 1501 594 1578 declarans
623 1504 782 1578 formam
814 1504 942 1579 mortis
972 1502 1167 1598 spiritualis
1191 1501 1287 1576 iilius
1311 1502 1506 1596 Branchae3
1537 1507 1575 1576 et

404 1623 489 1698 dicit
514 1623 675 1701 breviter
701 1625 799 1718 quod
825 1625 967 1700 Branca
998 1623 1194 1698 damnatus
1219 1629 1274 1697 est
1307 1623 1354 1698 ad
1387 1623 1569 1698 infernum

404 1749 604 1838 antequam
634 1744 784 1822 Michaei
813 1765 917 1820 socer
947 1743 1026 1820 cius
1046 1743 1258 1817 interiectus
1289 1742 1416 1817 fuisset
1440 1744 1488 1817 ab
1514 1761 1570 1818 eo.

404 1863 496 1937 Dicit
521 1885 631 1961 ergo:
658 1867 740 1938 diss'
753 1867 797 1957 ci,
821 1863 956 1939 scilicet
981 1861 1169 1937 albericus
1183 1854 1242 1955 (¹):
1270 1864 1394 1936 Micdct
1412 1865 1570 1953 macic,

402 1983 573 2080 egregius
598 1982 815 2078 baratarius,
837 2005 908 2057 non
931 2004 995 2056 ero
1020 1985 1140 2074 picato
1164 2003 1303 2056 ancora
1326 1985 1385 2054 nel
1404 1986 1503 2075 fosso
1527 2003 1569 2056 so

401 2107 439 2177 di
460 2105 717 2196 Motcdroncte,
737 2104 839 2198 idest,
862 2103 1026 2178 nondum
1044 2103 1226 2179 ceciderat
1243 2103 1280 2177 in
1297 2102 1463 2196 quintam
1485 2101 1569 2177 bul·

400 2223 499 2320 giam
525 2225 765 2319 superiorem,
787 2224 849 2298 ubi
869 2230 956 2298 suut
980 2223 1166 2298 daemones
1192 2224 1455 2297 Maiebranchae
1481 2243 1569 2298 cru-

403 2343 539 2418 ciantes
564 2343 766 2418 baratarios
793 2343 829 2416 in
853 2343 953 2439 pice;
980 2344 1078 2418 uude
1103 2342 1211 2417 dicit:
1238 2332 1275 2416 id
1303 2345 1392 2416 dove
1419 2343 1507 2417 totle
1532 2347 1568 2415 lo

401 2471 518 2537 cauce
531 2485 626 2556 pecc,
643 2465 691 2538 ita
710 2463 808 2557 quod
829 2464 978 2539 Michael
997 2469 1197 2558 antequam
1218 2462 1360 2538 reniret
1389 2463 1435 2538 ad
1453 2463 1568 2538 maias

403 2583 557 2658 brancas
581 2583 849 2658 daemoniorum
876 2583 912 2657 in
938 2584 1016 2678 pice
1046 2582 1222 2658 inciderat
1253 2583 1291 2656 in
1316 2582 1431 2658 malas
1455 2582 1568 2657 bran·

401 2723 463 2776 cas
484 2702 661 2777 Branchae
684 2704 811 2799 generi
838 2704 905 2797 sui,
924 2706 1118 2797 adaquasti,
1135 2701 1271 2777 scilicet
1287 2703 1441 2796 Branca,
1460 2696 1569 2776 loscid

401 2841 449 2894 on
473 2823 614 2895 dwoolo
638 2825 675 2895 in
699 2843 765 2896 suo
790 2843 880 2913 accc,
900 2821 938 2895 in
953 2814 990 2915 (¹)
1010 2823 1089 2897 loco
1113 2821 1248 2897 animae
1262 2833 1361 2917 sum,
1378 2824 1437 2894 net
1458 2841 1568 2914 corpo

398 2963 473 3036 suo,
495 2943 592 3036 quod
612 2949 668 3017 est
684 2943 825 3019 dicere:
844 2950 932 3017 tunc
949 2942 1102 3038 perdidit
1119 2943 1280 3018 animam
1302 2962 1421 3037 suam,
1439 2964 1458 3015 c
1473 2944 1508 3014 d
1518 2962 1566 3015 on

397 3083 462 3135 suo
482 3065 720 3155 prassinam,
747 3062 850 3156 idest,
871 3062 980 3136 unius
1005 3062 1183 3137 consortis
1200 3063 1257 3136 sui
1281 3063 1328 3137 de
1352 3062 1463 3136 domo
1483 3081 1561 3137 sua.

397 3181 468 3256 Iste
492 3181 560 3255 tun
585 3203 682 3256 unus
707 3203 820 3277 nepos
845 3183 936 3276 eius,
954 3182 1016 3276 qui
1034 3183 1144 3256 simul
1161 3202 1287 3257 secum
1311 3181 1490 3258 interiecit
1508 3181 1563 3256 di-

397 3308 497 3376 ctum
514 3301 743 3397 Michaelem3
767 3302 865 3378 unde
881 3301 985 3377 dicit:
1004 3305 1063 3376 otc
1075 3305 1101 3375 't
1115 3305 1323 3376 nodimcnto
1339 3303 1480 3376 mocon
1496 3323 1563 3376 con

396 3425 445 3496 lut
472 3428 554 3517 soce.
587 3423 630 3496 Et
659 3423 717 3498 hic
751 3431 847 3518 nota,
879 3424 977 3517 quod
1002 3424 1201 3519 januenses
1230 3423 1445 3498 naturaiiter
1459 3413 1498 3516 (⁸)
1527 3429 1564 3498 et

395 3543 641 3620 communiter
665 3553 751 3620 sunt
775 3543 1007 3639 cupidissimi,
1025 3553 1063 3619 et
1083 3543 1237 3620 avaritia
1260 3543 1412 3639 impellit
1433 3563 1497 3620 eos
1517 3543 1563 3618 ad

394 3686 505 3740 omne
530 3666 694 3738 maium:
716 3670 840 3740 tamen
862 3671 1083 3760 reputantur
1098 3665 1334 3743 valentissimi
1354 3665 1390 3739 in
1412 3664 1561 3739 mondo.

395 3786 496 3861 Unde
519 3785 565 3860 de
585 3786 652 3859 ista
670 3786 798 3860 eadem
817 3786 951 3861 inmitia
969 3785 1037 3859 iuit
1054 3787 1202 3882 Lampa,
1221 3786 1343 3883 magni
1361 3785 1473 3860 animi
1491 3785 1562 3876 vir,

394 3906 456 3999 qui
482 3925 569 3979 cum
594 3911 741 4000 gereret
766 3905 904 3980 bellum
931 3905 1061 3979 navaie
1086 3911 1214 3980 contra
1245 3911 1395 3980 venetos
1426 3905 1561 3998 hostes,

395 4031 493 4098 stans
518 4024 554 4096 in
579 4023 687 4118 puppi
713 4024 829 4120 galeae
858 4044 946 4118 suos,
973 4023 1069 4098 iilius
1102 4024 1181 4098 eius
1214 4030 1363 4100 strenue
1394 4043 1563 4120 pugnans

394 4145 431 4219 in
457 4165 565 4241 prora
591 4164 787 4240 percussus
812 4144 886 4220 teto
911 4145 948 4218 in
973 4151 1122 4240 pectore
1149 4145 1279 4220 cecidit
1308 4143 1558 4219 moribundus.

393 4265 473 4353 Quo
499 4285 585 4340 casu
611 4257 747 4340 acerbo
762 4252 798 4358 (⁴)
825 4264 992 4339 concussi
1017 4264 1103 4340 socii
1130 4265 1296 4339 exterriti
1316 4272 1401 4339 suot
1418 4283 1558 4340 omnes.

393 4385 495 4460 Tunc
519 4387 655 4480 Lampa
681 4383 718 4458 in
744 4383 864 4459 medio
889 4385 1023 4460 ardore
1047 4383 1131 4460 beili
1157 4385 1290 4461 obiitus
1315 4383 1389 4480 tilii,
1416 4402 1561 4460 memor

393 4505 531 4599 patriae,
557 4513 594 4579 et
618 4502 745 4601 gioria
770 4525 860 4600 suae,
878 4505 999 4580 subito
1024 4505 1189 4580 cucurrit
1205 4505 1251 4580 ad
1272 4505 1406 4600 iocum,
1425 4509 1461 4580 et
1480 4524 1560 4579 ma·

391 4625 524 4722 gnifica
547 4625 740 4721 increpans
763 4646 893 4702 omnes
917 4625 1151 4722 trepidantes,
1173 4626 1281 4722 jussit
1312 4624 1427 4700 titium
1453 4625 1558 4701 abiici

393 4745 430 4818 in
456 4745 563 4840 mari,
581 4753 618 4821 et
639 4749 789 4822 hortans
804 4739 840 4840 (⁵)
867 4755 1032 4841 caeterea,
1049 4747 1157 4822 dixit:
1184 4768 1390 4843 numquam
1410 4747 1561 4823 habuis-

452 4903 479 4966 (¹)
497 4908 550 4964 rro,
568 4903 615 4972 ilin-
629 4904 776 4955 Aibericus.
977 4901 1005 4967 (¹)
1023 4905 1053 4955 lt.
1070 4905 1136 4956 idest
1149 4905 1186 4956 lu.

451 4977 479 5042 (¹)
495 4979 526 5030 n.
544 4980 707 5045 gunenliter,
724 4987 751 5033 et
767 4985 943 5033 communiter
957 4987 984 5032 at
1000 4981 1155 5033 naturaiiter
1170 4987 1238 5033 aaut.

450 5055 479 5114 (⁸)
495 5055 526 5106 li.
542 5057 672 5108 acerrimo
687 5059 805 5110 nonnoni
821 5059 885 5110 socii
901 5062 970 5119 suut,
986 5063 1013 5109 et
1029 5058 1113 5109 territt
1130 5062 1198 5109 sunt.

452 5132 479 5193 (Ἴ
495 5131 521 5182 S.
536 5145 552 5184 a
568 5132 599 5184 B.
616 5133 763 5185 ntorum

521 5239 550 5284 u.
