<?xml version="1.0" encoding="UTF-8"?>
<!DOCTYPE html PUBLIC "-//W3C//DTD XHTML 1.0 Transitional//EN"
    "http://www.w3.org/TR/xhtml1/DTD/xhtml1-transitional.dtd">
<html xmlns="http://www.w3.org/1999/xhtml" xml:lang="en" lang="en">
 <head>
  <title>
</title>
<meta http-equiv="Content-Type" content="text/html;charset=utf-8" />
  <meta name='ocr-system' content='tesseract 3.04.00' />
  <meta name='ocr-capabilities' content='ocr_page ocr_carea ocr_par ocr_line ocrx_word'/>
</head>
<body>
  <div class='ocr_page' id='page_1' title='image "./comentumsuperda01benvgoog_0570.png"; bbox 0 0 4566 6844; ppageno 0'>
   <div class='ocr_carea' id='block_1_1' title="bbox 679 987 1549 1066">
    <p class='ocr_par' dir='ltr' id='par_1_1' title="bbox 679 987 1549 1066">
     <span class='ocr_line' id='line_1_1' title="bbox 679 987 1549 1066; baseline -0.001 -12"><span class='ocrx_word' id='word_1_1' title='bbox 679 997 819 1056; x_wconf 75' lang='lat' dir='ltr'><strong>cunnus</strong></span> <span class='ocrx_word' id='word_1_2' title='bbox 844 998 1058 1055; x_wconf 79' lang='lat' dir='ltr'><strong>rarussrrnus</strong></span> <span class='ocrx_word' id='word_1_3' title='bbox 1082 999 1259 1066; x_wconf 80' lang='lat' dir='ltr'><strong>oumrus.</strong></span> <span class='ocrx_word' id='word_1_4' title='bbox 1482 987 1549 1054; x_wconf 76' lang='lat'><strong>561</strong></span> 
     </span>
    </p>
   </div>
   <div class='ocr_carea' id='block_1_2' title="bbox 382 1143 1557 1841">
    <p class='ocr_par' dir='ltr' id='par_1_2' title="bbox 382 1143 1557 1841">
     <span class='ocr_line' id='line_1_2' title="bbox 384 1143 1555 1242; baseline 0.002 -25"><span class='ocrx_word' id='word_1_5' title='bbox 384 1149 556 1219; x_wconf 86' lang='lat' dir='ltr'><strong>autorem</strong></span> <span class='ocrx_word' id='word_1_6' title='bbox 581 1143 767 1239; x_wconf 80' lang='lat' dir='ltr'>libertatis,</span> <span class='ocrx_word' id='word_1_7' title='bbox 785 1151 822 1220; x_wconf 90' lang='lat' dir='ltr'><strong>et</strong></span> <span class='ocrx_word' id='word_1_8' title='bbox 842 1147 1013 1220; x_wconf 92' lang='lat' dir='ltr'><strong>Lucanus</strong></span> <span class='ocrx_word' id='word_1_9' title='bbox 1030 1165 1127 1242; x_wconf 85' lang='lat' dir='ltr'><strong>saepe</strong></span> <span class='ocrx_word' id='word_1_10' title='bbox 1144 1146 1213 1220; x_wconf 93' lang='lat' dir='ltr'><strong>boc</strong></span> <span class='ocrx_word' id='word_1_11' title='bbox 1229 1143 1433 1220; x_wconf 87' lang='lat' dir='ltr'><strong>confirmat.</strong></span> <span class='ocrx_word' id='word_1_12' title='bbox 1452 1143 1555 1219; x_wconf 82' lang='lat' dir='ltr'><strong>Unde</strong></span> 
     </span>
     <span class='ocr_line' id='line_1_3' title="bbox 383 1265 1557 1361; baseline 0 -23"><span class='ocrx_word' id='word_1_13' title='bbox 383 1271 494 1339; x_wconf 89' lang='lat' dir='ltr'><strong>autor</strong></span> <span class='ocrx_word' id='word_1_14' title='bbox 518 1265 626 1339; x_wconf 87' lang='lat' dir='ltr'><strong>dicit:</strong></span> <span class='ocrx_word' id='word_1_15' title='bbox 660 1268 741 1339; x_wconf 85' lang='lat' dir='ltr'><strong>Vedi</strong></span> <span class='ocrx_word' id='word_1_16' title='bbox 764 1287 860 1341; x_wconf 75' lang='lat' dir='ltr'><strong>conte</strong></span> <span class='ocrx_word' id='word_1_17' title='bbox 888 1270 920 1341; x_wconf 78' lang='lat' dir='ltr'><strong>si</strong></span> <span class='ocrx_word' id='word_1_18' title='bbox 951 1274 1045 1341; x_wconf 80' lang='lat' dir='ltr'><strong>force</strong></span> <span class='ocrx_word' id='word_1_19' title='bbox 1073 1289 1092 1339; x_wconf 84' lang='lat' dir='ltr'><strong>e</strong></span> <span class='ocrx_word' id='word_1_20' title='bbox 1121 1287 1193 1340; x_wconf 83' lang='lat' dir='ltr'><strong>non</strong></span> <span class='ocrx_word' id='word_1_21' title='bbox 1220 1270 1262 1361; x_wconf 80' lang='lat' dir='ltr'><strong>sa</strong></span> <span class='ocrx_word' id='word_1_22' title='bbox 1291 1273 1419 1358; x_wconf 87' lang='lat' dir='ltr'><strong>motto;</strong></span> <span class='ocrx_word' id='word_1_23' title='bbox 1444 1265 1482 1338; x_wconf 92' lang='lat' dir='ltr'><strong>in</strong></span> <span class='ocrx_word' id='word_1_24' title='bbox 1508 1265 1557 1338; x_wconf 90' lang='lat' dir='ltr'><strong>si-</strong></span> 
     </span>
     <span class='ocr_line' id='line_1_4' title="bbox 383 1383 1552 1481; baseline 0 -24"><span class='ocrx_word' id='word_1_25' title='bbox 383 1405 499 1480; x_wconf 84' lang='lat' dir='ltr'><strong>gnum</strong></span> <span class='ocrx_word' id='word_1_26' title='bbox 526 1383 595 1459; x_wconf 85' lang='lat' dir='ltr'><strong>viri</strong></span> <span class='ocrx_word' id='word_1_27' title='bbox 621 1383 722 1460; x_wconf 92' lang='lat' dir='ltr'><strong>fortis</strong></span> <span class='ocrx_word' id='word_1_28' title='bbox 747 1386 811 1480; x_wconf 90' lang='lat' dir='ltr'><strong>qui</strong></span> <span class='ocrx_word' id='word_1_29' title='bbox 837 1385 951 1461; x_wconf 92' lang='lat' dir='ltr'><strong>nescit</strong></span> <span class='ocrx_word' id='word_1_30' title='bbox 971 1385 1159 1481; x_wconf 87' lang='lat' dir='ltr'><strong>conqueri.</strong></span> <span class='ocrx_word' id='word_1_31' title='bbox 1177 1385 1220 1459; x_wconf 85' lang='lat' dir='ltr'><strong>Et</strong></span> <span class='ocrx_word' id='word_1_32' title='bbox 1238 1385 1420 1481; x_wconf 84' lang='lat' dir='ltr'><strong>specificat</strong></span> <span class='ocrx_word' id='word_1_33' title='bbox 1439 1385 1552 1460; x_wconf 90' lang='lat' dir='ltr'><strong>alium</strong></span> 
     </span>
     <span class='ocr_line' id='line_1_5' title="bbox 382 1503 1554 1601; baseline 0.002 -25"><span class='ocrx_word' id='word_1_34' title='bbox 382 1504 430 1577; x_wconf 92' lang='lat' dir='ltr'><strong>ab</strong></span> <span class='ocrx_word' id='word_1_35' title='bbox 455 1503 581 1578; x_wconf 89' lang='lat' dir='ltr'><strong>babitu</strong></span> <span class='ocrx_word' id='word_1_36' title='bbox 608 1505 782 1600; x_wconf 89' lang='lat' dir='ltr'><strong>corporis,</strong></span> <span class='ocrx_word' id='word_1_37' title='bbox 809 1505 953 1582; x_wconf 90' lang='lat' dir='ltr'><strong>dicens:</strong></span> <span class='ocrx_word' id='word_1_38' title='bbox 974 1529 993 1580; x_wconf 86' lang='lat' dir='ltr'><strong>e</strong></span> <span class='ocrx_word' id='word_1_39' title='bbox 1017 1509 1160 1597; x_wconf 84' lang='lat' dir='ltr'><strong>faltro,</strong></span> <span class='ocrx_word' id='word_1_40' title='bbox 1178 1505 1313 1582; x_wconf 87' lang='lat' dir='ltr'><strong>scilicet</strong></span> <span class='ocrx_word' id='word_1_41' title='bbox 1329 1504 1490 1601; x_wconf 89' lang='lat' dir='ltr'><strong>pendens</strong></span> <span class='ocrx_word' id='word_1_42' title='bbox 1507 1503 1554 1579; x_wconf 95' lang='lat' dir='ltr'><strong>ab</strong></span> 
     </span>
     <span class='ocr_line' id='line_1_6' title="bbox 382 1617 1555 1723; baseline 0 -26"><span class='ocrx_word' id='word_1_43' title='bbox 382 1642 450 1697; x_wconf 91' lang='lat' dir='ltr'><strong>ore</strong></span> <span class='ocrx_word' id='word_1_44' title='bbox 474 1623 616 1718; x_wconf 86' lang='lat' dir='ltr'><strong>dextro,</strong></span> <span class='ocrx_word' id='word_1_45' title='bbox 642 1617 665 1698; x_wconf 71' lang='lat' dir='ltr'><strong>e*</strong></span> <span class='ocrx_word' id='word_1_46' title='bbox 688 1626 819 1720; x_wconf 78' lang='lat' dir='ltr'><strong>cossio,</strong></span> <span class='ocrx_word' id='word_1_47' title='bbox 845 1624 1004 1723; x_wconf 80' lang='lat' dir='ltr'><strong>intellige</strong></span> <span class='ocrx_word' id='word_1_48' title='bbox 1030 1624 1077 1700; x_wconf 94' lang='lat' dir='ltr'><strong>de</strong></span> <span class='ocrx_word' id='word_1_49' title='bbox 1097 1624 1187 1700; x_wconf 88' lang='lat' dir='ltr'><strong>Gaio</strong></span> <span class='ocrx_word' id='word_1_50' title='bbox 1212 1624 1355 1719; x_wconf 82' lang='lat' dir='ltr'><strong>Cassl03</strong></span> <span class='ocrx_word' id='word_1_51' title='bbox 1374 1645 1459 1699; x_wconf 92' lang='lat' dir='ltr'><strong>nam</strong></span> <span class='ocrx_word' id='word_1_52' title='bbox 1486 1623 1555 1698; x_wconf 91' lang='lat' dir='ltr'><strong>fuit</strong></span> 
     </span>
     <span class='ocr_line' id='line_1_7' title="bbox 383 1736 1554 1841; baseline 0.001 -25"><span class='ocrx_word' id='word_1_53' title='bbox 383 1742 476 1817; x_wconf 90' lang='lat' dir='ltr'><strong>alius</strong></span> <span class='ocrx_word' id='word_1_54' title='bbox 502 1742 646 1818; x_wconf 89' lang='lat' dir='ltr'><strong>Cassius</strong></span> <span class='ocrx_word' id='word_1_55' title='bbox 671 1743 707 1818; x_wconf 90' lang='lat' dir='ltr'><strong>in</strong></span> <span class='ocrx_word' id='word_1_56' title='bbox 723 1736 761 1836; x_wconf 78' lang='lat'><strong>(⁴)</strong></span> <span class='ocrx_word' id='word_1_57' title='bbox 777 1743 845 1820; x_wconf 89' lang='lat' dir='ltr'><strong>ista</strong></span> <span class='ocrx_word' id='word_1_58' title='bbox 861 1744 1125 1841; x_wconf 86' lang='lat' dir='ltr'><strong>coniuratione,</strong></span> <span class='ocrx_word' id='word_1_59' title='bbox 1143 1745 1278 1820; x_wconf 89' lang='lat' dir='ltr'><strong>scilicet</strong></span> <span class='ocrx_word' id='word_1_60' title='bbox 1299 1744 1443 1819; x_wconf 89' lang='lat' dir='ltr'><strong>Cassius</strong></span> <span class='ocrx_word' id='word_1_61' title='bbox 1464 1745 1554 1818; x_wconf 87' lang='lat' dir='ltr'><strong>Par·</strong></span> 
     </span>
    </p>
   </div>
   <div class='ocr_carea' id='block_1_3' title="bbox 332 1857 1555 4844">
    <p class='ocr_par' dir='ltr' id='par_1_3' title="bbox 332 1857 1555 4844">
     <span class='ocr_line' id='line_1_8' title="bbox 383 1857 1553 1960; baseline 0.003 -23"><span class='ocrx_word' id='word_1_62' title='bbox 383 1863 541 1958; x_wconf 84' lang='lat' dir='ltr'><strong>meusis3</strong></span> <span class='ocrx_word' id='word_1_63' title='bbox 568 1869 605 1938; x_wconf 91' lang='lat' dir='ltr'><strong>et</strong></span> <span class='ocrx_word' id='word_1_64' title='bbox 628 1863 736 1939; x_wconf 88' lang='lat' dir='ltr'><strong>dicit:</strong></span> <span class='ocrx_word' id='word_1_65' title='bbox 754 1868 814 1938; x_wconf 81' lang='lat' dir='ltr'><strong>clu</strong></span> <span class='ocrx_word' id='word_1_66' title='bbox 824 1886 899 1958; x_wconf 86' lang='lat' dir='ltr'><strong>pur</strong></span> <span class='ocrx_word' id='word_1_67' title='bbox 917 1857 948 1939; x_wconf 70' lang='lat' dir='ltr'><strong>sd</strong></span> <span class='ocrx_word' id='word_1_68' title='bbox 968 1866 1171 1957; x_wconf 75' lang='lat' dir='ltr'><strong>membrum,</strong></span> <span class='ocrx_word' id='word_1_69' title='bbox 1192 1866 1281 1960; x_wconf 88' lang='lat' dir='ltr'><strong>qula</strong></span> <span class='ocrx_word' id='word_1_70' title='bbox 1301 1885 1457 1960; x_wconf 91' lang='lat' dir='ltr'><strong>corpore</strong></span> <span class='ocrx_word' id='word_1_71' title='bbox 1473 1886 1553 1940; x_wconf 93' lang='lat' dir='ltr'><strong>ma·</strong></span> 
     </span>
     <span class='ocr_line' id='line_1_9' title="bbox 380 1977 1552 2084; baseline 0.002 -27"><span class='ocrx_word' id='word_1_72' title='bbox 380 2005 487 2080; x_wconf 82' lang='lat' dir='ltr'><strong>gnus.</strong></span> <span class='ocrx_word' id='word_1_73' title='bbox 514 1985 608 2058; x_wconf 88' lang='lat' dir='ltr'><strong>Nota</strong></span> <span class='ocrx_word' id='word_1_74' title='bbox 633 1984 743 2060; x_wconf 83' lang='lat' dir='ltr'><strong>etium</strong></span> <span class='ocrx_word' id='word_1_75' title='bbox 771 1984 868 2080; x_wconf 89' lang='lat' dir='ltr'><strong>quod</strong></span> <span class='ocrx_word' id='word_1_76' title='bbox 894 1987 1015 2060; x_wconf 79' lang='lat' dir='ltr'><strong>cesar</strong></span> <span class='ocrx_word' id='word_1_77' title='bbox 1040 1986 1139 2060; x_wconf 83' lang='lat' dir='ltr'><strong>visus</strong></span> <span class='ocrx_word' id='word_1_78' title='bbox 1153 1977 1190 2080; x_wconf 85' lang='lat'><strong>(¹)</strong></span> <span class='ocrx_word' id='word_1_79' title='bbox 1224 1985 1456 2084; x_wconf 82' lang='lat' dir='ltr'><strong>dignissimus</strong></span> <span class='ocrx_word' id='word_1_80' title='bbox 1490 1985 1552 2060; x_wconf 91' lang='lat' dir='ltr'><strong>tali</strong></span> 
     </span>
     <span class='ocr_line' id='line_1_10' title="bbox 382 2095 1552 2203; baseline 0.003 -27"><span class='ocrx_word' id='word_1_81' title='bbox 382 2109 522 2198; x_wconf 90' lang='lat' dir='ltr'><strong>morte;</strong></span> <span class='ocrx_word' id='word_1_82' title='bbox 536 2103 624 2198; x_wconf 87' lang='lat' dir='ltr'><strong>quia</strong></span> <span class='ocrx_word' id='word_1_83' title='bbox 649 2103 712 2198; x_wconf 89' lang='lat' dir='ltr'><strong>qui</strong></span> <span class='ocrx_word' id='word_1_84' title='bbox 738 2111 851 2180; x_wconf 89' lang='lat' dir='ltr'><strong>totam</strong></span> <span class='ocrx_word' id='word_1_85' title='bbox 871 2111 1008 2180; x_wconf 85' lang='lat' dir='ltr'><strong>terram</strong></span> <span class='ocrx_word' id='word_1_86' title='bbox 1028 2105 1140 2180; x_wconf 80' lang='lat' dir='ltr'><strong>civilis</strong></span> <span class='ocrx_word' id='word_1_87' title='bbox 1157 2105 1343 2203; x_wconf 82' lang='lat' dir='ltr'><strong>sanguinis</strong></span> <span class='ocrx_word' id='word_1_88' title='bbox 1361 2106 1503 2180; x_wconf 89' lang='lat' dir='ltr'><strong>fusione</strong></span> <span class='ocrx_word' id='word_1_89' title='bbox 1515 2095 1552 2197; x_wconf 81' lang='lat'><strong>(³)</strong></span> 
     </span>
     <span class='ocr_line' id='line_1_11' title="bbox 383 2224 1553 2322; baseline 0.003 -27"><span class='ocrx_word' id='word_1_90' title='bbox 383 2230 617 2317; x_wconf 79' lang='lat' dir='ltr'><strong>resperserat,</strong></span> <span class='ocrx_word' id='word_1_91' title='bbox 651 2243 720 2298; x_wconf 90' lang='lat' dir='ltr'><strong>suo</strong></span> <span class='ocrx_word' id='word_1_92' title='bbox 754 2224 933 2322; x_wconf 84' lang='lat' dir='ltr'><strong>sanguine</strong></span> <span class='ocrx_word' id='word_1_93' title='bbox 966 2231 1081 2299; x_wconf 88' lang='lat' dir='ltr'><strong>totam</strong></span> <span class='ocrx_word' id='word_1_94' title='bbox 1114 2226 1255 2300; x_wconf 91' lang='lat' dir='ltr'><strong>curiam</strong></span> <span class='ocrx_word' id='word_1_95' title='bbox 1288 2225 1414 2301; x_wconf 85' lang='lat' dir='ltr'><strong>debuit</strong></span> <span class='ocrx_word' id='word_1_96' title='bbox 1445 2225 1553 2300; x_wconf 95' lang='lat' dir='ltr'><strong>inun-</strong></span> 
     </span>
     <span class='ocr_line' id='line_1_12' title="bbox 382 2341 1551 2442; baseline 0.002 -26"><span class='ocrx_word' id='word_1_97' title='bbox 382 2341 483 2438; x_wconf 90' lang='lat' dir='ltr'><strong>dare,</strong></span> <span class='ocrx_word' id='word_1_98' title='bbox 502 2343 611 2418; x_wconf 88' lang='lat' dir='ltr'><strong>ctiam</strong></span> <span class='ocrx_word' id='word_1_99' title='bbox 639 2343 726 2439; x_wconf 87' lang='lat' dir='ltr'><strong>quia</strong></span> <span class='ocrx_word' id='word_1_100' title='bbox 753 2345 863 2423; x_wconf 86' lang='lat' dir='ltr'><strong>tulem</strong></span> <span class='ocrx_word' id='word_1_101' title='bbox 889 2352 1048 2422; x_wconf 89' lang='lat' dir='ltr'><strong>mortem</strong></span> <span class='ocrx_word' id='word_1_102' title='bbox 1077 2346 1268 2421; x_wconf 90' lang='lat' dir='ltr'><strong>videbatur</strong></span> <span class='ocrx_word' id='word_1_103' title='bbox 1293 2353 1439 2442; x_wconf 90' lang='lat' dir='ltr'><strong>optare;</strong></span> <span class='ocrx_word' id='word_1_104' title='bbox 1466 2365 1551 2420; x_wconf 92' lang='lat' dir='ltr'><strong>nam</strong></span> 
     </span>
     <span class='ocr_line' id='line_1_13' title="bbox 382 2465 1554 2562; baseline 0.003 -25"><span class='ocrx_word' id='word_1_105' title='bbox 382 2466 492 2561; x_wconf 92' lang='lat' dir='ltr'><strong>paulo</strong></span> <span class='ocrx_word' id='word_1_106' title='bbox 517 2471 604 2542; x_wconf 89' lang='lat' dir='ltr'><strong>ante</strong></span> <span class='ocrx_word' id='word_1_107' title='bbox 629 2473 788 2542; x_wconf 84' lang='lat' dir='ltr'><strong>mortem</strong></span> <span class='ocrx_word' id='word_1_108' title='bbox 814 2467 894 2542; x_wconf 93' lang='lat' dir='ltr'><strong>eius</strong></span> <span class='ocrx_word' id='word_1_109' title='bbox 920 2474 1001 2542; x_wconf 90' lang='lat' dir='ltr'><strong>orta</strong></span> <span class='ocrx_word' id='word_1_110' title='bbox 1027 2467 1228 2562; x_wconf 73' lang='lat' dir='ltr'><strong>questione</strong></span> <span class='ocrx_word' id='word_1_111' title='bbox 1254 2467 1290 2542; x_wconf 91' lang='lat' dir='ltr'><strong>in</strong></span> <span class='ocrx_word' id='word_1_112' title='bbox 1316 2487 1421 2542; x_wconf 89' lang='lat' dir='ltr'><strong>coena</strong></span> <span class='ocrx_word' id='word_1_113' title='bbox 1455 2465 1554 2561; x_wconf 91' lang='lat' dir='ltr'><strong>quod</strong></span> 
     </span>
     <span class='ocr_line' id='line_1_14' title="bbox 383 2575 1555 2683; baseline -0.001 -23"><span class='ocrx_word' id='word_1_114' title='bbox 383 2591 477 2660; x_wconf 87' lang='lat' dir='ltr'><strong>esset</strong></span> <span class='ocrx_word' id='word_1_115' title='bbox 502 2586 683 2681; x_wconf 89' lang='lat' dir='ltr'><strong>optimum</strong></span> <span class='ocrx_word' id='word_1_116' title='bbox 710 2607 828 2683; x_wconf 83' lang='lat' dir='ltr'><strong>genus</strong></span> <span class='ocrx_word' id='word_1_117' title='bbox 850 2587 989 2682; x_wconf 90' lang='lat' dir='ltr'><strong>mortis,</strong></span> <span class='ocrx_word' id='word_1_118' title='bbox 1015 2588 1092 2683; x_wconf 89' lang='lat' dir='ltr'><strong>ipsc</strong></span> <span class='ocrx_word' id='word_1_119' title='bbox 1112 2595 1272 2663; x_wconf 83' lang='lat' dir='ltr'><strong>mortem</strong></span> <span class='ocrx_word' id='word_1_120' title='bbox 1289 2587 1447 2662; x_wconf 91' lang='lat' dir='ltr'><strong>subitam</strong></span> <span class='ocrx_word' id='word_1_121' title='bbox 1461 2575 1498 2679; x_wconf 74' lang='lat'><strong>(⁴)</strong></span> <span class='ocrx_word' id='word_1_122' title='bbox 1517 2591 1555 2660; x_wconf 89' lang='lat' dir='ltr'><strong>et</strong></span> 
     </span>
     <span class='ocr_line' id='line_1_15' title="bbox 385 2705 1555 2802; baseline 0.001 -24"><span class='ocrx_word' id='word_1_123' title='bbox 385 2705 652 2802; x_wconf 86' lang='lat' dir='ltr'><strong>inexpectatam</strong></span> <span class='ocrx_word' id='word_1_124' title='bbox 666 2709 895 2801; x_wconf 77' lang='lat' dir='ltr'><strong>protulerat,</strong></span> <span class='ocrx_word' id='word_1_125' title='bbox 907 2714 945 2783; x_wconf 90' lang='lat' dir='ltr'><strong>et</strong></span> <span class='ocrx_word' id='word_1_126' title='bbox 958 2707 993 2781; x_wconf 93' lang='lat' dir='ltr'><strong>in</strong></span> <span class='ocrx_word' id='word_1_127' title='bbox 1009 2708 1168 2802; x_wconf 88' lang='lat' dir='ltr'><strong>quodam</strong></span> <span class='ocrx_word' id='word_1_128' title='bbox 1181 2728 1353 2784; x_wconf 89' lang='lat' dir='ltr'><strong>sermone</strong></span> <span class='ocrx_word' id='word_1_129' title='bbox 1366 2727 1463 2802; x_wconf 87' lang='lat' dir='ltr'><strong>saepc</strong></span> <span class='ocrx_word' id='word_1_130' title='bbox 1475 2713 1555 2782; x_wconf 89' lang='lat' dir='ltr'><strong>erat</strong></span> 
     </span>
     <span class='ocr_line' id='line_1_16' title="bbox 384 2821 1552 2925; baseline 0 -26"><span class='ocrx_word' id='word_1_131' title='bbox 384 2827 511 2900; x_wconf 89' lang='lat' dir='ltr'><strong>solitus</strong></span> <span class='ocrx_word' id='word_1_132' title='bbox 527 2825 649 2901; x_wconf 86' lang='lat' dir='ltr'><strong>dicere</strong></span> <span class='ocrx_word' id='word_1_133' title='bbox 661 2847 702 2902; x_wconf 88' lang='lat' dir='ltr'><strong>se</strong></span> <span class='ocrx_word' id='word_1_134' title='bbox 714 2827 800 2902; x_wconf 89' lang='lat' dir='ltr'><strong>satis</strong></span> <span class='ocrx_word' id='word_1_135' title='bbox 817 2826 879 2901; x_wconf 92' lang='lat' dir='ltr'><strong>diu</strong></span> <span class='ocrx_word' id='word_1_136' title='bbox 898 2827 1031 2903; x_wconf 84' lang='lat' dir='ltr'><strong>vixisse</strong></span> <span class='ocrx_word' id='word_1_137' title='bbox 1046 2821 1084 2921; x_wconf 78' lang='lat'><strong>(⁵)</strong></span> <span class='ocrx_word' id='word_1_138' title='bbox 1102 2830 1161 2902; x_wconf 91' lang='lat' dir='ltr'><strong>vel</strong></span> <span class='ocrx_word' id='word_1_139' title='bbox 1178 2835 1321 2903; x_wconf 80' lang='lat' dir='ltr'><strong>naturae</strong></span> <span class='ocrx_word' id='word_1_140' title='bbox 1338 2830 1396 2903; x_wconf 86' lang='lat' dir='ltr'><strong>vel</strong></span> <span class='ocrx_word' id='word_1_141' title='bbox 1416 2827 1552 2925; x_wconf 79' lang='lat' dir='ltr'><strong>glorie.</strong></span> 
     </span>
     <span class='ocr_line' id='line_1_17' title="bbox 383 2946 1554 3045; baseline 0.003 -26"><span class='ocrx_word' id='word_1_142' title='bbox 383 2947 540 3022; x_wconf 87' lang='lat' dir='ltr'><strong>Demum</strong></span> <span class='ocrx_word' id='word_1_143' title='bbox 556 2946 738 3042; x_wconf 87' lang='lat' dir='ltr'><strong>percursis</strong></span> <span class='ocrx_word' id='word_1_144' title='bbox 748 2948 970 3045; x_wconf 83' lang='lat' dir='ltr'><strong>generaliter</strong></span> <span class='ocrx_word' id='word_1_145' title='bbox 980 2948 1150 3022; x_wconf 91' lang='lat' dir='ltr'><strong>omnibus</strong></span> <span class='ocrx_word' id='word_1_146' title='bbox 1163 2949 1279 3045; x_wconf 86' lang='lat' dir='ltr'><strong>poenis</strong></span> <span class='ocrx_word' id='word_1_147' title='bbox 1293 2947 1554 3042; x_wconf 90' lang='lat' dir='ltr'><strong>inferni,debes</strong></span> 
     </span>
     <span class='ocr_line' id='line_1_18' title="bbox 384 3065 1553 3162; baseline 0.002 -22"><span class='ocrx_word' id='word_1_148' title='bbox 384 3072 525 3160; x_wconf 87' lang='lat' dir='ltr'><strong>notare,</strong></span> <span class='ocrx_word' id='word_1_149' title='bbox 538 3068 663 3160; x_wconf 88' lang='lat' dir='ltr'><strong>lector,</strong></span> <span class='ocrx_word' id='word_1_150' title='bbox 682 3073 801 3142; x_wconf 89' lang='lat' dir='ltr'><strong>totum</strong></span> <span class='ocrx_word' id='word_1_151' title='bbox 819 3068 984 3142; x_wconf 86' lang='lat' dir='ltr'><strong>ordinem</strong></span> <span class='ocrx_word' id='word_1_152' title='bbox 1003 3073 1041 3143; x_wconf 87' lang='lat' dir='ltr'><strong>et</strong></span> <span class='ocrx_word' id='word_1_153' title='bbox 1057 3067 1325 3162; x_wconf 86' lang='lat' dir='ltr'><strong>dispositionem</strong></span> <span class='ocrx_word' id='word_1_154' title='bbox 1345 3066 1447 3142; x_wconf 90' lang='lat' dir='ltr'><strong>istius</strong></span> <span class='ocrx_word' id='word_1_155' title='bbox 1465 3065 1553 3142; x_wconf 84' lang='lat' dir='ltr'><strong>civi-</strong></span> 
     </span>
     <span class='ocr_line' id='line_1_19' title="bbox 384 3185 1553 3286; baseline 0.001 -27"><span class='ocrx_word' id='word_1_156' title='bbox 384 3185 476 3274; x_wconf 87' lang='lat' dir='ltr'><strong>tatis.</strong></span> <span class='ocrx_word' id='word_1_157' title='bbox 491 3186 687 3261; x_wconf 85' lang='lat' dir='ltr'><strong>Considera</strong></span> <span class='ocrx_word' id='word_1_158' title='bbox 704 3208 793 3286; x_wconf 83' lang='lat' dir='ltr'><strong>ergo</strong></span> <span class='ocrx_word' id='word_1_159' title='bbox 811 3187 910 3282; x_wconf 87' lang='lat' dir='ltr'><strong>quud</strong></span> <span class='ocrx_word' id='word_1_160' title='bbox 928 3188 1021 3262; x_wconf 92' lang='lat' dir='ltr'><strong>sicut</strong></span> <span class='ocrx_word' id='word_1_161' title='bbox 1038 3188 1250 3284; x_wconf 89' lang='lat' dir='ltr'><strong>imperator,</strong></span> <span class='ocrx_word' id='word_1_162' title='bbox 1269 3210 1335 3264; x_wconf 81' lang='lat' dir='ltr'><strong>ren</strong></span> <span class='ocrx_word' id='word_1_163' title='bbox 1354 3189 1413 3264; x_wconf 89' lang='lat' dir='ltr'><strong>vel</strong></span> <span class='ocrx_word' id='word_1_164' title='bbox 1433 3185 1553 3262; x_wconf 92' lang='lat' dir='ltr'><strong>domi-</strong></span> 
     </span>
     <span class='ocr_line' id='line_1_20' title="bbox 383 3307 1552 3403; baseline 0.003 -25"><span class='ocrx_word' id='word_1_165' title='bbox 383 3327 454 3380; x_wconf 92' lang='lat' dir='ltr'><strong>nus</strong></span> <span class='ocrx_word' id='word_1_166' title='bbox 474 3313 544 3381; x_wconf 88' lang='lat' dir='ltr'><strong>stat</strong></span> <span class='ocrx_word' id='word_1_167' title='bbox 561 3308 598 3382; x_wconf 95' lang='lat' dir='ltr'><strong>in</strong></span> <span class='ocrx_word' id='word_1_168' title='bbox 616 3308 737 3383; x_wconf 88' lang='lat' dir='ltr'><strong>medio</strong></span> <span class='ocrx_word' id='word_1_169' title='bbox 754 3308 919 3403; x_wconf 86' lang='lat' dir='ltr'><strong>civitatis,</strong></span> <span class='ocrx_word' id='word_1_170' title='bbox 932 3307 982 3383; x_wconf 91' lang='lat' dir='ltr'><strong>ita</strong></span> <span class='ocrx_word' id='word_1_171' title='bbox 995 3308 1141 3383; x_wconf 77' lang='lat' dir='ltr'><strong>Lucifer</strong></span> <span class='ocrx_word' id='word_1_172' title='bbox 1158 3313 1229 3384; x_wconf 89' lang='lat' dir='ltr'><strong>stat</strong></span> <span class='ocrx_word' id='word_1_173' title='bbox 1246 3309 1282 3383; x_wconf 92' lang='lat' dir='ltr'><strong>in</strong></span> <span class='ocrx_word' id='word_1_174' title='bbox 1303 3315 1429 3384; x_wconf 90' lang='lat' dir='ltr'><strong>centro</strong></span> <span class='ocrx_word' id='word_1_175' title='bbox 1450 3308 1552 3382; x_wconf 90' lang='lat' dir='ltr'><strong>istius</strong></span> 
     </span>
     <span class='ocr_line' id='line_1_21' title="bbox 383 3426 1551 3526; baseline 0.003 -25"><span class='ocrx_word' id='word_1_176' title='bbox 383 3426 556 3522; x_wconf 84' lang='lat' dir='ltr'><strong>civitatis3</strong></span> <span class='ocrx_word' id='word_1_177' title='bbox 575 3435 612 3503; x_wconf 90' lang='lat' dir='ltr'><strong>et</strong></span> <span class='ocrx_word' id='word_1_178' title='bbox 630 3429 722 3504; x_wconf 90' lang='lat' dir='ltr'><strong>sicut</strong></span> <span class='ocrx_word' id='word_1_179' title='bbox 746 3429 843 3524; x_wconf 93' lang='lat' dir='ltr'><strong>apud</strong></span> <span class='ocrx_word' id='word_1_180' title='bbox 870 3448 996 3526; x_wconf 86' lang='lat' dir='ltr'><strong>regem</strong></span> <span class='ocrx_word' id='word_1_181' title='bbox 1015 3434 1111 3504; x_wconf 88' lang='lat' dir='ltr'><strong>stant</strong></span> <span class='ocrx_word' id='word_1_182' title='bbox 1131 3429 1269 3504; x_wconf 90' lang='lat' dir='ltr'><strong>nobiles</strong></span> <span class='ocrx_word' id='word_1_183' title='bbox 1295 3436 1332 3504; x_wconf 92' lang='lat' dir='ltr'><strong>et</strong></span> <span class='ocrx_word' id='word_1_184' title='bbox 1348 3435 1551 3526; x_wconf 83' lang='lat' dir='ltr'><strong>magnates,</strong></span> 
     </span>
     <span class='ocr_line' id='line_1_22' title="bbox 383 3546 1551 3644; baseline 0.006 -26"><span class='ocrx_word' id='word_1_185' title='bbox 383 3546 446 3640; x_wconf 90' lang='lat' dir='ltr'><strong>qui</strong></span> <span class='ocrx_word' id='word_1_186' title='bbox 463 3553 548 3621; x_wconf 89' lang='lat' dir='ltr'><strong>sunl</strong></span> <span class='ocrx_word' id='word_1_187' title='bbox 565 3547 631 3622; x_wconf 90' lang='lat' dir='ltr'><strong>sibi</strong></span> <span class='ocrx_word' id='word_1_188' title='bbox 649 3547 765 3644; x_wconf 81' lang='lat' dir='ltr'><strong>magis</strong></span> <span class='ocrx_word' id='word_1_189' title='bbox 783 3548 977 3624; x_wconf 90' lang='lat' dir='ltr'><strong>familiares</strong></span> <span class='ocrx_word' id='word_1_190' title='bbox 994 3555 1032 3624; x_wconf 88' lang='lat' dir='ltr'><strong>et</strong></span> <span class='ocrx_word' id='word_1_191' title='bbox 1049 3549 1170 3644; x_wconf 90' lang='lat' dir='ltr'><strong>amici,</strong></span> <span class='ocrx_word' id='word_1_192' title='bbox 1187 3549 1237 3623; x_wconf 91' lang='lat' dir='ltr'><strong>ita</strong></span> <span class='ocrx_word' id='word_1_193' title='bbox 1253 3548 1301 3624; x_wconf 94' lang='lat' dir='ltr'><strong>de</strong></span> <span class='ocrx_word' id='word_1_194' title='bbox 1318 3568 1431 3644; x_wconf 92' lang='lat' dir='ltr'><strong>prope</strong></span> <span class='ocrx_word' id='word_1_195' title='bbox 1443 3549 1551 3624; x_wconf 88' lang='lat' dir='ltr'><strong>Luci-</strong></span> 
     </span>
     <span class='ocr_line' id='line_1_23' title="bbox 384 3665 1554 3765; baseline 0.005 -28"><span class='ocrx_word' id='word_1_196' title='bbox 384 3665 502 3740; x_wconf 90' lang='lat' dir='ltr'><strong>ferum</strong></span> <span class='ocrx_word' id='word_1_197' title='bbox 529 3677 625 3745; x_wconf 90' lang='lat' dir='ltr'><strong>stant</strong></span> <span class='ocrx_word' id='word_1_198' title='bbox 649 3667 705 3743; x_wconf 89' lang='lat' dir='ltr'><strong>isti</strong></span> <span class='ocrx_word' id='word_1_199' title='bbox 730 3667 934 3764; x_wconf 88' lang='lat' dir='ltr'><strong>proditores</strong></span> <span class='ocrx_word' id='word_1_200' title='bbox 958 3668 1028 3744; x_wconf 93' lang='lat' dir='ltr'><strong>sub</strong></span> <span class='ocrx_word' id='word_1_201' title='bbox 1058 3668 1192 3744; x_wconf 83' lang='lat' dir='ltr'><strong>umbra</strong></span> <span class='ocrx_word' id='word_1_202' title='bbox 1217 3669 1362 3744; x_wconf 87' lang='lat' dir='ltr'><strong>alarum</strong></span> <span class='ocrx_word' id='word_1_203' title='bbox 1389 3669 1492 3765; x_wconf 83' lang='lat' dir='ltr'><strong>eius3</strong></span> <span class='ocrx_word' id='word_1_204' title='bbox 1517 3675 1554 3744; x_wconf 92' lang='lat' dir='ltr'><strong>et</strong></span> 
     </span>
     <span class='ocr_line' id='line_1_24' title="bbox 384 3785 1552 3884; baseline 0.003 -24"><span class='ocrx_word' id='word_1_205' title='bbox 384 3785 476 3862; x_wconf 90' lang='lat' dir='ltr'><strong>sicut</strong></span> <span class='ocrx_word' id='word_1_206' title='bbox 489 3787 585 3862; x_wconf 90' lang='lat' dir='ltr'><strong>circa</strong></span> <span class='ocrx_word' id='word_1_207' title='bbox 606 3788 796 3884; x_wconf 89' lang='lat' dir='ltr'><strong>palatium,</strong></span> <span class='ocrx_word' id='word_1_208' title='bbox 810 3788 855 3862; x_wconf 88' lang='lat' dir='ltr'><strong>ad</strong></span> <span class='ocrx_word' id='word_1_209' title='bbox 869 3793 993 3884; x_wconf 90' lang='lat' dir='ltr'><strong>portas</strong></span> <span class='ocrx_word' id='word_1_210' title='bbox 1009 3794 1047 3864; x_wconf 89' lang='lat' dir='ltr'><strong>et</strong></span> <span class='ocrx_word' id='word_1_211' title='bbox 1064 3789 1100 3862; x_wconf 93' lang='lat' dir='ltr'><strong>in</strong></span> <span class='ocrx_word' id='word_1_212' title='bbox 1117 3790 1236 3883; x_wconf 88' lang='lat' dir='ltr'><strong>platea</strong></span> <span class='ocrx_word' id='word_1_213' title='bbox 1259 3795 1356 3863; x_wconf 90' lang='lat' dir='ltr'><strong>stant</strong></span> <span class='ocrx_word' id='word_1_214' title='bbox 1372 3788 1552 3882; x_wconf 89' lang='lat' dir='ltr'><strong>custodes,</strong></span> 
     </span>
     <span class='ocr_line' id='line_1_25' title="bbox 383 3906 1553 4005; baseline 0.002 -25"><span class='ocrx_word' id='word_1_215' title='bbox 383 3906 434 3981; x_wconf 87' lang='lat' dir='ltr'><strong>ita</strong></span> <span class='ocrx_word' id='word_1_216' title='bbox 461 3906 517 3981; x_wconf 89' lang='lat' dir='ltr'><strong>bic</strong></span> <span class='ocrx_word' id='word_1_217' title='bbox 542 3907 579 3981; x_wconf 92' lang='lat' dir='ltr'><strong>in</strong></span> <span class='ocrx_word' id='word_1_218' title='bbox 605 3907 762 3983; x_wconf 88' lang='lat' dir='ltr'><strong>circuitu</strong></span> <span class='ocrx_word' id='word_1_219' title='bbox 787 3907 885 3982; x_wconf 89' lang='lat' dir='ltr'><strong>circa</strong></span> <span class='ocrx_word' id='word_1_220' title='bbox 911 3908 1033 3982; x_wconf 91' lang='lat' dir='ltr'><strong>lacum</strong></span> <span class='ocrx_word' id='word_1_221' title='bbox 1059 3913 1157 3982; x_wconf 87' lang='lat' dir='ltr'><strong>stant</strong></span> <span class='ocrx_word' id='word_1_222' title='bbox 1180 3907 1346 4005; x_wconf 81' lang='lat' dir='ltr'><strong>gigantes</strong></span> <span class='ocrx_word' id='word_1_223' title='bbox 1372 3909 1495 4004; x_wconf 83' lang='lat' dir='ltr'><strong>magni</strong></span> <span class='ocrx_word' id='word_1_224' title='bbox 1517 3915 1553 3984; x_wconf 88' lang='lat' dir='ltr'><strong>et</strong></span> 
     </span>
     <span class='ocr_line' id='line_1_26' title="bbox 383 4025 1554 4122; baseline 0.004 -24"><span class='ocrx_word' id='word_1_225' title='bbox 383 4025 507 4122; x_wconf 88' lang='lat' dir='ltr'><strong>fortes,</strong></span> <span class='ocrx_word' id='word_1_226' title='bbox 524 4033 714 4121; x_wconf 84' lang='lat' dir='ltr'><strong>tamquam</strong></span> <span class='ocrx_word' id='word_1_227' title='bbox 734 4027 903 4102; x_wconf 79' lang='lat' dir='ltr'><strong>satellites</strong></span> <span class='ocrx_word' id='word_1_228' title='bbox 921 4033 957 4102; x_wconf 88' lang='lat' dir='ltr'><strong>ct</strong></span> <span class='ocrx_word' id='word_1_229' title='bbox 975 4027 1166 4122; x_wconf 84' lang='lat' dir='ltr'><strong>stipatores</strong></span> <span class='ocrx_word' id='word_1_230' title='bbox 1184 4026 1347 4122; x_wconf 89' lang='lat' dir='ltr'><strong>deputati</strong></span> <span class='ocrx_word' id='word_1_231' title='bbox 1367 4027 1413 4103; x_wconf 91' lang='lat' dir='ltr'><strong>ad</strong></span> <span class='ocrx_word' id='word_1_232' title='bbox 1431 4035 1554 4103; x_wconf 87' lang='lat' dir='ltr'><strong>custo·</strong></span> 
     </span>
     <span class='ocr_line' id='line_1_27' title="bbox 383 4147 1554 4246; baseline 0.001 -24"><span class='ocrx_word' id='word_1_233' title='bbox 383 4147 481 4222; x_wconf 89' lang='lat' dir='ltr'><strong>diam</strong></span> <span class='ocrx_word' id='word_1_234' title='bbox 509 4149 597 4222; x_wconf 90' lang='lat' dir='ltr'><strong>tanti</strong></span> <span class='ocrx_word' id='word_1_235' title='bbox 623 4147 731 4246; x_wconf 85' lang='lat' dir='ltr'><strong>regis,</strong></span> <span class='ocrx_word' id='word_1_236' title='bbox 758 4169 824 4244; x_wconf 88' lang='lat' dir='ltr'><strong>per</strong></span> <span class='ocrx_word' id='word_1_237' title='bbox 849 4168 1009 4244; x_wconf 89' lang='lat' dir='ltr'><strong>quorum</strong></span> <span class='ocrx_word' id='word_1_238' title='bbox 1040 4169 1172 4223; x_wconf 91' lang='lat' dir='ltr'><strong>manus</strong></span> <span class='ocrx_word' id='word_1_239' title='bbox 1201 4168 1330 4224; x_wconf 90' lang='lat' dir='ltr'><strong>omnes</strong></span> <span class='ocrx_word' id='word_1_240' title='bbox 1360 4155 1554 4223; x_wconf 88' lang='lat' dir='ltr'><strong>transeunt</strong></span> 
     </span>
     <span class='ocr_line' id='line_1_28' title="bbox 383 4267 1553 4365; baseline 0 -23"><span class='ocrx_word' id='word_1_241' title='bbox 383 4267 430 4342; x_wconf 91' lang='lat' dir='ltr'><strong>ad</strong></span> <span class='ocrx_word' id='word_1_242' title='bbox 455 4267 596 4342; x_wconf 87' lang='lat' dir='ltr'><strong>curiam</strong></span> <span class='ocrx_word' id='word_1_243' title='bbox 623 4269 712 4344; x_wconf 88' lang='lat' dir='ltr'><strong>cius.</strong></span> <span class='ocrx_word' id='word_1_244' title='bbox 740 4268 784 4344; x_wconf 85' lang='lat' dir='ltr'><strong>Et</strong></span> <span class='ocrx_word' id='word_1_245' title='bbox 808 4267 901 4344; x_wconf 87' lang='lat' dir='ltr'><strong>sicut</strong></span> <span class='ocrx_word' id='word_1_246' title='bbox 925 4274 1050 4364; x_wconf 89' lang='lat' dir='ltr'><strong>postea</strong></span> <span class='ocrx_word' id='word_1_247' title='bbox 1068 4267 1103 4341; x_wconf 91' lang='lat' dir='ltr'><strong>in</strong></span> <span class='ocrx_word' id='word_1_248' title='bbox 1122 4274 1197 4343; x_wconf 89' lang='lat' dir='ltr'><strong>tota</strong></span> <span class='ocrx_word' id='word_1_249' title='bbox 1218 4274 1318 4343; x_wconf 89' lang='lat' dir='ltr'><strong>terra</strong></span> <span class='ocrx_word' id='word_1_250' title='bbox 1340 4288 1408 4365; x_wconf 91' lang='lat' dir='ltr'><strong>per</strong></span> <span class='ocrx_word' id='word_1_251' title='bbox 1431 4267 1553 4344; x_wconf 84' lang='lat' dir='ltr'><strong>diver·</strong></span> 
     </span>
     <span class='ocr_line' id='line_1_29' title="bbox 332 4389 1552 4484; baseline -0.002 -20"><span class='ocrx_word' id='word_1_252' title='bbox 332 4455 338 4464; x_wconf 92' lang='lat'>.</span> <span class='ocrx_word' id='word_1_253' title='bbox 384 4409 444 4463; x_wconf 92' lang='lat' dir='ltr'><strong>sos</strong></span> <span class='ocrx_word' id='word_1_254' title='bbox 468 4389 567 4465; x_wconf 86' lang='lat' dir='ltr'><strong>vicos</strong></span> <span class='ocrx_word' id='word_1_255' title='bbox 591 4395 629 4465; x_wconf 92' lang='lat' dir='ltr'><strong>et</strong></span> <span class='ocrx_word' id='word_1_256' title='bbox 646 4395 830 4464; x_wconf 89' lang='lat' dir='ltr'><strong>contratas</strong></span> <span class='ocrx_word' id='word_1_257' title='bbox 855 4396 951 4464; x_wconf 89' lang='lat' dir='ltr'><strong>stant</strong></span> <span class='ocrx_word' id='word_1_258' title='bbox 968 4389 1077 4484; x_wconf 88' lang='lat' dir='ltr'><strong>cives,</strong></span> <span class='ocrx_word' id='word_1_259' title='bbox 1097 4395 1322 4466; x_wconf 86' lang='lat' dir='ltr'><strong>mercatores</strong></span> <span class='ocrx_word' id='word_1_260' title='bbox 1348 4395 1386 4464; x_wconf 90' lang='lat' dir='ltr'><strong>et</strong></span> <span class='ocrx_word' id='word_1_261' title='bbox 1405 4389 1552 4482; x_wconf 87' lang='lat' dir='ltr'><strong>artistae,</strong></span> 
     </span>
     <span class='ocr_line' id='line_1_30' title="bbox 384 4499 1553 4604; baseline 0 -22"><span class='ocrx_word' id='word_1_262' title='bbox 384 4509 433 4584; x_wconf 90' lang='lat' dir='ltr'><strong>ita</strong></span> <span class='ocrx_word' id='word_1_263' title='bbox 458 4509 496 4583; x_wconf 91' lang='lat' dir='ltr'><strong>iu</strong></span> <span class='ocrx_word' id='word_1_264' title='bbox 521 4515 599 4586; x_wconf 89' lang='lat' dir='ltr'><strong>tota</strong></span> <span class='ocrx_word' id='word_1_265' title='bbox 624 4509 691 4584; x_wconf 89' lang='lat' dir='ltr'><strong>ista</strong></span> <span class='ocrx_word' id='word_1_266' title='bbox 712 4509 857 4584; x_wconf 85' lang='lat' dir='ltr'><strong>civitate</strong></span> <span class='ocrx_word' id='word_1_267' title='bbox 874 4517 958 4584; x_wconf 91' lang='lat' dir='ltr'><strong>sunt</strong></span> <span class='ocrx_word' id='word_1_268' title='bbox 973 4499 1009 4603; x_wconf 72' lang='lat'><strong>(⁶)</strong></span> <span class='ocrx_word' id='word_1_269' title='bbox 1028 4510 1250 4586; x_wconf 81' lang='lat' dir='ltr'><strong>fraudulenti</strong></span> <span class='ocrx_word' id='word_1_270' title='bbox 1267 4517 1304 4587; x_wconf 89' lang='lat' dir='ltr'><strong>et</strong></span> <span class='ocrx_word' id='word_1_271' title='bbox 1322 4509 1469 4585; x_wconf 85' lang='lat' dir='ltr'><strong>violenti</strong></span> <span class='ocrx_word' id='word_1_272' title='bbox 1486 4529 1553 4604; x_wconf 90' lang='lat' dir='ltr'><strong>per</strong></span> 
     </span>
     <span class='ocr_line' id='line_1_31' title="bbox 384 4627 1554 4734; baseline -0.001 -31"><span class='ocrx_word' id='word_1_273' title='bbox 384 4629 546 4705; x_wconf 84' lang='lat' dir='ltr'><strong>diversas</strong></span> <span class='ocrx_word' id='word_1_274' title='bbox 570 4627 713 4725; x_wconf 83' lang='lat' dir='ltr'><strong>bulgias</strong></span> <span class='ocrx_word' id='word_1_275' title='bbox 739 4635 775 4704; x_wconf 89' lang='lat' dir='ltr'><strong>et</strong></span> <span class='ocrx_word' id='word_1_276' title='bbox 801 4629 976 4734; x_wconf 81' lang='lat' dir='ltr'><strong>circulos3</strong></span> <span class='ocrx_word' id='word_1_277' title='bbox 1003 4630 1090 4726; x_wconf 88' lang='lat' dir='ltr'><strong>quia</strong></span> <span class='ocrx_word' id='word_1_278' title='bbox 1115 4631 1152 4705; x_wconf 89' lang='lat' dir='ltr'><strong>in</strong></span> <span class='ocrx_word' id='word_1_279' title='bbox 1178 4630 1279 4706; x_wconf 91' lang='lat' dir='ltr'><strong>omni</strong></span> <span class='ocrx_word' id='word_1_280' title='bbox 1308 4636 1473 4705; x_wconf 92' lang='lat' dir='ltr'><strong>contrata</strong></span> <span class='ocrx_word' id='word_1_281' title='bbox 1499 4628 1554 4704; x_wconf 92' lang='lat' dir='ltr'><strong>iu-</strong></span> 
     </span>
     <span class='ocr_line' id='line_1_32' title="bbox 384 4749 1554 4844; baseline -0.001 -20"><span class='ocrx_word' id='word_1_282' title='bbox 384 4750 584 4825; x_wconf 83' lang='lat' dir='ltr'><strong>reniuntur</strong></span> <span class='ocrx_word' id='word_1_283' title='bbox 609 4749 762 4824; x_wconf 85' lang='lat' dir='ltr'><strong>diversae</strong></span> <span class='ocrx_word' id='word_1_284' title='bbox 778 4749 926 4825; x_wconf 80' lang='lat' dir='ltr'><strong>fraudes</strong></span> <span class='ocrx_word' id='word_1_285' title='bbox 946 4757 1198 4825; x_wconf 87' lang='lat' dir='ltr'><strong>mercatorum</strong></span> <span class='ocrx_word' id='word_1_286' title='bbox 1220 4757 1258 4826; x_wconf 92' lang='lat' dir='ltr'><strong>et</strong></span> <span class='ocrx_word' id='word_1_287' title='bbox 1274 4750 1499 4844; x_wconf 88' lang='lat' dir='ltr'><strong>artistarum,</strong></span> <span class='ocrx_word' id='word_1_288' title='bbox 1517 4755 1554 4824; x_wconf 91' lang='lat' dir='ltr'><strong>et</strong></span> 
     </span>
    </p>
   </div>
   <div class='ocr_carea' id='block_1_4' title="bbox 445 4928 1585 5187">
    <p class='ocr_par' dir='ltr' id='par_1_4' title="bbox 445 4928 1585 5187">
     <span class='ocr_line' id='line_1_33' title="bbox 445 4928 1585 5032; baseline -0.007 -11"><span class='ocrx_word' id='word_1_289' title='bbox 445 4967 473 5032; x_wconf 67' lang='lat'><strong>(³)</strong></span> <span class='ocrx_word' id='word_1_290' title='bbox 489 4969 520 5021; x_wconf 80' lang='lat' dir='ltr'><strong>ll.</strong></span> <span class='ocrx_word' id='word_1_291' title='bbox 537 4969 563 5019; x_wconf 89' lang='lat' dir='ltr'><strong>lo</strong></span> <span class='ocrx_word' id='word_1_292' title='bbox 580 4969 629 5019; x_wconf 81' lang='lat' dir='ltr'><strong>bac</strong></span> <span class='ocrx_word' id='word_1_293' title='bbox 645 4969 736 5019; x_wconf 76' lang='lat' dir='ltr'><strong>eudem</strong></span> <span class='ocrx_word' id='word_1_294' title='bbox 752 4969 939 5020; x_wconf 74' lang='lat' dir='ltr'><strong>coniuratione.</strong></span> <span class='ocrx_word' id='word_1_295' title='bbox 1160 4965 1188 5030; x_wconf 82' lang='lat'><strong>(¹)</strong></span> <span class='ocrx_word' id='word_1_296' title='bbox 1205 4971 1250 5018; x_wconf 79' lang='lat' dir='ltr'><strong>lta</strong></span> <span class='ocrx_word' id='word_1_297' title='bbox 1266 4980 1282 5018; x_wconf 82' lang='lat' dir='ltr'><strong>e</strong></span> <span class='ocrx_word' id='word_1_298' title='bbox 1299 4967 1329 5017; x_wconf 84' lang='grc' dir='ltr'><strong>Ε.</strong></span> <span class='ocrx_word' id='word_1_299' title='bbox 1347 4965 1415 5016; x_wconf 82' lang='lat' dir='ltr'><strong>risus</strong></span> <span class='ocrx_word' id='word_1_300' title='bbox 1431 4971 1478 5016; x_wconf 83' lang='lat' dir='ltr'><strong>est.</strong></span> <span class='ocrx_word' id='word_1_301' title='bbox 1583 4928 1585 4934; x_wconf 27' lang='grc' dir='ltr'>Ι</span> 
     </span>
     <span class='ocr_line' id='line_1_34' title="bbox 446 5043 1532 5110; baseline -0.004 -14"><span class='ocrx_word' id='word_1_302' title='bbox 446 5043 473 5108; x_wconf 82' lang='grc'><strong>(·)</strong></span> <span class='ocrx_word' id='word_1_303' title='bbox 490 5046 521 5096; x_wconf 83' lang='lat' dir='ltr'><strong>E.</strong></span> <span class='ocrx_word' id='word_1_304' title='bbox 537 5046 683 5108; x_wconf 81' lang='lat' dir='ltr'><strong>asperslone</strong></span> <span class='ocrx_word' id='word_1_305' title='bbox 699 5059 744 5097; x_wconf 83' lang='lat' dir='ltr'><strong>seu</strong></span> <span class='ocrx_word' id='word_1_306' title='bbox 761 5045 887 5097; x_wconf 77' lang='lat' dir='ltr'><strong>effusione</strong></span> <span class='ocrx_word' id='word_1_307' title='bbox 902 5050 1057 5110; x_wconf 77' lang='lat' dir='ltr'><strong>respexerat.</strong></span> <span class='ocrx_word' id='word_1_308' title='bbox 1158 5044 1186 5108; x_wconf 66' lang='lat' dir='ltr'><strong>(ll</strong></span> <span class='ocrx_word' id='word_1_309' title='bbox 1202 5044 1232 5095; x_wconf 76' lang='lat' dir='ltr'><strong>rt</strong></span> <span class='ocrx_word' id='word_1_310' title='bbox 1249 5043 1397 5109; x_wconf 85' lang='lat' dir='ltr'><strong>quotldlmo</strong></span> <span class='ocrx_word' id='word_1_311' title='bbox 1412 5043 1532 5094; x_wconf 75' lang='lat' dir='ltr'><strong>subitum.</strong></span> 
     </span>
     <span class='ocr_line' id='line_1_35' title="bbox 446 5119 1327 5187; baseline -0.003 -13"><span class='ocrx_word' id='word_1_312' title='bbox 446 5121 474 5185; x_wconf 81' lang='lat'><strong>(¹)</strong></span> <span class='ocrx_word' id='word_1_313' title='bbox 491 5122 521 5173; x_wconf 84' lang='lat' dir='ltr'><strong>ll.</strong></span> <span class='ocrx_word' id='word_1_314' title='bbox 538 5123 638 5182; x_wconf 73' lang='lat' dir='ltr'><strong>vinium,</strong></span> <span class='ocrx_word' id='word_1_315' title='bbox 655 5121 696 5174; x_wconf 81' lang='lat' dir='ltr'><strong>rol</strong></span> <span class='ocrx_word' id='word_1_316' title='bbox 713 5123 809 5174; x_wconf 80' lang='lat' dir='ltr'><strong>nedum</strong></span> <span class='ocrx_word' id='word_1_317' title='bbox 825 5123 923 5187; x_wconf 72' lang='lat' dir='ltr'><strong>plurim.</strong></span> <span class='ocrx_word' id='word_1_318' title='bbox 1160 5119 1187 5183; x_wconf 78' lang='lat'><strong>(⁸)</strong></span> <span class='ocrx_word' id='word_1_319' title='bbox 1204 5121 1234 5172; x_wconf 84' lang='lat' dir='ltr'><strong>ll.</strong></span> <span class='ocrx_word' id='word_1_320' title='bbox 1250 5124 1327 5172; x_wconf 78' lang='lat' dir='ltr'><strong>stunt.</strong></span> 
     </span>
    </p>
   </div>
   <div class='ocr_carea' id='block_1_5' title="bbox 0 0 2289 6836">
    <p class='ocr_par' dir='ltr' id='par_1_5' title="bbox 0 0 2289 6836">
     <span class='ocr_line' id='line_1_36' title="bbox 0 0 2289 6836; baseline 0 0"><span class='ocrx_word' id='word_1_321' title='bbox 0 0 2289 6836; x_wconf 95' lang='lat' dir='ltr'><strong> </strong></span> 
     </span>
    </p>
   </div>
  </div>
 </body>
</html>
