4580 6844
705 999 843 1056 emaus
867 999 1058 1056 moasmus
1081 998 1264 1056 musicos.
1496 983 1566 1058 331

393 1145 502 1221 dicit:
527 1147 636 1238 mfioo
659 1146 697 1217 in
720 1163 762 1216 so
787 1146 811 1216 1’
823 1145 918 1218 altro
942 1163 1044 1235 orco,
1075 1142 1167 1218 idest
1196 1151 1344 1240 pontem
1360 1137 1397 1237 (¹)
1425 1165 1566 1220 novum

394 1271 591 1341 curvatum
616 1263 654 1337 in
678 1263 832 1338 modum
857 1282 979 1356 arcus,
1002 1264 1062 1336 cie
1084 1283 1191 1356 capre
1205 1267 1234 1337 il
1245 1268 1356 1359 fosso,
1374 1265 1467 1341 idest
1484 1265 1567 1340 bul·

392 1386 492 1483 giam
511 1404 646 1461 nonam
666 1402 867 1460 concavam
892 1387 931 1458 et
952 1403 1126 1478 capacem
1144 1383 1348 1458 muitarum
1366 1405 1564 1480 poenarum

393 1505 503 1579 unius
532 1505 662 1600 culpe,
697 1503 784 1596 quia
812 1502 849 1576 in
879 1521 925 1578 ea
955 1503 1161 1598 puniuntur
1188 1503 1407 1598 scismatici;
1442 1509 1479 1578 et
1513 1503 1565 1579 sic

393 1623 508 1722 tangit
533 1623 726 1699 materiam
752 1621 938 1716 sequentis
963 1621 1122 1718 capituli,
1147 1641 1233 1696 cum
1260 1622 1363 1698 dicit:
1387 1625 1425 1696 in
1449 1625 1509 1696 cie
1533 1627 1567 1697 si

388 1764 490 1838 paea
513 1743 623 1836 ilsso,
648 1741 751 1836 idest,
780 1741 817 1815 in
847 1761 922 1835 quo
952 1741 1049 1816 iosso
1079 1741 1232 1816 solvitur
1266 1741 1430 1838 seudum,
1460 1741 1564 1837 idest,

393 1863 514 1940 debita
536 1861 668 1938 solutio
693 1869 732 1937 et
754 1861 906 1956 punitio,
933 1881 957 1934 a
983 1861 1073 1953 quei,
1091 1860 1238 1956 scilicet,
1255 1861 1479 1957 scismaticis,
1505 1865 1565 1936 cie

394 1986 718 2076 monetaneum,
744 1981 847 2075 idest,
872 2000 967 2055 onus
992 1979 1110 2074 culpae
1134 1980 1193 2054 vol
1224 2001 1355 2076 poenae,
1380 1991 1562 2056 scommet·

394 2105 509 2194 ωηάο,
534 2102 637 2197 idest,
661 2098 886 2176 detrahendo
911 2104 949 2173 at
970 2097 1185 2172 seminando
1201 2099 1431 2174 discordiam.
1459 2102 1502 2176 Et
1528 2102 1564 2175 in

394 2224 465 2298 hoc
488 2221 709 2296 terminatur
728 2218 929 2312 capitulum
946 2235 1119 2312 presens,
1144 2217 1181 2290 in
1206 2217 1312 2292 cuius
1337 2218 1565 2314 expositione

394 2341 462 2416 mit
486 2361 578 2436 opas
594 2338 761 2436 pluribus
777 2337 910 2431 verbis,
927 2335 1014 2431 quia
1032 2356 1127 2411 nova
1145 2337 1322 2412 moderna
1338 2348 1425 2416 sunt
1442 2339 1558 2436 magis

394 2462 561 2568 ignoma
586 2479 699 2553 quam
724 2462 862 2532 vetera.

453 2710 481 2774 (¹)
498 2711 573 2762 iiiia
589 2709 620 2761 li.
637 2713 742 2773 panim
758 2721 867 2760 nouum.
