4534 6842
710 906 780 976 1⁰6
885 971 887 976 ,
1103 913 1308 972 mummuli
1333 913 1485 970 mmm

708 1081 821 1137 unam
856 1061 1031 1137 risibilem
1048 1054 1085 1154 (¹)
1118 1060 1227 1156 iliius,
1259 1081 1373 1156 quem
1399 1060 1546 1136 tenebat
1559 1051 1597 1153 (¹)
1627 1060 1810 1157 sculptum
1840 1061 1879 1138 in

707 1183 829 1276 corde,
855 1181 1083 1258 considerata
1108 1181 1354 1257 omniforme
1379 1188 1417 1257 et
1432 1181 1667 1277 proportione
1687 1184 1877 1262 membro-

708 1324 818 1398 rum;
852 1301 933 1378 ideo
967 1302 1091 1377 vultus
1122 1301 1337 1398 appellatur,
1370 1301 1458 1395 quia
1488 1301 1598 1376 iacies
1631 1302 1788 1378 bominis
1816 1303 1880 1381 dat

708 1422 951 1520 cognitionem
969 1420 1059 1496 eius
1085 1420 1305 1496 Nicodamus
1328 1428 1453 1496 autem
1472 1420 1619 1516 reliquit
1636 1422 1730 1498 banc
1749 1422 1879 1519 imagi-

707 1561 794 1616 nem
820 1539 1140 1616 cuidam-nomine
1163 1541 1294 1634 meur,
1316 1540 1380 1635 qui
1400 1547 1548 1635 propter
1570 1548 1712 1617 metum
1732 1542 1879 1638 jndaeo-

709 1681 793 1734 rum
818 1659 916 1734 illam
941 1659 1184 1734 occultissimo
1200 1659 1423 1735 reconditam
1441 1661 1603 1755 quotidie
1619 1663 1878 1756 venerabatur,

708 1787 745 1858 ct
769 1779 974 1856 successive
1007 1779 1174 1876 pervenit
1206 1779 1254 1856 ad
1285 1801 1417 1856 manus
1442 1782 1646 1856 multorum
1673 1783 1876 1858 baerednm.

708 1900 903 1996 Episcopus
918 1889 955 1992 (³)
981 1919 1083 1996 ergo,
1108 1906 1255 1974 narrata
1281 1899 1419 1975 visione
1443 1888 1816 1995 caeteris(⁸),aocessit
1831 1903 1878 1977 ad

708 2020 977 2115 Seleucium,a
1008 2040 1083 2116 quo
1120 2040 1255 2116 magna
1292 2026 1373 2095 arte
1409 2026 1448 2096 et
1484 2020 1630 2118 ingenio
1667 2019 1879 2096 difficillime

707 2139 864 2216 obtinuit
891 2139 1024 2216 dictam
1057 2138 1268 2235 imaginem,
1295 2160 1407 2234 qnam
1434 2159 1519 2216 cum
1536 2155 1694 2216 summa
1719 2159 1876 2218 venera-

708 2259 807 2334 tione
830 2259 960 2335 detulit
992 2279 1111 2356 usque
1134 2259 1183 2335 ad
1206 2260 1290 2334 litus
1314 2259 1467 2335 civitatis
1492 2258 1727 2356 Joppe,'quae
1751 2267 1877 2356 postca

707 2378 802 2454 dicta
826 2385 882 2454 est
904 2379 1030 2454 Acbon
1049 2371 1099 2472 (ὅ).
1117 2379 1168 2454 ibi
1184 2378 1355 2454 divinitus
1379 2378 1500 2456 oblata
1522 2380 1623 2454 navis
1643 2387 1815 2476 cooperta
1839 2388 1878 2456 et

707 2509 848 2593 ornata,
873 2498 951 2572 sine
966 2519 1037 2594 ope
1053 2519 1244 2574 remomm
1262 2500 1320 2574 vei
1337 2498 1504 2574 velorum
1528 2507 1715 2595 acceptam
1731 2491 1769 2592 (ὅ)
1782 2500 1820 2574 in
1837 2520 1878 2576 sc

707 2619 905 2716 imaginem
918 2619 1055 2715 appulit
1067 2619 1114 2695 ad
1125 2625 1274 2715 portum
1288 2619 1441 2695 civitatis
1453 2620 1578 2714 Lunoe,
1592 2619 1639 2696 de
1651 2619 1877 2715 quadictum

708 2739 826 2816 estin
850 2739 1008 2835 capitulo
1034 2739 1262 2835 praecedenti.
1289 2741 1475 2816 Lunenses
1492 2741 1681 2836 stupefacti
1700 2740 1878 2818 miraculo

708 2859 831 2935 navim
868 2857 1047 2956 aggressi,
1085 2879 1291 2954 numquam
1321 2860 1418 2934 iiiam
1452 2859 1634 2955 attingere
1665 2867 1876 2955 potuerunt

708 2981 811 3054 Tunc
831 2979 980 3074 quidam
996 2977 1187 3074 episcopus
1203 2979 1357 3054 lucanus
1374 2979 1523 3054 nomine
1539 2979 1733 3075 Jobnnncs,
1749 2979 1879 3056 admo·

708 3099 806 3174 nitus
829 3100 878 3174 ab
901 3099 1044 3196 angelo,
1069 3098 1222 3174 accessit
1246 3098 1292 3174 ad
1308 3105 1458 3194 portum
1479 3100 1683 3194 lunensem,
1699 3100 1760 3174 cui
1776 3099 1880 3175 navis

708 3228 836 3316 sponte
854 3240 896 3296 se
914 3219 1055 3295 obtulit
1077 3219 1120 3292 Et
1140 3219 1192 3294 sic
1211 3225 1353 3294 tantum
1371 3219 1522 3311 donum,
1539 3239 1625 3296 cum
1647 3239 1793 3294 summa
1813 3240 1880 3296 ve-

708 3342 897 3418 neratione
916 3339 1087 3414 omnibus
1111 3339 1424 3433 concurrentibus,
1447 3347 1633 3434 portatum
1651 3348 1707 3416 est
1726 3341 1878 3434 Lucam,

708 3470 746 3538 et
761 3462 810 3536 ibi
826 3460 1031 3556 depositum
1052 3459 1090 3534 in
1106 3459 1258 3536 ecclesia
1277 3460 1392 3536 sancti
1413 3458 1568 3554 Martini,
1586 3459 1648 3534 nbi
1669 3461 1787 3536 muita
1808 3460 1879 3534 mi·-

709 3582 835 3658 racula
859 3581 944 3656 iecit
968 3587 1006 3654 et
1025 3579 1120 3674 iacit,
1138 3589 1180 3655 ut
1195 3578 1321 3655 dicunt
1336 3580 1513 3656 lucenses.
1532 3579 1587 3654 Tu
1608 3579 1656 3656 de
1675 3581 1745 3656 boc
1769 3579 1881 3656 crode

708 3702 808 3797 quod
838 3703 904 3794 vis,
933 3699 1019 3794 quia
1045 3699 1116 3774 boc
1140 3718 1214 3773 non
1239 3705 1293 3773 est
1316 3698 1364 3775 de
1387 3699 1549 3775 articulis
1574 3694 1667 3774 iidei.
1695 3700 1879 3776 Lucenses

708 3842 799 3916 crgo
823 3820 959 3896 babent
982 3819 1029 3894 de
1053 3837 1160 3894 more
1188 3817 1311 3894 iacere
1334 3819 1519 3894 orationes
1544 3826 1582 3894 et
1606 3818 1807 3894 oblationes
1831 3817 1878 3894 ad
1913 3903 1917 3908 ,

709 3942 818 4016 istum
845 3941 988 4016 vultum
1020 3943 1200 4034 sanctum,
1227 3939 1410 4035 precipue
1435 3939 1583 4034 quando
1608 3937 1770 4036 indigent
1794 3960 1879 4015 suc-

708 4082 821 4137 cursu
846 4059 970 4134 sancti.
997 4058 1082 4134 ideo
1104 4059 1161 4133 isti
1177 4059 1363 4136 daemones
1380 4080 1479 4135 nunc
1495 4060 1790 4156 improperabant
1808 4061 1877 4156 isti,

709 4183 808 4279 quod
833 4202 906 4257 non
931 4187 1012 4256 erat
1036 4179 1193 4274 amplius
1218 4181 1321 4255 iocus
1345 4179 1403 4255 bic
1428 4181 1547 4256 vultui
1571 4188 1717 4276 sancto3
1734 4188 1773 4257 et
1788 4181 1879 4256 assi·

708 4309 798 4401 gnat
821 4321 972 4376 cansam
999 4299 1120 4393 buius,
1151 4299 1238 4393 quia
1263 4320 1337 4374 non
1363 4306 1418 4375 est
1443 4299 1507 4391 bic¹
1526 4321 1609 4397 spes
1633 4301 1813 4398 refrigerii
1827 4289 1878 4394 (⁷),

708 4424 802 4498 sicut
825 4423 864 4496 in
888 4420 999 4496 fluvio
1026 4421 1177 4513 lucun03
1204 4417 1285 4494 ideo
1309 4419 1458 4496 dicum:
1490 4423 1550 4514 ptri
1578 4424 1741 4496 eructa
1773 4425 1877 4496 atot-

710 4543 813 4616 motti
836 4543 896 4614 olto
919 4543 977 4614 oei
999 4541 1150 4614 Sercbio.
1178 4538 1348 4614 Sercbius
1364 4529 1400 4631 (⁸)
1421 4539 1519 4614 enim
1545 4548 1601 4616 est
1625 4541 1759 4616 fluvius
1777 4543 1879 4616 iuca-

770 4736 797 4796 (¹)
812 4733 838 4784 S.
855 4733 968 4784 rimiiem
984 4731 1061 4784 iliius.
1225 4751 1228 4760 ¹
1382 4731 1409 4796 (¹)
1426 4732 1457 4783 E.
1475 4733 1578 4786 tenebat
1594 4735 1620 4784 in
1636 4733 1724 4785 cordo.

769 4808 797 4870 (Ἴ
812 4809 838 4860 S.
856 4809 999 4872 ssptroopm
1015 4821 1086 4860 roro.
1096 4835 1128 4848 ·-
1137 4809 1168 4861 li.
1185 4809 1336 4874 Episcopus,
1353 4814 1465 4861 namu.

771 4886 798 4948 (⁸)
815 4886 968 4947 110,me
983 4887 1098 4938 muit-
1379 4887 1407 4950 (¹)
1423 4887 1455 4937 Β.
1471 4887 1563 4948 Acone
1579 4887 1622 4938 ubi
1638 4887 1767 4940 difinitur.

770 4962 1478 5028 prumptrtnsotmptnuoeontrmportnm.

771 5039 800 5104 0)
814 5039 846 5092 li.
861 5037 963 5104 acinati-
1382 5039 1410 5102 θ)
1427 5039 1457 5090 lt
1473 5038 1596 5092 ὃοηωιιι
1611 5045 1659 5092 ast.
