4550 6844
751 965 822 1031 472
1143 978 1348 1034 ΕΟΠΝΤΗΜ
1370 981 1522 1036 manum

749 1122 946 1217 plusquam
972 1123 1085 1196 turris
1109 1145 1194 1218 quae
1219 1125 1428 1201 concutitur
1449 1133 1674 1203 terraemotu.
1696 1129 1790 1207 llicit
1809 1149 1920 1227 ergo:

748 1263 822 1316 troo
834 1246 876 1337 su
893 1249 1062 1316 remaclo
1079 1234 1142 1333 pol
1158 1251 1255 1318 rano
1272 1246 1423 1337 moeso,
1437 1246 1539 1340 idest,
1553 1248 1727 1323 robustus
1747 1256 1785 1324 et
1804 1248 1920 1344 tortis,

748 1365 808 1437 cle
831 1370 987 1454 rcooesse,
1013 1363 1117 1458 idest,
1142 1371 1368 1459 concuteret,
1393 1387 1466 1438 ono
1490 1373 1588 1442 torre
1616 1360 1687 1442 eorl
1700 1373 1806 1462 sorte,
1824 1390 1922 1444 corre

748 1487 859 1558 Fiutte
882 1504 906 1555 a
930 1487 1074 1558 scotere
1093 1488 1134 1578 su
1155 1492 1284 1578 presto.
1312 1485 1356 1558 ut
1380 1485 1463 1560 vide
1488 1494 1669 1580 quantum
1693 1489 1920 1584 comparatio

704 1606 707 1615 ’
748 1610 804 1680 est
828 1606 976 1700 propria
1001 1605 1047 1680 de
1069 1605 1219 1702 gigante
1234 1605 1281 1680 ad
1297 1612 1454 1680 turrem.
1472 1606 1574 1681 Sicut
1590 1606 1689 1684 enirn
1706 1609 1820 1683 turris
1837 1629 1920 1684 ma-

747 1745 832 1821 gna,
850 1725 923 1799 alta
943 1734 981 1802 et
1005 1726 1106 1799 fortis
1131 1745 1206 1801 non
1232 1731 1403 1802 movetur
1425 1727 1543 1802 ventis
1567 1734 1605 1802 et
1629 1730 1917 1824 tempestatibus,

750 1865 818 1920 nec
842 1844 920 1919 aliis
945 1844 1084 1920 viribus
1103 1846 1286 1939 humanis,
1304 1851 1482 1922 ettamen
1500 1849 1705 1943 percutitur
1726 1849 1920 1926 alulmine

592 2038 609 2060 ,
750 1973 787 2040 et
811 1964 968 2059 laeditur,
993 1971 1030 2040 et
1045 1958 1082 2057 (¹)
1108 1970 1323 2039 terremotu
1346 1965 1526 2040 evertitur
1550 1973 1588 2042 et
1612 1969 1857 2062 prosternitur
1872 1968 1921 2043 ad

751 2089 893 2158 terram
918 2103 1005 2158 cum
1030 2105 1167 2180 magno
1193 2083 1351 2180 fragore,
1377 2085 1427 2159 ita
1457 2085 1525 2161 iste
1554 2085 1658 2183 gigas
1683 2085 1770 2160 olim
1796 2087 1921 2160 tulmi-

751 2215 870 2298 natus,
896 2225 995 2278 nunc
1020 2210 1228 2279 commotus
1253 2203 1336 2278 iorti
1368 2203 1536 2280 irrisione
1563 2205 1713 2303 Virgilii,
1732 2206 1849 2281 voluit
1868 2207 1919 2279 ir·

751 2344 863 2400 ruere
886 2344 996 2420 super
1014 2344 1114 2400 eum.
1132 2323 1177 2397 Et
1192 2323 1274 2399 ideo
1290 2330 1401 2398 autor
1417 2324 1591 2398 continuo
1608 2325 1730 2399 subdit
1746 2326 1919 2401 ellectum

749 2446 860 2520 buius
886 2452 1008 2518 motus
1032 2443 1174 2518 dicens:
1199 2447 1282 2517 utor
1306 2447 1429 2518 tonet&
1442 2447 1478 2518 io
1490 2439 1553 2536 pil
1568 2446 1629 2517 cde
1647 2447 1721 2518 moi
1740 2448 1775 2517 tn
1794 2451 1919 2534 morte,

748 2565 855 2659 quasi
880 2564 998 2639 dicat:
1025 2582 1111 2637 eum
1137 2583 1234 2658 saepe
1259 2563 1448 2638 timuerim
1474 2569 1634 2640 mortem
1660 2564 1766 2639 vivus
1794 2564 1832 2638 in
1861 2564 1918 2637 in-

749 2685 865 2778 ierno,
885 2684 943 2758 bic
967 2703 1116 2758 summe
1141 2684 1296 2758 extimui
1312 2690 1350 2759 et
1366 2683 1510 2779 merito,
1528 2685 1615 2778 quia
1636 2686 1714 2780 jam
1740 2703 1920 2781 pervene-

749 2811 808 2879 rat
827 2806 936 2900 juxta
959 2824 1145 2879 summam
1171 2805 1337 2879 omnium
1363 2804 1594 2898 terribilium,
1619 2810 1657 2879 et
1687 2811 1811 2880 tamen
1838 2806 1919 2900 plus

750 2925 890 3000 timebit
904 2914 943 3016 (¹)
968 2924 1087 3018 ipsum
1113 2923 1335 3000 Luciferum.
1361 2923 1464 2999 Unde
1488 2923 1590 2997 dicit:
1610 2943 1717 2997 enon
1733 2927 1838 2997 o'eru
1854 2927 1920 2997 mt-

748 3049 833 3119 str'er
855 3040 916 3137 ptri
932 3047 991 3118 cle
1007 3048 1044 3119 tu
1059 3048 1170 3135 dotto,
1188 3044 1289 3139 idest,
1308 3065 1381 3119 non
1398 3042 1613 3139 expediebat
1634 3041 1733 3117 aliud
1750 3043 1797 3118 ad
1818 3064 1919 3117 mor-

750 3173 825 3242 tem
852 3184 988 3258 meam,
1014 3164 1081 3238 nisi
1106 3164 1261 3259 simplex
1287 3164 1402 3239 motio
1426 3163 1581 3261 gigantis
1597 3153 1648 3256 (ἢ,
1673 3161 1777 3257 quasi
1802 3161 1918 3236 dicat:

749 3306 824 3360 non
849 3285 1041 3381 oportebat
1056 3273 1092 3379 (⁴)
1120 3286 1221 3379 quod
1244 3285 1349 3381 gigas
1373 3290 1584 3380 percuteret
1608 3303 1670 3358 me
1693 3282 1812 3377 aliter,
1831 3282 1920 3375 quia

750 3403 922 3480 mortuus
946 3425 1049 3480 eram
1083 3405 1206 3480 subito
1221 3397 1258 3496 (⁵)
1291 3425 1338 3480 ex
1364 3405 1441 3478 sola
1470 3403 1702 3496 quassatione
1733 3403 1829 3496 eius;
1855 3397 1920 3476 ¹uel

750 3526 860 3618 dicas,
891 3529 928 3599 la
965 3528 1075 3616 doun,
1113 3524 1204 3598 idest
1235 3524 1365 3617 tim0r3
1398 3543 1485 3597 nam
1522 3520 1652 3596 dotare
1684 3526 1740 3594 est
1777 3521 1919 3613 timere,
1983 3539 1985 3544 ’

751 3644 856 3738 quasi
881 3643 995 3718 dicat:
1021 3643 1121 3716 solus
1138 3641 1250 3716 timor
1269 3648 1351 3716 erat
1369 3640 1554 3714 sufficiens
1570 3638 1617 3713 ad
1633 3639 1920 3714 exanimandum

750 3783 824 3856 me,
849 3765 926 3836 r’lo
949 3782 1022 3835 non
1046 3763 1161 3835 aversi
1184 3763 1268 3834 virle
1292 3763 1324 3832 te
1346 3762 1482 3850 ritorto,
1500 3756 1605 3852 idest,
1626 3756 1657 3830 si
1679 3776 1749 3854 ego
1770 3777 1845 3832 non
1864 3757 1920 3831 vi·

749 3882 881 3958 dissem
909 3888 1061 3977 torques
1085 3888 1124 3958 et
1152 3879 1310 3974 vincula,
1335 3879 1471 3973 quibus
1501 3884 1581 3953 erat
1614 3877 1758 3974 ligatus.
1788 3877 1832 3951 Et
1846 3869 1920 3952 ¹iric

751 4009 837 4078 nota
863 4002 963 4097 quod
987 4000 1335 4099 periculosissimum
1361 4005 1416 4075 est
1440 3999 1632 4074 incurrere
1651 3999 1745 4072 iram
1763 4004 1800 4073 et
1816 3998 1933 4072 turo·
1972 4073 1973 4076 t

751 4145 832 4200 rem
859 4124 938 4198 talis
962 4123 1118 4221 gigantis
1143 4123 1224 4198 viro
1249 4119 1402 4216 sapienti
1427 4123 1465 4193 et
1488 4117 1665 4210 virtuoso,
1691 4116 1755 4211 qui
1785 4117 1921 4192 multos

750 4231 960 4320 destrueret
983 4242 1051 4317 nisi
1076 4241 1198 4317 divina
1224 4237 1451 4336 providentia
1476 4237 1634 4332 ligasset,
1654 4236 1747 4310 sicut
1764 4235 1922 4312 Alexan-

751 4362 818 4439 der
843 4362 1099 4456 calisthenem,
1125 4361 1223 4436 Nero
1253 4358 1445 4451 Senecam,
1469 4354 1671 4430 Antoninus
1686 4345 1722 4448 (⁸)
1753 4355 1923 4431 Caracal-

751 4482 810 4557 lus
836 4481 1074 4578 Papinianum
1101 4485 1138 4554 et
1163 4480 1213 4554 ita
1237 4476 1285 4552 de
1310 4476 1445 4551 multis.

827 4605 897 4674 Nor·
915 4603 1172 4694 procedemmo.
1199 4599 1270 4672 ista
1295 4603 1350 4672 est
1375 4601 1508 4691 quarta
1533 4601 1571 4670 et
1595 4595 1724 4669 ultima
1748 4615 1833 4690 pars
1856 4615 1924 4690 ge·

697 4793 698 4799 t
754 4721 898 4815 neralis,
916 4721 954 4794 in
974 4740 1049 4814 qua
1072 4725 1183 4795 autor
1206 4717 1282 4814 agit
1307 4721 1344 4792 et
1370 4720 1503 4790 tractat
1527 4714 1574 4788 de
1598 4713 1670 4787 alio
1692 4713 1841 4811 gigante
1855 4735 1923 4789 an·

815 4937 842 4997 (ll
857 4934 890 4985 li.
904 4937 932 4985 et
946 4933 1026 4984 etlam
1042 4947 1057 4984 ι
1073 4937 1233 4984 tenomotu.
1434 4926 1462 4993 (¹1
1477 4928 1509 4980 ll.
1525 4927 1641 4980 duabu.

813 5011 1069 5076 clironomian.
1434 5005 1648 5068 arnapam.

814 5089 842 5151 (⁸)
858 5092 913 5149 lto,
929 5087 1011 5140 subita
1026 5087 1188 5152 mone
1202 5086 1266 5138 elur.
1435 5081 1463 5146 Γ)
1479 5081 1510 5132 B.
1525 5094 1541 5132 a
1558 5085 1613 5142 titt,
1630 5080 1766 5134 Antonius.
