4566 6844
741 935 812 1006 arr
1131 953 1334 1011 cormuruur
1358 955 1511 1010 rursum

737 1097 896 1170 multum
922 1103 1099 1194 aggravat
1114 1097 1288 1174 dehctum
1310 1098 1487 1192 istorum;
1504 1097 1604 1172 uude
1623 1096 1764 1172 violare
1782 1095 1905 1192 hospi-

736 1217 909 1294 tahtatem
929 1216 1170 1312 reputabatur
1182 1210 1219 1309 (¹)
1236 1219 1323 1292 olim
1342 1217 1547 1292 marimum
1566 1216 1679 1311 netas,
1697 1215 1791 1291 sicut
1807 1235 1904 1311 saepe

734 1342 834 1433 patet
858 1337 955 1432 apud
980 1336 1166 1412 Valerium
1185 1328 1222 1430 (²)
1248 1343 1286 1412 et
1310 1338 1456 1410 multos.
1469 1341 1565 1408 -Ε
1584 1340 1692 1431 soree.
1717 1335 1824 1410 Nunc
1843 1336 1906 1409 Al-

734 1455 880 1530 bericus
905 1455 951 1530 ad
978 1456 1269 1531 confirmandum
1294 1455 1433 1532 dictum
1448 1446 1497 1550 (³),
1518 1455 1616 1549 quod
1634 1455 1778 1530 videtur
1799 1455 1906 1530 valde

734 1575 912 1669 mirabile,
938 1576 1103 1651 nominat
1127 1577 1240 1651 alium
1266 1576 1490 1672 proditorem
1518 1576 1739 1652 modernum
1765 1576 1812 1651 de
1837 1595 1902 1651 ea·

734 1694 819 1769 dem
845 1695 965 1790 specie
989 1695 1152 1790 peiorem
1179 1717 1231 1791 se,
1255 1695 1401 1772 diceus:
1428 1699 1629 1788 cilcorpo
1658 1698 1702 1768 dc
1726 1696 1900 1786 tombru,

733 1813 836 1908 idest,
862 1815 1006 1910 auimae,
1032 1817 1092 1888 cle
1126 1819 1164 1891 di
1196 1836 1267 1908 qua
1295 1819 1344 1889 mi
1377 1837 1502 1906 omre,
1535 1815 1638 1910 idest,
1671 1815 1779 1912 friget
1793 1805 1831 1908 (⁸)
1865 1817 1902 1918 iu

734 1933 863 2030 glacie,
895 1933 988 2011 sicut
1017 1941 1184 2029 tempore
1211 1935 1370 2027 hiemali,
1392 1939 1491 2030 forse
1516 1955 1610 2028 pare
1640 1956 1776 2008 ancora
1805 1956 1901 2026 urso,

732 2053 835 2147 idest,
861 2053 957 2129 iorte
982 2054 1070 2129 vivit
1094 2053 1215 2128 adhuc
1239 2055 1277 2128 irr
1304 2055 1459 2150 muudo;
1486 2075 1572 2130 uam
1595 2074 1749 2149 corpora
1772 2055 1902 2131 vireu·

733 2173 825 2246 tium
849 2182 1027 2270 apparent
1050 2175 1088 2248 iu
1113 2174 1253 2249 mundo
1266 2197 1276 2268 ;
1303 2181 1538 2249 mortuorum
1571 2194 1661 2249 vero
1692 2194 1778 2267 uorr,
1813 2174 1900 2268 quia

731 2293 957 2388 sepeliuntur
991 2299 1027 2368 et
1060 2293 1335 2368 absconduntur
1365 2301 1516 2390 propter
1549 2293 1825 2369 horribilitatem
1861 2301 1900 2369 et

729 2413 918 2490 toetorem:
944 2421 982 2488 et
1006 2414 1189 2509 specificat
1219 2413 1339 2508 ipsum
1364 2434 1430 2509 per
1460 2434 1606 2490 nomeu.
1633 2413 1686 2489 Ad
1720 2413 1819 2508 quod
1843 2419 1900 2488 est

731 2533 933 2627 sciendum,
959 2533 1057 2628 quod
1083 2533 1141 2607 bic
1166 2533 1312 2628 spiritus
1340 2534 1387 2610 de
1416 2555 1491 2629 quo
1522 2534 1686 2630 loquitur
1710 2533 1899 2609 hibericus

731 2653 801 2726 luit
825 2652 974 2746 quidam
1001 2653 1105 2728 miles
1130 2653 1259 2728 nobilis
1283 2660 1320 2729 et
1345 2661 1517 2729 strenuus
1541 2654 1588 2729 de
1612 2655 1730 2728 lanua
1750 2653 1899 2728 uomiue

730 2775 870 2850 Brunca
895 2774 942 2849 de
966 2774 1077 2848 domo
1102 2774 1247 2848 illorum
1274 2773 1320 2849 de
1344 2774 1441 2869 Oria,
1459 2775 1520 2869 qui
1542 2774 1611 2851 luit
1626 2793 1742 2870 gener
1758 2771 1895 2848 domiui

729 2893 909 2969 Michaelis
927 2893 1083 2969 Ciauche
1098 2885 1147 2986 (⁵),
1173 2893 1236 2987 qui
1260 2900 1342 2988 post
1366 2900 1524 2968 mortem
1544 2893 1641 2990 regis
1656 2892 1762 2986 Erilli,
1782 2911 1896 2966 oocu-

730 3014 829 3110 pavit
848 3013 1053 3109 judicatum
1080 3012 1254 3087 Sardiuiae
1279 3013 1343 3107 qui
1368 3012 1499 3087 dicitur
1523 3011 1728 3108 Logodoro,
1748 3011 1795 3086 de
1819 3031 1894 3104 quo

728 3133 866 3208 dictum
892 3139 948 3208 est
972 3153 1094 3228 supra,
1120 3132 1184 3206 ubi
1209 3139 1407 3208 tractatum
1439 3138 1493 3206 ert
1522 3131 1568 3206 de
1596 3130 1797 3206 baratariis.
1824 3131 1895 3204 Iste

727 3273 818 3350 ergo
835 3253 976 3328 Brunca
992 3243 1030 3345 (⁶)
1048 3251 1227 3328 interiecit
1243 3251 1290 3327 ad
1308 3271 1472 3326 mensam
1498 3250 1711 3346 praedictum
1739 3249 1894 3325 Michae-

727 3374 800 3447 lem
826 3393 997 3449 socemm
1023 3393 1147 3466 suum,
1168 3377 1211 3445 ut
1238 3372 1390 3447 haberet
1414 3369 1494 3446 eius
1520 3371 1717 3445 immensas
1741 3369 1893 3445 divitias.

726 3492 818 3566 Dicit
848 3512 959 3588 ergo:
986 3500 1022 3565 tu
1052 3495 1109 3566 dci
1137 3511 1244 3584 saper
1267 3513 1305 3564 re
1329 3498 1365 3564 tu
1389 3511 1454 3563 oen
1473 3511 1546 3583 pur
1570 3511 1629 3564 mo
1652 3493 1766 3582 perso,
1790 3489 1893 3583 idest,

726 3611 755 3686 si
781 3630 900 3707 nuper
925 3611 1137 3686 descendisti
1167 3633 1190 3685 a
1226 3610 1365 3685 mundo
1396 3610 1599 3685 viventium
1630 3610 1676 3685 ad
1707 3609 1891 3685 iuleruum

725 3735 974 3824 mortuorum,
987 3735 1028 3804 tu
1042 3730 1153 3805 debes
1165 3729 1261 3805 scire
1274 3730 1303 3804 si
1317 3748 1448 3806 verum
1462 3729 1554 3823 dioo,
1564 3729 1664 3822 quod
1678 3729 1754 3824 ipsc
1770 3728 1892 3804 adhuc

725 3851 836 3946 vivet,
861 3853 919 3924 elli
942 3844 979 3925 te
1002 3871 1060 3924 ser
1085 3856 1231 3924 Brunca
1253 3853 1396 3942 dorio,
1414 3849 1476 3945 qui
1503 3850 1618 3924 malas
1644 3850 1798 3926 brancas
1825 3851 1891 3926 ha-

725 3972 815 4067 buit,
841 3995 861 4046 e
884 3993 950 4046 son
971 3967 1033 4065 piri
1056 3975 1143 4045 curri
1163 3973 1286 4063 postia
1304 3973 1444 4063 passati
1467 3972 1563 4043 cb'cr'
1584 3974 1625 4065 su
1648 3962 1678 4044 sl
1702 3973 1891 4060 mimae,

724 4093 827 4187 idest,
840 4093 917 4188 jam
945 4091 1052 4165 multi
1076 4090 1161 4165 anui
1178 4088 1436 4185 preterierunt
1452 4095 1645 4184 postquam
1670 4087 1793 4164 anima
1811 4089 1891 4164 eius

722 4212 792 4286 tuit
817 4216 1004 4286 carcerata
1030 4211 1067 4284 iu
1092 4210 1160 4284 ista
1184 4209 1313 4306 glacie,
1338 4214 1376 4284 et
1404 4229 1539 4304 corpus
1564 4209 1691 4284 vivens
1720 4207 1890 4304 apparuit

723 4331 760 4404 iu
786 4330 935 4405 mundo.
949 4333 1062 4402 -Ιο,
1092 4328 1157 4404 llic
1188 4335 1297 4403 autor
1329 4327 1485 4403 ostendit
1516 4329 1675 4423 qualiter
1707 4329 1784 4424 ipse
1815 4348 1889 4402 uou

721 4457 866 4548 poterat
890 4449 1042 4525 credere
1067 4451 1162 4524 hauc
1187 4467 1267 4523 rem
1295 4447 1512 4542 mirabilem,
1533 4448 1615 4524 ideo
1634 4449 1736 4525 dicit:
1761 4451 1888 4522 dr'sr'rb

722 4572 784 4662 lui,
818 4569 953 4644 scilicet
985 4567 1168 4663 hiberico,
1206 4570 1241 4640 io
1278 4569 1384 4640 credo
1418 4570 1478 4641 clu
1508 4574 1544 4640 tu
1576 4571 1795 4662 m'inpcmri,
1828 4567 1891 4642 cdd

721 4695 867 4763 Brunca
892 4692 1025 4763 dorio
1049 4709 1121 4761 riori
1146 4680 1238 4760 morl
1261 4690 1483 4782 unquanchm
1508 4687 1608 4782 quod
1636 4689 1797 4764 declarat
1821 4710 1888 4786 per

783 4906 858 4970 (¹)1t.
875 4905 1006 4970 putabunt.
1105 4905 1133 4969 (“)
1149 4905 1180 4957 E.
1197 4918 1212 4956 e
1230 4910 1283 4966 tlt,
1300 4905 1411 4965 Livium,
1428 4905 1571 4966 Valerium,
1588 4913 1623 4958 ct.

782 4981 856 5047 (“)Β.
873 4997 888 5032 e
905 4987 960 5044 art,
976 4996 1053 5035 uuum
1069 4983 1178 5043 dictum,
1194 4981 1264 5046 quod
1280 4981 1424 5033 ridebatur.
1548 4982 1576 5046 (·)
1591 4983 1618 5034 S.
1634 4981 1747 5046 frigida.

783 5061 811 5124 (·)
827 5059 858 5111 B.
872 5060 981 5112 leucha
1106 5059 1133 5124 (¹)
1150 5059 1181 5110 B.
1197 5059 1297 5110 Brunca
1312 5059 1374 5111 iculi
1391 5061 1560 5112 homicldlum
1577 5061 1638 5123 talc,
1653 5061 1716 5124 qula
1731 5058 1869 5112 merbec
