4580 6844
774 969 913 1027 cunnus
936 970 1130 1027 tremus
1153 967 1282 1026 uenus.
1522 957 1591 1028 eet

418 1119 490 1196 cit:
517 1121 647 1212 eluite
664 1111 1176 1210 m'llnuscesscrpidptoin
1194 1108 1262 1206 rid,
1282 1113 1388 1209 quasi
1412 1113 1531 1191 dieat:
1557 1115 1595 1192 in

418 1240 489 1316 noc
514 1235 631 1334 magis
659 1235 768 1312 doleo
801 1241 838 1311 et
867 1236 1081 1331 compatior,
1108 1235 1194 1330 quia
1223 1235 1395 1331 pulcrum
1429 1241 1468 1311 et
1492 1235 1594 1332 pium

417 1357 564 1436 videtur
588 1356 711 1432 lacere
737 1355 933 1432 vindictam
958 1357 1006 1432 de
1029 1355 1242 1452 parentibus
1270 1355 1308 1430 in
1340 1356 1411 1432 isto
1442 1355 1594 1431 mundo.

416 1480 462 1554 nt
485 1477 545 1554 hic
570 1477 655 1554 volo
681 1483 718 1553 te
742 1483 884 1572 notare,
910 1476 1010 1572 quod
1034 1496 1122 1552 cum
1139 1473 1270 1551 ornnes
1292 1475 1459 1550 homiues
1472 1467 1509 1566 (¹)
1529 1494 1597 1550 na-

418 1595 763 1672 turaliterleudant
779 1596 826 1671 ed
843 1595 1054 1690 vindictam,
1071 1595 1252 1670 florentini
1271 1593 1434 1670 maxime
1456 1595 1503 1670 ad
1524 1595 1595 1670 hoc

417 1721 506 1792 sunt
516 1713 762 1791 ardentissimi
774 1721 813 1790 et
824 1713 971 1809 publice
988 1719 1026 1790 et
1041 1713 1229 1808 privatim3
1247 1713 1347 1807 quod
1364 1713 1459 1789 bene
1470 1719 1595 1790 osten-

419 1835 555 1910 derunt
584 1833 640 1906 his
672 1832 901 1928 temporibus
933 1832 1096 1908 ecclesie
1131 1851 1306 1926 romaum,
1331 1833 1392 1908 cui
1427 1833 1595 1908 iecerunt

421 1953 604 2030 rebellare
627 1971 802 2049 magnam
828 1957 972 2046 partem
995 1951 1222 2047 ltaliae,cum
1240 1971 1374 2049 magne
1391 1943 1428 2044 (¹)
1452 1951 1595 2028 desola-

421 2073 521 2152 lioue
536 2071 704 2148 omnium
721 2079 908 2148 terrarum
922 2079 960 2148 et
976 2071 1119 2152 excidio
1137 2072 1353 2147 multorum.
1368 2072 1471 2148 Unde
1483 2073 1595 2148 eredo

420 2193 520 2289 quod
544 2192 731 2288 signanter
755 2199 867 2268 autor
889 2192 1018 2270 iecerit
1041 2193 1100 2268 hic
1125 2192 1232 2268 utam
1258 2192 1443 2269 fictionem
1468 2193 1596 2290 singu·

420 2315 547 2392 lariter
571 2313 639 2388 isla
664 2312 711 2388 de
732 2333 856 2407 causa,
875 2313 913 2388 in
932 2333 1008 2408 qun
1027 2313 1194 2408 ostendit,
1212 2312 1322 2388 istum
1341 2315 1509 2410 spiritum
1530 2316 1597 2390 llo-

270 2463 275 2478 ·
420 2435 608 2512 rentiuum
633 2432 727 2510 adeo
752 2433 934 2530 indignari
958 2433 1006 2509 de
1030 2432 1187 2509 vindicta
1212 2455 1286 2510 nnn
1307 2435 1597 2533 montescot

419 2575 461 2634 se
486 2553 664 2630 assentire
677 2543 715 2645 (³)
741 2553 803 2628 illi.
829 2553 932 2628 Unde
952 2552 1077 2628 audivi
1100 2553 1256 2648 optimos
1277 2555 1490 2632 florentinos
1517 2577 1598 2633 rna·

421 2674 523 2750 sime
547 2673 763 2750 demeantes
788 2693 908 2770 genus
932 2673 1212 2748 florentinorum
1229 2663 1265 2766 (¹)
1293 2695 1316 2750 a
1345 2676 1458 2751 nimio
1483 2697 1597 2774 oppe-

420 2793 487 2870 litu
506 2793 693 2887 vindiclae3
711 2794 794 2870 ideo
811 2794 906 2870 bene
925 2801 1038 2869 autor
1054 2794 1254 2870 introducit
1261 2793 1451 2892 Virgilium
1472 2797 1594 2872 virum

420 2913 635 3009 sapientem,
672 2913 736 3008 qui
774 2912 959 2988 dissuadet
994 2913 1062 2988 sihi
1096 2917 1176 2990 hoo.
1211 2917 1305 2991 Nola
1338 2918 1448 2992 etiam
1483 2919 1595 3013 quod,

420 3033 504 3110 licet
527 3035 699 3130 pulcrum
724 3032 894 3108 videmur
927 3031 1050 3108 facere
1081 3033 1290 3128 vindictam,
1321 3040 1446 3110 tamen
1476 3037 1595 3112 multo

420 3153 585 3250 pulcrius
612 3159 667 3228 est
691 3152 899 3246 remittere3
922 3152 1097 3246 quoniam
1130 3152 1301 3248 pulcrum
1334 3173 1453 3250 genus
1478 3155 1596 3231 vindi-

421 3279 490 3348 ctae
515 3281 570 3350 est
594 3291 748 3367 parcere
773 3289 860 3348 cum
890 3271 1004 3367 possis
1030 3271 1163 3348 ulcisci.
1182 3273 1259 3348 lloc
1283 3281 1410 3349 autem
1428 3282 1484 3350 est
1507 3295 1596 3372 pro·

420 3391 544 3489 prium
556 3392 792 3487 magnanimi,
803 3392 902 3486 quod
914 3392 1009 3468 bene
1022 3393 1281 3490 magnanimus
1292 3395 1415 3470 Cesar
1427 3397 1594 3491 ostendit,

420 3513 596 3608 qui-raro
622 3511 680 3590 vel
705 3531 911 3606 numquam
938 3512 1022 3588 fecit
1047 3512 1244 3588 vindictam
1269 3513 1316 3591 de
1340 3513 1595 3612 offensoribus,

418 3635 495 3712 imo
520 3633 693 3710 omuibus
718 3634 921 3708 elementer
949 3634 1124 3730 pepercit,
1149 3635 1243 3710 sicut
1273 3643 1373 3731 patet
1404 3638 1501 3733 apud
1530 3637 1597 3713 Ju-

418 3756 509 3831 lium
534 3753 695 3846 Celsum,
713 3751 885 3846 Plinium,
903 3751 1119 3828 Suetonium
1145 3760 1184 3829 et
1208 3757 1355 3850 multos,
1373 3756 1421 3832 de
1440 3779 1517 3852 quo
1542 3758 1597 3833 di-

419 3882 526 3952 cetur
550 3875 657 3970 plene
681 3871 842 3948 Peredisi
868 3872 1028 3968 capitulo
1054 3875 1181 3949 Vlrllt
1210 3877 1394 3951 concludit
1424 3878 1596 3953 antonin

419 3997 490 4070 hac
507 3993 673 4087 materia,
690 3992 835 4068 diceus:
853 3986 925 4068 cosi
935 3997 1155 4087 partammo,
1171 3995 1219 4071 de
1238 3995 1333 4072 dicta
1351 3999 1518 4092 materia,
1538 4001 1597 4072 in·

418 4117 494 4208 tuo
518 4117 557 4188 al
579 4117 656 4188 loco
677 4116 809 4206 prinae,
831 4113 933 4208 idest,
952 4115 1134 4210 usquead
1151 4114 1369 4212 principium
1395 4119 1515 4213 pontis
1530 4118 1597 4194 de·

420 4235 517 4329 nimi,
543 4233 678 4310 scilicet
701 4233 750 4310 ad
779 4234 910 4330 ripam,
936 4255 1020 4329 quae
1049 4235 1174 4310 dividit
1206 4255 1342 4311 nonem
1374 4237 1536 4333 bulgiem
1571 4259 1595 4313 a

422 4356 577 4466 decima,
602 4357 675 4448 cde,
700 4355 804 4448 idest,
821 4355 885 4449 qui
902 4355 1005 4430 locus
1020 4355 1174 4452 primus,
1192 4359 1327 4428 mostra
1344 4358 1475 4430 fultra
1491 4359 1595 4449 valle,

421 4477 558 4554 scilicet
581 4475 763 4552 decimam
789 4481 828 4550 et
845 4474 1014 4550 ultimam
1034 4473 1209 4572 bulgiam,
1227 4478 1272 4549 dc
1287 4477 1322 4549 lu
1337 4479 1482 4568 scoplto,
1503 4475 1597 4552 idest

421 4597 580 4691 desuper
603 4601 739 4692 ponte3
769 4603 808 4670 et
831 4597 912 4670 vult
935 4595 1098 4672 breviter
1128 4596 1262 4690 dicere,
1293 4597 1392 4692 quod
1424 4597 1597 4674 emedio

421 4717 583 4792 eulmine
607 4715 694 4790 noui
719 4716 838 4810 pontis
864 4717 1012 4792 iverunt
1042 4716 1227 4811 loquendo
1256 4717 1366 4792 simul
1401 4739 1520 4812 usque
1549 4719 1595 4794 od

482 4947 509 5006 (¹)
524 4943 550 4997 S.
567 4946 686 4997 homiues
701 4947 734 4997 ad
749 4947 889 5000 vindictam
907 4948 959 4998 rint
974 4947 1102 5008 andernes,
1118 4947 1250 4999 florentini
1267 4947 1379 4998 maxime
1396 4949 1427 4998 ad
1444 4949 1495 5000 hoe
1510 4953 1578 5000 sunt.

482 5019 510 5084 (Ἴ
525 5021 551 5071 S.
567 5023 688 5072 maxima.
829 5021 856 5086 θ)
872 5023 903 5074 Β.
920 5024 1055 5074 annulare
1070 5024 1118 5075 llll.
1133 5024 1204 5074 Bene
1219 5023 1314 5073 audlrl.

482 5098 509 5162 ζ’)
526 5098 556 5150 Ε.
573 5098 773 5152 florentinorum
790 5101 876 5151 animo
891 5105 918 5152 el
934 5101 1059 5164 appetitu.
