4526 6836
740 962 787 1030 36
1130 971 1333 1029 cosmum
1357 973 1508 1028 munaus

737 1118 793 1192 sit
818 1118 872 1194 Ad
897 1117 1040 1193 literam
1067 1137 1170 1215 ergo,
1194 1117 1280 1193 dicit
1303 1123 1430 1194 autor:
1456 1121 1479 1190 t
1491 1139 1541 1192 uo
1563 1118 1603 1191 di
1630 1119 1744 1209 paulli,
1769 1116 1904 1196 scilicet

736 1239 972 1334 foraminum,
989 1242 1138 1332 rupp'io
1160 1260 1227 1332 per
1251 1260 1299 1312 oo
1324 1240 1384 1311 ebe
1408 1241 1441 1312 o'
1453 1258 1640 1329 composa
1656 1240 1792 1329 daubo,
1809 1238 1903 1312 sicut

736 1365 836 1451 patet
859 1379 904 1434 ex
930 1358 1042 1433 dictis.
1069 1358 1113 1432 Et
1143 1357 1241 1433 addit
1265 1363 1394 1432 autor:
1420 1379 1440 1431 a
1462 1364 1580 1451 pluto
1601 1360 1653 1450 fin
1676 1359 1786 1450 supet,
1812 1356 1903 1432 idest

737 1479 876 1576 signale
911 1485 949 1553 et
984 1477 1171 1571 indicium,
1202 1479 1347 1568 cb'opai
1379 1498 1483 1550 aomo
1514 1478 1655 1569 spanni,
1689 1475 1780 1550 idest
1804 1475 1902 1570 quod

737 1597 909 1672 certioret
933 1617 1062 1673 omnes
1087 1598 1165 1672 sine
1188 1596 1312 1690 aliqua
1337 1596 1560 1692 deceptione,
1587 1595 1685 1690 quod
1714 1595 1783 1672 iste
1815 1595 1904 1690 lapis

736 1716 874 1792 tractus
899 1715 966 1791 luit
990 1738 1012 1791 a
1037 1736 1099 1791 me
1123 1717 1220 1792 bono
1245 1716 1368 1792 animo
1394 1721 1432 1794 et
1455 1718 1610 1792 honesta
1628 1714 1675 1792 de
1694 1736 1817 1810 causa,
1835 1716 1905 1790 sci-

737 1838 821 1914 licet
845 1858 913 1932 pro
937 1837 1153 1913 liberatione
1178 1837 1304 1932 pueri,
1331 1837 1430 1932 quod
1450 1856 1517 1932 pro
1543 1842 1645 1911 tanto
1668 1835 1753 1910 dicit
1777 1855 1825 1910 ne
1849 1835 1906 1910 vi-

736 1958 888 2032 deretur
912 1957 1065 2032 violasse
1090 1977 1170 2032 rem
1196 1977 1339 2032 sacram
1365 1963 1403 2031 et
1432 1955 1483 2031 sic
1511 1955 1737 2032 commisisse
1764 1955 1905 2031 crimen

736 2076 924 2174 sacrilegii.
942 2076 986 2150 llt
998 2076 1057 2150 hic
1068 2081 1154 2150 nota
1171 2075 1270 2171 quod
1287 2075 1512 2171 comparatio
1529 2080 1584 2150 est
1600 2075 1747 2171 propria
1764 2075 1905 2150 ratione

736 2199 805 2272 loci
822 2204 859 2272 et
875 2196 999 2272 locati:
1027 2197 1167 2272 ratione
1184 2191 1264 2291 loci,
1282 2196 1370 2290 quia
1387 2195 1424 2271 in
1442 2195 1510 2270 ista
1527 2195 1679 2270 ecclesia
1695 2194 1898 2290 baptismali

735 2325 821 2392 sunt
847 2316 1027 2392 foramina
1058 2336 1269 2392 marmorea
1297 2315 1426 2390 similia
1443 2308 1479 2407 (¹)
1513 2315 1581 2390 illis
1613 2336 1698 2410 quae
1732 2321 1838 2390 orant
1867 2314 1904 2388 in

736 2443 841 2534 petra
865 2438 959 2511 dura
985 2436 1093 2510 livida
1117 2436 1319 2532 perforata:
1345 2435 1487 2510 ratione
1503 2435 1622 2529 locati,
1643 2435 1731 2529 quia
1755 2435 1850 2512 sicut
1866 2434 1903 2509 in

607 2594 615 2604 -
734 2557 836 2634 dictis
861 2556 1106 2633 foraminibus
1117 2562 1213 2631 stant
1228 2555 1435 2631 sacerdotes
1453 2555 1699 2631 ministrantes
1715 2576 1831 2650 sacra,
1851 2556 1902 2630 ita

734 2677 773 2750 in
797 2675 872 2750 istis
896 2681 993 2752 stant
1017 2675 1234 2770 sacerdotes,
1251 2674 1317 2769 qui
1338 2674 1582 2750 ministrantes
1602 2695 1707 2750 sacra
1728 2674 1902 2750 vendide-

735 2802 823 2870 runt
846 2815 902 2870 ea.
929 2795 1160 2891 Comparatio
1186 2803 1242 2872 est
1264 2794 1420 2891 diversa,
1445 2795 1532 2890 quia
1563 2794 1613 2869 illi
1642 2795 1786 2869 stabant
1814 2816 1900 2871 cunr

734 2915 886 3012 pedibus
909 2915 948 2990 in
971 2916 1221 3010 foraminibus,
1246 2914 1303 2989 isti
1328 2935 1419 2990 vero
1435 2917 1522 2990 cum
1539 2913 1727 3009 capitibus.
1741 2921 1901 2991 -luor

734 3039 778 3110 dc
802 3039 839 3108 lo
862 3037 978 3109 bocco.
996 3035 1061 3110 llic
1086 3041 1196 3111 autor
1212 3034 1382 3110 describit
1398 3033 1549 3110 modum
1568 3033 1795 3130 plantationis
1812 3035 1900 3110 isto-

735 3176 819 3229 rum
836 3155 1081 3249 sacerdotum,
1099 3155 1240 3236 dicens:
1259 3157 1285 3226 o·
1299 3156 1407 3246 piedi,
1431 3175 1451 3227 e
1475 3157 1519 3228 dc
1542 3158 1573 3228 le
1597 3155 1721 3245 pambo
1735 3158 1845 3248 influo
1862 3160 1901 3231 ol

733 3295 873 3366 prosse,
889 3275 981 3350 idest
996 3295 1082 3370 pars
1098 3274 1265 3349 crurium
1283 3293 1403 3368 usque
1419 3273 1466 3348 ad
1482 3274 1645 3369 pulpam,
1659 3277 1901 3368 separabare,

732 3394 825 3469 idest
848 3395 1089 3489 superstabat,
1104 3398 1190 3488 soor
1206 3397 1249 3468 de
1265 3396 1303 3466 lc
1319 3395 1425 3468 docco
1442 3415 1467 3466 a
1490 3397 1665 3485 mmmm,
1683 3395 1775 3471 idest
1795 3401 1900 3470 extra

732 3513 913 3589 orificium
938 3513 1033 3587 illius
1057 3512 1246 3588 foraminis
1275 3533 1386 3608 supra
1416 3519 1567 3608 terram,
1596 3536 1615 3587 e
1643 3517 1785 3608 toloo,
1811 3515 1903 3592 idest

732 3641 852 3709 totum
878 3633 1079 3727 residuum,
1096 3641 1197 3708 stood
1221 3635 1359 3726 daubo,
1376 3633 1510 3710 scilicet
1534 3634 1785 3710 abscondimm
1805 3635 1901 3709 intra

732 3756 889 3848 foveam,
909 3774 929 3827 e
952 3757 983 3827 lc
1005 3757 1127 3847 picoto
1154 3754 1326 3826 monuwa
1355 3775 1467 3829 acuo
1495 3776 1612 3828 occese
1640 3777 1665 3828 a
1694 3757 1780 3847 told,
1808 3756 1902 3830 idest

731 3873 902 3948 omnibus
931 3873 1136 3948 simoniacis
1161 3872 1210 3948 ita
1236 3873 1414 3968 plantatis,
1432 3870 1563 3967 perclld
1593 3877 1625 3949 le
1655 3877 1783 3966 pom,
1809 3875 1900 3950 idest

727 3994 924 4088 J‘uncturae,
940 3996 1146 4086 paeduceo
1170 3985 1200 4066 si
1221 3998 1328 4089 sorte,
1348 3993 1440 4068 idest
1461 3994 1511 4069 ita
1532 3993 1824 4091 exagitabantur,
1841 3997 1901 4068 obe

731 4117 861 4188 ocrim
884 4122 1046 4208 spezm
1069 4117 1204 4206 ritorto,
1230 4113 1322 4188 idest
1348 4119 1498 4207 torques
1523 4113 1600 4188 sive
1623 4113 1747 4188 rinoos
1771 4119 1897 4208 tortos,

732 4234 864 4329 quibus
893 4235 1054 4332 ligantur
1082 4254 1216 4309 currus
1242 4233 1438 4330 lignorum,
1464 4255 1483 4307 c
1514 4234 1677 4326 ecumbe,
1704 4255 1788 4329 quae
1813 4241 1900 4309 sunt

732 4353 900 4448 quaedam
938 4354 1059 4429 cordae
1091 4353 1195 4428 mctoe
1227 4373 1274 4428 er
1304 4353 1416 4428 vinds
1431 4344 1468 4447 (¹)
1500 4359 1538 4430 et
1567 4353 1716 4449 tricatae,
1742 4375 1790 4430 ex
1815 4355 1900 4449 qui-

730 4475 801 4548 bus
817 4474 978 4569 ligantur
994 4472 1100 4549 hallae
1117 4471 1316 4548 curamiuis
1334 4472 1370 4545 in
1388 4473 1573 4549 Barbaria.
1592 4474 1783 4550 Ducebant
1799 4475 1896 4550 euim

613 4635 616 4642 ι
730 4594 917 4670 simoniaci
942 4594 992 4670 ita
1017 4615 1127 4670 crura
1156 4595 1306 4690 propter
1334 4592 1506 4669 ardorem
1520 4595 1781 4691 tlammarum,
1805 4595 1899 4670 sicut

730 4716 879 4793 violenti
903 4735 1013 4812 supra
1038 4714 1221 4790 ducebant
1244 4714 1394 4790 brachia
1419 4721 1545 4790 contra
1572 4715 1739 4790 flammas
1764 4716 1900 4791 arden-

730 4843 796 4912 tes.
822 4837 866 4910 Et
889 4835 1045 4931 explicat
1068 4854 1221 4908 cursum
1246 4834 1393 4908 illarum
1419 4833 1655 4911 flammarum
1684 4857 1750 4932 per
1781 4857 1896 4911 unam

791 5077 1021 5141 rismum.
1381 5077 1556 5168 crs-uno
