4606 6840
762 941 902 1000 CANTUS
926 942 1118 998 VlGESfflUS
1142 941 1324 998 sentinus.
1547 931 1619 998 299

449 1089 523 1160 lto.
549 1085 615 1162 ilie
638 1092 749 1161 autor
772 1085 943 1162 describit
967 1086 1124 1162 lormam
1150 1085 1331 1160 sermonis
1355 1084 1450 1160 itlius
1472 1085 1620 1182 spiritns

444 1205 522 1302 jam
549 1206 746 1302 praeparati
770 1205 817 1280 ad
841 1204 1081 1301 loquendum,
1098 1205 1240 1281 dicens:
1266 1225 1327 1278 mo
1350 1207 1503 1279 ndromo
1529 1208 1619 1297 dire,

443 1329 568 1420 peroio
598 1327 764 1400 eb'edber
794 1329 884 1400 dotto
916 1328 974 1399 tor
1009 1327 1165 1418 adogoto,
1197 1324 1298 1418 idest,
1330 1331 1524 1421 postquam
1559 1325 1619 1399 illa

447 1447 561 1524 verbo
586 1453 764 1543 oeperunt
789 1446 860 1521 iter
888 1443 1032 1522 rectum
1052 1438 1104 1540 (⁴),
1127 1467 1169 1520 so
1187 1467 1256 1539 per
1280 1449 1318 1520 to
1335 1445 1620 1539 partlmscilieet,

448 1567 607 1642 llammae
633 1567 728 1641 illius
751 1571 885 1660 acutae,
908 1567 1056 1640 dandoti
1078 1566 1159 1659 qrret
1177 1567 1320 1657 garizzo,
1347 1563 1448 1659 idest,
1474 1573 1618 1644 metum

450 1685 627 1780 retorem,
652 1687 712 1759 cle
736 1687 774 1758 to
790 1686 910 1776 Κηρυα
925 1705 1015 1760 ovea
1031 1687 1115 1758 dato
1128 1686 1167 1757 in
1179 1685 1235 1758 tor
1248 1687 1457 1778 passaggio,
1470 1684 1572 1778 idest,
1583 1685 1620 1758 in

450 1805 604 1880 transitu
629 1805 793 1901 ipsorum
819 1803 1040 1897 verborum3
1067 1803 1165 1878 unde
1188 1803 1340 1879 adverte
1364 1803 1463 1898 qnod
1488 1823 1622 1878 secun·

449 1925 539 2000 dum
557 1929 701 1998 motum
718 1923 855 2020 linguae
870 1921 1054 1998 interioris
1074 1923 1293 1998 movebatur
1310 1929 1445 2018 puncta
1462 1923 1621 1998 damma

450 2043 653 2138 exterioris,
680 2043 729 2118 ita
754 2042 854 2137 quod
874 2048 997 2116 motus
1013 2041 1173 2116 tiammae
1192 2041 1399 2137 apparentis
1415 2040 1623 2136 proportio·

451 2163 618 2240 nabiliter
649 2162 950 2238 conformabatur
983 2160 1101 2236 motui
1126 2160 1262 2257 linguae
1286 2160 1441 2235 latentis,
1467 2161 1513 2235 Et
1536 2179 1624 2236 ecoe

451 2283 609 2358 lormam
626 2282 812 2377 orationis,
827 2281 912 2376 quia
926 2301 1051 2356 comes
1068 2280 1269 2375 alloquitur
1286 2280 1491 2378 Virgilium,
1510 2301 1623 2376 quem

450 2403 644 2480 audiverat
674 2401 785 2476 modo
810 2402 1038 2495 loquentem,
1063 2399 1210 2475 dicens:
1241 2404 1271 2474 0
1296 2407 1345 2492 tn,
1370 2401 1515 2496 scilieet,
1540 2401 1624 2475 Vir-

450 2523 524 2620 gili,
550 2525 649 2596 ami
672 2525 708 2595 io
732 2523 859 2596 drr'zzo
884 2523 920 2594 ta
947 2541 1041 2612 voce,
1064 2519 1166 2615 idest,
1184 2541 1407 2616 sermonem,
1424 2543 1443 2594 e
1461 2524 1522 2595 obe
1531 2542 1625 2614 par-

450 2643 522 2716 taoi
538 2661 595 2714 mo
612 2641 811 2731 bmbordo,
832 2639 977 2734 scilicet,
995 2659 1084 2714 eum
1104 2640 1235 2735 Ulyxe,
1253 2642 1420 2714 dicendo:
1440 2640 1490 2714 illi
1506 2639 1624 2736 Ulyxi‚

450 2760 598 2856 quando
622 2759 812 2835 lieentiasti
836 2779 937 2855 enm,
962 2763 1035 2834 isra
1060 2767 1116 2834 ten
1141 2781 1200 2853 va,
1225 2759 1329 2854 idest,
1347 2760 1459 2835 modo
1481 2759 1625 2854 recede,

446 2877 509 2976 piri
532 2901 605 2954 noo
630 2882 809 2972 todtzzo,
835 2879 937 2973 idest,
963 2880 1121 2976 amplius
1146 2900 1220 2954 non
1245 2880 1364 2956 allicio
1385 2887 1422 2956 te
1441 2881 1499 2955 vel
1516 2878 1625 2954 incito

450 3000 498 3076 ad
523 2999 741 3094 dioendnm3
767 2999 867 3094 qnod
892 3017 967 3074 non
991 3004 1047 3074 est
1071 2998 1171 3073 aliud
1196 2998 1320 3074 dicere
1346 2998 1425 3094 nisi,
1451 3018 1475 3073 o
1500 2993 1626 3094 virgili

453 3127 665 3214 mantuane,
698 3120 748 3194 ita
772 3119 872 3214 quod
901 3138 969 3215 per
999 3117 1134 3193 idioma
1159 3118 1222 3194 dat
1249 3118 1398 3217 intelligi
1426 3119 1627 3213 bominem,

452 3241 594 3316 sicula
618 3239 725 3314 simili
750 3239 781 3313 si
805 3239 966 3314 dicerem
992 3237 1057 3312 uni
1082 3238 1312 3315 bononiensi:
1339 3259 1363 3314 o
1392 3247 1433 3314 tn
1459 3239 1522 3334 qui
1539 3239 1627 3314 diois

452 3363 545 3454 ripn,
578 3359 707 3433 darem
738 3357 888 3454 intelligi
919 3377 986 3454 per
1022 3357 1178 3454 vulgare
1218 3357 1404 3434 bominem
1442 3378 1524 3436 esse
1559 3358 1628 3434 bo-

454 3478 680 3573 noniensem,
717 3486 755 3553 et
794 3477 847 3552 sio
884 3477 993 3554 tacite
1034 3482 1154 3573 captet
1190 3477 1484 3554 benevolentiam
1522 3479 1627 3574 qnasi

452 3597 598 3674 dicens:
625 3617 649 3672 o
673 3596 811 3694 virgili,
841 3596 961 3694 gloria
984 3596 1264 3672 lombardomm
1290 3603 1328 3672 et
1353 3597 1452 3674 latini
1478 3598 1627 3695 eloquii,

453 3736 527 3791 non
552 3715 758 3814 dedigneris
782 3716 884 3811 loqui
901 3736 987 3792 oum
1009 3736 1085 3790 nno
1110 3716 1236 3811 latino,
1264 3737 1312 3792 ex
1332 3738 1408 3812 quo
1424 3718 1512 3796 satis
1526 3719 1628 3796 vide-

453 3836 503 3911 ris
527 3836 671 3911 locutus
696 3856 783 3911 cnm
809 3857 885 3911 uno
910 3856 1043 3934 graeco.
1071 3837 1116 3910 Et
1131 3827 1168 3930 (¹)
1195 3836 1334 3912 iterum
1360 3839 1556 3914 exordium
1573 3838 1629 3915 la·

454 3955 514 4051 cit,
546 3955 691 4032 dicens:
725 3971 806 4028 neo
834 3959 859 4029 t'
870 3958 1028 4030 irroresoo
1063 3958 1203 4028 rotare
1238 3977 1263 4030 a
1294 3961 1428 4050 partor
1456 3979 1565 4050 oaeoo,
1591 3965 1628 4034 et

455 4073 540 4150 dicit
554 4097 563 4146 :
579 4076 746 4168 perodio
769 4076 826 4148 sia
848 4076 969 4165 giunta
994 4075 1161 4166 alquanto
1186 4074 1302 4147 tardo.
1328 4075 1405 4150 Hoc
1428 4084 1548 4171 poteo
1572 4077 1629 4150 in·

456 4191 569 4290 telligi
593 4192 802 4288 simpliciter
827 4192 926 4288 quod
951 4192 1027 4288 ipse
1053 4211 1127 4266 non
1151 4191 1310 4268 venisset
1330 4194 1453 4268 statim
1470 4202 1551 4291 post
1568 4216 1630 4272 re-

456 4333 603 4390 cessum
627 4313 764 4409 Ulyxis,
784 4313 848 4390 sed
872 4311 1142 4408 aliquantulum
1168 4310 1361 4388 tardasset.
1379 4312 1502 4388 Potest
1518 4314 1628 4390 etiam

457 4434 607 4531 intelligi
632 4433 818 4527 subtilium
843 4432 954 4509 eredo
980 4431 1078 4509 enim
1103 4431 1198 4508 torte
1223 4431 1323 4526 quod
1339 4423 1377 4526 (³)
1403 4453 1528 4509 comes
1544 4433 1632 4511 velit

457 4554 580 4632 dicere
592 4561 716 4630 caute:
732 4551 901 4648 quamvis
913 4571 988 4628 non
1000 4551 1189 4627 doruerim
1203 4539 1240 4645 (⁸)
1258 4551 1320 4626 illo
1345 4560 1512 4650 tempore
1527 4552 1634 4648 lelioi,

459 4693 533 4766 qno
558 4681 600 4747 tu
625 4673 808 4770 Virgilius,
826 4679 864 4750 et
882 4672 942 4748 alii
967 4672 1092 4769 magni
1111 4678 1230 4768 poete
1256 4671 1319 4767 qui
1342 4673 1524 4752 dederunt
1547 4695 1633 4771 per-

520 4957 548 5020 t'l
563 4957 595 5009 li.
611 4965 723 5010 unum.
1097 4960 1125 5022 (ἢ
1141 4961 1172 5010 lt.
1188 4959 1223 5010 Et
1237 4960 1344 5011 interim
1360 4959 1497 5012 exordium
1513 4958 1584 5012 lectt.

519 5031 952 5102 l‘ltloeunodbteeomer.
1098 5035 1289 5100 clbtnertm.
