4534 6842
699 975 769 1042 172
1093 986 1297 1044 eousnruu
1321 987 1472 1042 mrnmn

695 1132 879 1227 plumbea,
905 1139 942 1207 et
967 1131 1025 1208 nia
1053 1138 1134 1208 erat
1157 1140 1271 1228 arcta,
1297 1132 1399 1226 idest,
1425 1131 1498 1206 vita
1531 1138 1568 1208 et
1599 1134 1730 1229 regula
1762 1141 1866 1210 arcta

694 1273 807 1346 quam
832 1252 1061 1327 dissimulant
1076 1247 1113 1344 (¹)
1139 1273 1285 1348 semper
1317 1253 1425 1328 terre.
1456 1254 1528 1328 Per
1559 1253 1629 1326 hoc
1662 1259 1773 1330 autor
1805 1254 1868 1330 dat

695 1372 842 1470 intelligi
867 1380 992 1448 actum
1017 1374 1231 1469 hypocritae,
1256 1373 1320 1467 qui
1345 1372 1471 1448 videns
1488 1393 1510 1447 a
1528 1393 1616 1447 casu
1634 1373 1757 1447 virum
1776 1395 1868 1469 pro-

694 1494 784 1568 bum
820 1493 975 1569 transire
1005 1513 1071 1589 per
1104 1493 1201 1568 viam
1235 1494 1294 1570 cui
1328 1494 1436 1570 vellet
1466 1494 1622 1569 libenter
1652 1495 1764 1589 loqui,
1793 1515 1866 1570 non

694 1616 805 1692 audet
830 1615 1001 1690 iestinme
1026 1635 1195 1711 gressum
1221 1635 1335 1710 cappa
1361 1614 1591 1711 impediente,
1618 1616 1704 1710 quia
1730 1615 1867 1692 scilicet

694 1736 801 1810 nimis
827 1736 930 1810 timet
955 1755 1028 1809 non
1053 1735 1168 1810 videri
1194 1735 1229 1809 in
1255 1735 1356 1809 omni
1389 1756 1458 1810 suo
1488 1742 1575 1811 actu
1607 1741 1705 1810 totus
1738 1735 1867 1811 mode-

693 1863 781 1932 stus.
808 1857 851 1930 Et
876 1855 1030 1930 ostendit
1056 1855 1244 1949 quomodo
1270 1855 1327 1930 isti
1351 1855 1426 1930 duo
1452 1876 1492 1931 se
1516 1856 1713 1931 habuerint
1745 1856 1866 1952 primo

694 1997 783 2073 erga
808 1996 909 2069 eum,
936 1975 1098 2050 secundo
1123 1975 1217 2049 inter
1242 1995 1284 2050 se
1308 1995 1393 2049 cum
1419 1973 1597 2070 attigisset
1625 1995 1689 2052 eos
1717 1974 1865 2064 dicens:

694 2104 730 2173 et
762 2097 810 2172 illi
845 2095 1054 2193 hypocrite,
1080 2098 1129 2169 mi
1157 2098 1354 2169 mainardo
1388 2099 1485 2169 assai
1508 2115 1574 2168 con
1607 2099 1725 2169 orotio
1757 2097 1864 2186 deco,

694 2218 795 2312 idest,
834 2216 995 2310 obliquo,
1027 2215 1114 2310 quia
1148 2215 1283 2290 scilicet
1317 2222 1559 2311 respexerunt
1592 2235 1680 2292 eum
1715 2216 1865 2310 oblique

694 2359 778 2414 curn
805 2335 1046 2412 admiratione
1072 2335 1158 2429 quia
1183 2342 1263 2410 erat
1281 2335 1386 2410 vivus
1403 2342 1442 2410 et
1456 2336 1535 2410 sine
1551 2355 1678 2431 cappa,
1695 2337 1743 2411 ita
1762 2336 1863 2431 quod

694 2479 768 2532 non
793 2463 1035 2532 removerunt
1058 2456 1276 2551 cappucium
1294 2457 1341 2531 ab
1359 2457 1473 2532 oculis
1491 2476 1634 2550 eorum,
1660 2467 1698 2533 et
1723 2457 1780 2531 hic
1805 2463 1861 2532 est

694 2583 799 2652 actus
824 2576 1032 2673 hypocrite,
1057 2597 1166 2649 senza
1188 2579 1253 2669 sar
1274 2580 1419 2668 parolq
1436 2582 1474 2652 et
1495 2577 1552 2652 bic
1575 2585 1631 2653 est
1647 2597 1728 2652 mos
1746 2580 1865 2675 hypo-

695 2697 873 2772 critarum
899 2697 999 2792 loqui
1024 2687 1178 2789 tardet)
1206 2697 1299 2772 sicut
1324 2697 1496 2773 incedunt
1513 2697 1628 2792 tarde,
1646 2701 1788 2788 quando
1802 2701 1864 2791 sor
1950 2727 1952 2732 ·

693 2821 815 2911 mund,
847 2817 984 2894 scilicet
1015 2817 1061 2892 ad
1093 2818 1216 2894 locum
1249 2817 1312 2892 uhi
1343 2837 1493 2892 eramus
1523 2823 1756 2913 expectantes
1788 2839 1865 2913 eos,

694 2939 779 3034 quia
815 2958 888 3012 non
920 2938 1075 3014 lecimus
1112 2937 1165 3012 eis
1198 2944 1340 3012 tantum
1374 2939 1566 3032 honorem,
1591 2939 1690 3033 quod
1724 2939 1865 3014 iremus

693 3058 839 3136 ohram
864 3058 1019 3134 dominis
1045 3059 1218 3132 iratribus
1245 3057 1466 3152 reverendis,
1491 3058 1661 3152 quamvis
1684 3058 1864 3134 haherent

693 3201 825 3277 cappas
849 3200 983 3256 aureas
1008 3180 1057 3255 ita
1082 3181 1300 3273 relucentes,
1318 3183 1381 3272 poi
1402 3200 1441 3252 rc
1465 3183 1603 3254 volsere
1622 3181 1659 3252 in
1680 3201 1730 3270 re,
1749 3179 1863 3275 respi-

693 3303 830 3378 cientes
854 3323 895 3377 se
921 3311 1032 3394 recte,
1057 3323 1077 3376 e
1100 3304 1223 3376 dicem
1237 3323 1328 3394 roco,
1345 3300 1482 3376 scilicet
1500 3321 1598 3375 unus
1617 3301 1735 3394 alteri,
1752 3303 1863 3374 rostari

687 3444 761 3516 par
786 3425 864 3496 otoo
889 3444 914 3496 a
938 3423 961 3496 l’
974 3429 1046 3496 atto
1070 3424 1113 3495 de
1137 3424 1180 3511 ln,
1198 3425 1295 3513 yolo,
1314 3421 1416 3516 idest,
1433 3421 1479 3496 ad
1496 3426 1621 3496 actum
1646 3421 1862 3516 respirandi,

692 3549 729 3618 et
745 3541 916 3636 loquendi
942 3542 978 3617 in
1004 3547 1174 3638 gutture3
1193 3548 1231 3616 et
1246 3541 1442 3638 allegorice
1458 3543 1544 3635 quia
1562 3549 1672 3618 autor
1689 3562 1763 3616 non
1780 3550 1862 3618 erat

693 3669 863 3738 mortuus
886 3661 925 3736 in
950 3662 1018 3738 hio
1035 3661 1134 3754 vitio,
1158 3679 1226 3736 nec
1250 3661 1471 3755 loquebatur
1495 3662 1541 3737 ad
1567 3661 1717 3736 modum
1745 3664 1864 3759 hypo-

692 3785 804 3879 crite,
830 3784 905 3860 imo
929 3783 1116 3876 audacter,
1135 3783 1185 3856 ita
1202 3781 1300 3877 quod
1321 3803 1417 3877 saepe
1434 3783 1470 3857 io
1488 3783 1560 3858 vita
1579 3783 1646 3856 luit
1670 3789 1863 3878 reputatus

693 3906 800 3981 nimis
826 3903 973 4002 rigidus,
991 3910 1029 3980 et
1048 3905 1118 3979 hoc
1142 3909 1269 3998 aperte
1288 3903 1444 3978 ostendit
1463 3903 1630 4000 inopere
1650 3904 1730 3998 iste,
1751 3910 1789 3979 et
1805 3903 1863 3978 di·

693 4027 763 4102 cit:
784 4048 804 4101 e
823 4047 890 4130 per
915 4028 1000 4118 qnul
1016 4027 1203 4118 privttepio
1224 4045 1342 4097 aaaron
1358 4027 1507 4118 scopere
1521 4027 1564 4098 de
1581 4028 1618 4099 la
1634 4027 1863 4117 qraocrtolc,

692 4148 794 4242 idest,
812 4152 913 4222 veste
928 4146 1114 4241 plumbea,
1140 4147 1295 4219 aaron
1313 4149 1442 4220 morti?
1462 4145 1566 4240 quasi
1586 4145 1701 4221 dicat:
1719 4166 1767 4220 er
1785 4167 1860 4241 qua

692 4268 810 4365 gratia
834 4267 978 4362 speciali
1004 4272 1187 4342 venerunt
1212 4265 1268 4338 isti
1286 4265 1332 4339 ad
1353 4265 1546 4361 collegium
1574 4265 1862 4362 hypocritarum,

693 4396 730 4462 et
746 4392 842 4463 stant
859 4388 954 4461 inter
970 4406 1037 4460 nos
1055 4386 1134 4460 sine
1150 4404 1263 4480 cappa
1282 4391 1318 4460 et
1335 4389 1526 4480 poenai-
1538 4387 1613 4460 Pei.
1632 4387 1737 4460 Nunc
1753 4391 1863 4459 autor

694 4507 793 4603 ponit
818 4505 1020 4582 orationem
1048 4503 1323 4601 hypocritarum
1353 4504 1399 4579 ad
1425 4524 1508 4600 e0s3
1536 4505 1633 4581 uode
1665 4505 1774 4583 dicit:
1799 4509 1862 4598 poi

691 4629 864 4718 decom,
889 4648 986 4701 unus
1010 4625 1120 4720 coepit
1146 4624 1246 4719 loqui
1280 4645 1348 4720 pro
1383 4645 1423 4700 se
1455 4631 1492 4700 et
1521 4647 1588 4721 pro
1613 4625 1724 4722 socio,
1750 4633 1788 4702 et
1819 4635 1862 4702 ut

691 4751 923 4822 commoveat
947 4745 1100 4820 Dantem
1132 4745 1179 4821 ad
1214 4744 1439 4840 loquendum
1474 4743 1560 4821 dicit
1590 4754 1699 4823 caute
1731 4747 1861 4822 vitium

690 4888 813 4962 suum,
840 4866 943 4960 quasi
970 4867 1095 4942 volens
1120 4865 1262 4942 dicere:
1289 4873 1329 4939 tu
1357 4887 1430 4940 non
1462 4865 1595 4942 rideris
1626 4867 1714 4942 mihi
1745 4869 1861 4964 hypo-

752 5131 781 5195 (⁸)
795 5129 821 5182 8.
838 5130 1037 5184 dissimulabunt.
1408 5129 1437 5194 (¹)
1454 5135 1508 5192 lle.
1526 5131 1635 5198 turgide.
