4550 6844
704 949 775 1016 420
1095 959 1299 1019 comunt
1324 964 1480 1018 meunt

703 1109 950 1186 intolerandas
973 1111 1183 1204 lluctuaret,
1202 1111 1305 1187 venit
1330 1110 1397 1185 sibi
1417 1109 1455 1184 in
1476 1115 1639 1184 mentem
1657 1107 1752 1184 liius
1768 1108 1878 1205 Poly·

703 1230 830 1326 dorus,
847 1251 959 1326 quem
985 1231 1156 1306 Priamus
1174 1232 1325 1306 miserat
1342 1231 1389 1306 ad
1406 1230 1722 1328 Polymnestorem
1748 1249 1877 1326 regem

703 1351 867 1425 Thraciae
891 1371 1073 1448 generum
1099 1372 1211 1425 suum
1237 1371 1324 1426 cum
1349 1349 1502 1426 cumulo
1526 1349 1610 1425 auri
1628 1350 1675 1425 ad
1693 1355 1878 1425 sustenta-

703 1470 840 1546 tionem
865 1470 923 1545 sui
939 1463 976 1564 (¹)
1003 1477 1041 1548 et
1065 1493 1220 1547 suorum
1246 1471 1284 1546 in
1310 1471 1423 1548 rebus
1439 1471 1600 1566 efflictim
1618 1470 1682 1546 ivit
1702 1468 1815 1568 igitur
1839 1469 1877 1543 in

702 1591 894 1666 Thraciam
920 1591 966 1666 ad
992 1591 1112 1687 ipsum
1138 1591 1343 1686 visendum,
1365 1609 1477 1686 quem
1495 1591 1615 1665 solum
1642 1589 1769 1666 vivere
1793 1608 1878 1684 spe-

703 1711 823 1805 rabat3
850 1717 888 1785 et
913 1709 1017 1786 illum
1044 1711 1181 1807 reperit
1196 1733 1219 1786 a
1235 1713 1526 1808 Polymnestore,
1545 1709 1755 1806 impellente
1771 1707 1877 1805 cupi·

702 1828 814 1905 ditate
838 1829 1013 1925 avaritie,
1041 1829 1151 1906 luisse
1175 1837 1379 1907 mactatum
1405 1837 1443 1906 et
1473 1831 1660 1926 sepultum
1694 1829 1732 1902 iu
1760 1847 1876 1904 arena

702 1950 738 2024 in
755 1949 862 2025 litere
889 1951 1010 2026 maris.
1031 1950 1113 2040 Quo
1137 1951 1265 2026 dolore
1288 1951 1420 2026 ultimo
1437 1950 1622 2044 saviente,
1641 1967 1818 2024 munerea
1836 1947 1874 2022 in

701 2069 841 2145 rabiem
867 2090 974 2146 more
997 2072 1097 2148 cauis
1122 2070 1298 2166 latrantis,
1323 2070 1532 2146 discurrens
1562 2089 1628 2164 per
1656 2087 1806 2164 mmpos
1836 2067 1872 2140 in

700 2188 827 2264 lurore
857 2198 1075 2287 consumpta
1108 2197 1173 2267 est.
1208 2189 1329 2286 Aliqui
1361 2196 1485 2265 tamen
1516 2189 1741 2286 scripserunt
1774 2188 1873 2282 quud

700 2312 850 2388 Hecuba
876 2312 943 2386 luit
968 2312 1078 2389 ducta
1105 2313 1142 2387 in
1168 2313 1383 2388 servitutem
1409 2334 1432 2388 a
1456 2311 1586 2408 graecis
1611 2331 1698 2386 cum
1720 2309 1873 2385 Cassan·

700 2432 779 2528 dra,
804 2432 1036 2508 Andromaea
1061 2442 1100 2509 ct
1123 2433 1213 2528 aliis,
1240 2432 1336 2508 inter
1361 2453 1454 2526 quas
1480 2432 1606 2506 insana
1621 2422 1659 2525 (¹)
1676 2428 1790 2504 linivit
1814 2447 1873 2504 se·

702 2557 888 2628 nectutem
914 2573 1019 2628 suam
1046 2553 1179 2628 lessam
1201 2551 1303 2627 omui
1318 2571 1456 2648 genere
1472 2549 1747 2626 adversitatum.
1768 2549 1873 2624 Nunc

699 2671 747 2747 ad
768 2671 932 2747 literam:
949 2671 1036 2746 dicit
1052 2678 1162 2747 autor
1187 2678 1341 2768 tangens
1363 2671 1527 2746 furorem
1550 2669 1714 2745 lemine:
1732 2669 1873 2744 Hecuba

700 2795 815 2883 notu,
840 2791 928 2886 quia
954 2791 1043 2868 vidit
1068 2797 1122 2867 tot
1146 2791 1273 2886 tristia,
1299 2802 1337 2869 et
1358 2791 1521 2866 maxime
1546 2791 1675 2866 lunera
1704 2809 1873 2882 suorum,

699 2913 842 3002 moon,
868 2911 959 2986 idest
982 2910 1209 3006 miserabilis,
1239 2917 1277 2986 et
1307 2909 1555 2986 misericordia
1579 2909 1699 3006 digna,
1720 2912 1871 3001 capnon,

699 3032 787 3126 quia
803 3037 909 3128 capta
927 3031 1026 3108 venit
1046 3053 1114 3128 per
1134 3039 1272 3108 sortem
1291 3031 1414 3130 Ulyxis
1431 3030 1468 3104 in
1486 3028 1713 3124 servitutem,
1729 3034 1872 3124 soracu-

698 3158 798 3244 nntn,
824 3151 925 3246 idest,
952 3152 1047 3228 lacta
1071 3153 1199 3228 insana
1224 3159 1261 3228 et
1286 3151 1423 3228 furiosa
1448 3171 1494 3226 ex
1521 3151 1624 3227 rabie
1647 3149 1871 3247 desperatio·

698 3272 765 3366 nis,
790 3262 884 3346 Inoo
910 3265 941 3345 si
965 3292 1061 3346 corre
1088 3285 1186 3347 curin
1207 3272 1279 3347 Per
1297 3273 1368 3346 hoc
1386 3277 1497 3346 autor
1524 3269 1637 3367 tangit
1656 3269 1870 3367 allegoriam

697 3390 843 3486 fabule,
869 3389 955 3486 quia
981 3410 1054 3465 non
1080 3398 1136 3466 est
1159 3391 1255 3467 lacta
1286 3411 1374 3467 vere
1404 3391 1516 3486 cauis,
1541 3389 1637 3465 sicut
1661 3395 1778 3487 pomae
1802 3389 1871 3464 lin·

699 3518 834 3587 xerunt
848 3500 897 3602 (³),
924 3510 988 3587 sed
1019 3511 1113 3586 sicut
1142 3511 1242 3587 cauis
1271 3511 1365 3586 lacta
1394 3518 1449 3588 est
1479 3511 1623 3587 rabiosa
1648 3521 1687 3589 et
1710 3512 1871 3586 clamosa

699 3630 885 3727 unguibus
909 3636 947 3706 et
972 3631 1154 3725 conviciis,
1175 3631 1348 3706 mordens
1372 3637 1410 3706 et
1435 3632 1602 3707 lacerans
1620 3650 1871 3727 unumquem-

698 3773 773 3847 que
797 3751 970 3846 nbvinm3
996 3757 1033 3826 et
1057 3749 1218 3848 assignat
1238 3771 1402 3848 causam,
1427 3752 1570 3828 dicens:
1597 3759 1694 3828 toruo
1716 3754 1746 3825 il
1768 3753 1872 3826 notor

698 3874 869 3967 tescaio
896 3877 1006 3944 morte
1034 3877 1142 3962 urta,
1172 3875 1316 3946 tantum
1350 3871 1449 3946 enim
1480 3879 1598 3968 potest
1630 3871 1746 3965 dolor,
1772 3868 1871 3966 quud

697 4012 794 4089 saepe
819 3991 1007 4068 hominem
1032 3991 1185 4068 leralem
1216 3991 1329 4068 efficit
1354 3997 1479 4068 mente
1504 3999 1689 4088 corrupta.
1717 3992 1760 4066 lit
1785 4009 1872 4067 ecce

696 4113 862 4189 dolorem
888 4112 1111 4188 immensum
1137 4133 1250 4207 quem
1276 4112 1375 4188 lerre
1404 4133 1478 4188 non
1507 4112 1643 4209 potuit:
1665 4115 1789 4205 ponda
1813 4113 1873 4185 cle

697 4235 775 4308 uide
798 4235 981 4307 Pulirscrrc
1005 4239 1142 4326 ntortn5
1168 4252 1255 4307 nam
1280 4231 1326 4308 de
1350 4231 1538 4328 Polyxena
1564 4231 1681 4328 magis
1706 4229 1870 4324 indoluit,

582 4349 587 4358 '
696 4359 734 4426 et
767 4351 946 4428 maiorem
980 4352 1171 4446 querclam
1204 4351 1300 4445 lecit,
1333 4349 1427 4426 sicut
1459 4357 1558 4444 patet
1587 4357 1625 4426 et
1655 4349 1752 4445 apud
1783 4348 1870 4423 Ovi·

695 4470 798 4546 dium
824 4471 857 4544 ll
883 4470 1043 4564 maioris,
1069 4480 1107 4548 et
1130 4469 1229 4567 apud
1253 4469 1431 4546 Senecam
1459 4470 1552 4545 libro
1582 4468 1868 4566 tragoediarum3

695 4598 733 4666 et
757 4598 963 4688 postquam,
989 4593 1026 4664 ln
1054 4593 1237 4684 dolorosa,
1263 4596 1339 4667 tam
1373 4590 1561 4687 multiplici
1592 4589 1720 4665 dolore
1749 4588 1867 4683 plena,

694 4715 789 4808 sisu
813 4718 955 4786 accortn
979 4714 1039 4786 det
1062 4731 1128 4786 suo
1156 4713 1340 4804 Polirioro,
1365 4711 1501 4786 scilicet
1530 4709 1604 4787 filio
1638 4729 1708 4784 suo
1732 4709 1870 4804 J'uveu-

696 4831 792 4926 culo,
809 4834 847 4904 iu
871 4851 912 4905 su
937 4833 974 4905 tn
997 4834 1079 4906 mun
1103 4833 1161 4904 det
1183 4851 1295 4922 more,
1315 4831 1451 4906 scilicet
1471 4829 1634 4905 Thraciae
1652 4831 1711 4905 vel
1727 4827 1869 4920 Troiae3

758 5015 786 5078 (¹)
802 5015 834 5068 li.
850 5017 934 5070 nolet
949 5017 1064 5070 liliorum
1080 5021 1241 5067 utmorem.
1371 5013 1399 5078 (Ἴ
1415 5015 1447 5067 Ε.
1462 5017 1568 5068 mg

652 5139 658 5156 .
759 5091 786 5155 (⁸)
804 5096 858 5154 llo,
875 5093 1034 5158 wrlpoerunt
1049 5097 1076 5144 et
1092 5091 1232 5144 mmai.
