4566 6844
709 931 780 998 500
1106 941 1309 998 00me
1332 941 1487 996 mmm

708 1107 774 1162 rua
799 1087 966 1164 animans
990 1107 1089 1183 euos,
1107 1094 1150 1162 ut
1174 1107 1261 1163 cum
1279 1088 1334 1164 ira
1351 1094 1389 1164 et
1405 1087 1653 1185 indignatione
1668 1097 1877 1186 pugnarent

709 1213 837 1282 contra
863 1207 952 1284 vilee
983 1208 1144 1282 latronee
1177 1207 1359 1283 commisit
1389 1208 1564 1304 proelium
1595 1208 1877 1306 miserabilem

710 1347 786 1421 quo
812 1346 946 1424 magna
971 1327 1091 1402 caedes
1114 1327 1198 1403 hinc
1222 1327 1306 1404 inde
1331 1328 1426 1403 facto
1456 1333 1513 1403 eet
1537 1349 1624 1403 cum
1651 1349 1788 1426 magno
1821 1331 1881 1406 fn-

711 1468 809 1542 rore,
835 1449 884 1523 ita
910 1448 1010 1542 quod
1035 1449 1140 1544 quasi
1162 1468 1291 1524 omnes
1308 1449 1447 1546 egregii
1468 1449 1600 1524 militer
1617 1449 1744 1524 drturi
1760 1451 1882 1546 perio-

711 1575 808 1643 runt.
826 1567 986 1642 Arturus
1003 1567 1115 1665 igitur
1133 1567 1258 1644 videns
1274 1587 1403 1644 casnm
1419 1589 1587 1664 suorum,
1600 1576 1639 1644 et
1654 1568 1881 1647 llordretnm

710 1687 816 1784 quasi
830 1687 1013 1763 renovatis
1030 1686 1170 1761 viribus
1182 1687 1461 1783 discurrentem,
1476 1695 1514 1765 et
1530 1709 1599 1763 sua
1612 1689 1749 1765 virtute
1766 1690 1883 1766 victo-

711 1809 804 1883 riam
835 1813 1077 1902 querentem,
1104 1812 1254 1902 accepta
1286 1808 1425 1900 lancea,
1455 1808 1598 1883 abiecta
1630 1807 1824 1884 affectione
1841 1803 1879 1902 (¹)

709 1934 874 2024 paterne,
901 1932 977 2000 toto
1002 1926 1142 2022 impetu
1163 1927 1319 2002 recentis
1340 1926 1427 2021 equi
1444 1927 1552 2001 irruit
1577 1928 1614 2002 in
1639 1928 1877 2024 llordretum‚

709 2055 748 2122 et
772 2047 852 2122 eius
881 2046 1059 2121 miserum
1089 2051 1219 2140 pectus
1247 2051 1323 2122 tota
1354 2047 1458 2122 hesta
1484 2046 1683 2142 transfodit,
1710 2067 1779 2124 nec
1807 2047 1879 2122 im-

708 2188 829 2265 pune3
860 2189 947 2242 narn
976 2166 1125 2263 juvenis
1158 2165 1316 2242 crudelis
1350 2166 1530 2262 parricida
1566 2169 1690 2244 lethali
1724 2171 1880 2245 vulnere

709 2289 878 2363 incitatus
893 2279 944 2382 (²),
956 2285 1152 2362 contractis
1170 2285 1253 2360 totis
1268 2285 1410 2361 viribus
1430 2285 1468 2360 in
1487 2307 1616 2382 unum,
1637 2289 1750 2383 patrie
1770 2289 1878 2385 capiti

710 2415 787 2482 tam
812 2407 950 2483 durum
977 2407 1111 2482 vulnus
1136 2405 1264 2480 inflixit
1280 2427 1367 2482 cum
1384 2406 1516 2502 gladio,
1534 2407 1633 2501 quod
1654 2425 1728 2481 non
1751 2407 1878 2484 defen-

709 2527 819 2603 dente
843 2528 949 2624 galea
973 2524 1212 2620 pervenitad
1237 2525 1445 2600 cerebrum.
1472 2526 1550 2601 lter
1575 2546 1666 2602 vero
1692 2533 1879 2623 transpor-

711 2653 942 2740 ieiunoque,
968 2665 1055 2719 cum
1080 2645 1247 2720 lanceam
1281 2645 1487 2720 retraheret
1511 2646 1558 2720 de
1584 2665 1740 2742 corpore
1769 2649 1880 2724 mori·

709 2765 836 2860 bundi,
862 2766 912 2840 ita
936 2765 1152 2860 ampliatum
1186 2771 1242 2840 eet
1266 2765 1413 2860 vulnus,
1441 2771 1483 2839 ut
1515 2765 1661 2860 dicitur,
1689 2767 1790 2861 quod
1814 2769 1879 2862 sol,

710 2885 775 2980 qui
813 2890 901 2958 tunc
938 2890 1019 2959 erat
1051 2884 1089 2958 in
1113 2903 1259 2978 occasu,
1293 2883 1382 2958 illud
1414 2884 1490 2958 ouis
1526 2884 1634 2959 radiis
1662 2887 1878 2980 penetravit.

709 3006 754 3078 llt
779 3004 830 3079 sic
854 3002 1060 3078 llordretue
1084 3001 1229 3097 cadone,
1246 3003 1358 3078 linem
1384 3003 1469 3078 fecit
1493 3003 1625 3079 infelici
1650 3004 1734 3080 vitae
1758 3011 1796 3080 et
1822 3005 1879 3078 in-

709 3144 808 3200 sanae
832 3123 1040 3202 temeritati.
1066 3123 1121 3196 llr
1145 3122 1248 3198 dictis
1273 3123 1386 3220 igitur
1410 3123 1509 3198 clare
1534 3130 1644 3220 patet,
1666 3145 1784 3219 quare
1807 3142 1878 3201 ou-

709 3251 768 3322 tor
792 3244 851 3320 hic
875 3243 1119 3319 nominaverit
1134 3243 1245 3318 istum
1267 3243 1564 3319 innominabilem
1579 3236 1617 3338 (³)
1640 3243 1876 3341 proditorem,

709 3374 748 3441 et
772 3383 890 3458 quare
905 3360 1136 3458 descripserit
1154 3381 1242 3437 eum
1259 3362 1307 3437 ab
1324 3362 1393 3436 isto
1410 3361 1568 3437 mirabili
1593 3363 1759 3458 vulnere,
1777 3364 1876 3459 quod

710 3484 777 3558 sibi
801 3492 905 3580 pater
928 3485 1088 3557 arturus
1112 3503 1286 3578 suprema
1311 3482 1350 3556 in
1374 3488 1495 3558 morte
1523 3483 1683 3578 donarit,
1708 3484 1793 3560 licet
1819 3503 1879 3559 re-

710 3604 849 3700 ceperit
865 3603 1096 3700 reciprocnm
1108 3603 1156 3676 ab
1172 3621 1229 3677 eo.
1246 3602 1406 3677 Artums
1422 3602 1573 3677 demum
1591 3603 1750 3677 sentiens
1764 3602 1876 3678 linem

711 3744 823 3798 suum
847 3722 969 3798 statim
994 3719 1182 3796 mandavit
1206 3741 1247 3797 se
1271 3719 1458 3796 transferri
1476 3721 1513 3794 in
1529 3720 1687 3797 insulam
1707 3721 1878 3797 Navallo-

711 3842 767 3916 nis
782 3831 818 3937 (⁸)
845 3849 884 3919 et
907 3841 957 3916 ibi
983 3841 1144 3917 moriens
1165 3841 1312 3917 tradidit
1327 3861 1503 3916 coronam
1521 3841 1626 3938 regni
1643 3841 1879 3916 Constantino

710 3967 867 4060 cognato
891 3981 971 4056 ouo,
998 3962 1058 4037 rel
1083 3967 1125 4035 ut
1148 3961 1210 4036 alii
1234 3959 1370 4056 dicunt,
1397 3961 1531 4056 nepoti,
1557 3981 1654 4036 anno
1682 3961 1732 4036 ab
1756 3963 1880 4036 incar·

711 4084 858 4158 natione
889 4081 1033 4157 Domini
1066 4081 1361 4178 quingentesimo
1394 4081 1676 4180 quadragesimo
1706 4080 1877 4158 secundo.

710 4204 754 4278 Et
769 4203 822 4277 sic
839 4209 938 4282 tanta
955 4201 1072 4298 gloria
1089 4201 1215 4275 Artori
1230 4193 1266 4295 (⁵)
1286 4200 1475 4276 infeliciter
1499 4209 1645 4278 versata
1662 4203 1771 4278 estin
1791 4222 1880 4278 oon-

708 4323 890 4400 fusionem
916 4342 1030 4418 opera
1054 4320 1224 4398 llordreti
1251 4319 1534 4396 mordentissimi
1559 4323 1747 4418 serpentis.
1773 4323 1879 4396 Nunc

710 4443 757 4518 ad
781 4442 924 4518 literam
950 4439 1129 4517 veniendo
1154 4440 1239 4516 dicit
1262 4441 1331 4517 iste
1351 4440 1518 4537 spiritus:
1538 4461 1611 4515 oon
1631 4443 1756 4534 weda,
1774 4439 1877 4532 idest,

711 4582 784 4636 non
809 4561 972 4638 invenies
997 4561 1098 4636 illam
1123 4560 1297 4636 umbram
1320 4561 1438 4658 magis
1459 4560 1606 4658 dignam
1625 4559 1686 4657 ligi
1703 4561 1741 4634 in
1753 4548 1792 4652 (⁸)
1811 4577 1878 4655 ge-

710 4679 894 4776 ladicium‚
921 4701 944 4753 a
969 4683 1025 4754 cui
1044 4684 1084 4774 su
1108 4686 1201 4753 roilo
1224 4683 1261 4768 11,
1268 4687 1377 4774 pedo,
1402 4703 1421 4755 e
1445 4684 1468 4754 t'
1481 4681 1618 4772 omlra,
1636 4678 1724 4774 quia
1744 4699 1879 4776 corpus

774 4897 802 4957 f’)
817 4895 844 4947 S.
860 4900 915 4947 tota
930 4895 1075 4948 affectione.
1453 4896 1480 4958 ι’)
1495 4898 1521 4948 S.
1537 4896 1673 4948 exolutus.

774 4971 802 5034 ι’)
819 4976 874 5034 ilo,
890 4973 1195 5026 &homiliam-ll.
1212 4973 1360 5040 lnolrilm
1453 4975 1480 5036 (⁸)
1497 4975 1528 5025 li.
1545 4973 1678 5027 Aralonto

775 5049 803 5112 (⁸)
818 5049 850 5101 li.
866 5049 961 5102 Artori
976 5063 1050 5104 rem
1065 5055 1113 5104 eat.
1452 5053 1479 5116 ς’)
1496 5055 1550 5112 no,
1567 5053 1593 5102 ln
1609 5049 1763 5115 gehdlnm.
