4534 6842
649 890 718 958 174
1044 897 1247 954 counuruu
1271 897 1422 952 mraaur

647 1045 734 1141 quia
751 1045 851 1118 ibant
871 1043 1046 1140 plorando
1071 1050 1108 1117 et
1132 1042 1386 1140 lacrymando,
1412 1047 1450 1116 et
1475 1040 1526 1114 sic
1551 1037 1745 1134 respondet
1768 1037 1816 1112 ad

646 1164 734 1238 illud
760 1163 856 1257 quod
882 1162 942 1237 ille
966 1162 1108 1237 dixerat
1133 1184 1256 1258 supra,
1282 1165 1325 1236 de
1349 1164 1399 1252 pli
1421 1163 1559 1254 apomeli
1583 1161 1686 1251 hali,
1712 1156 1817 1253 quasi

647 1284 761 1359 dicat:
788 1284 882 1357 hene
914 1281 1020 1356 video
1055 1283 1153 1376 quod
1180 1283 1265 1358 estis
1289 1281 1487 1378 hypocritae
1513 1288 1556 1353 ut
1587 1279 1736 1373 dixistis,
1770 1277 1818 1353 ad

648 1403 773 1478 omnia
798 1403 911 1500 signa,
937 1403 1001 1477 sed
1027 1403 1149 1478 nescio
1175 1402 1237 1497 qui
1264 1403 1354 1496 sitis;
1388 1409 1425 1478 et
1456 1402 1563 1476 dicit:
1597 1423 1616 1474 c
1643 1403 1703 1474 che
1724 1420 1818 1492 mnu

648 1521 686 1598 de
709 1526 747 1598 io
771 1528 828 1598 voi
855 1526 915 1597 cte
938 1516 968 1598 si
991 1527 1145 1618 ssootlln,
1180 1522 1282 1618 idest,
1318 1529 1479 1618 apparet
1513 1522 1590 1596 lion
1619 1542 1686 1616 pro
1717 1527 1818 1596 lanto

649 1649 732 1724 dicit
757 1657 878 1740 autor,
905 1648 991 1743 quia
1018 1649 1101 1724 licet
1126 1649 1287 1744 gravitas
1312 1669 1430 1744 poenae
1455 1653 1649 1743 appareret
1677 1667 1744 1742 per
1770 1647 1819 1720 si-

648 1790 719 1865 gna
746 1769 940 1863 exteriora,
968 1776 1091 1843 tamen
1118 1775 1198 1844 erat
1223 1769 1377 1863 occulta,
1403 1769 1490 1863 quia
1515 1787 1628 1863 cappa
1655 1774 1736 1843 erat
1762 1767 1818 1841 in-

652 1889 766 1964 terius
794 1889 994 1983 plumbata,
1026 1888 1185 1984 desuper
1218 1909 1307 1964 vero
1345 1889 1534 1983 deaurata,
1567 1895 1604 1963 et
1634 1908 1724 1964 vere
1755 1887 1817 1962 sic.

649 2009 737 2096 Quis
749 2009 846 2084 enim
864 2009 1032 2084 crederet
1049 2010 1148 2104 quod
1166 2009 1221 2083 isti
1239 2009 1302 2104 qui
1321 2009 1552 2084 videnturita
1566 2009 1679 2084 sancti
1698 2015 1820 2084 essent

650 2129 699 2203 ita
724 2128 874 2202 cruciati
900 2129 937 2202 in
964 2134 1206 2204 mente-E
1228 2133 1321 2202 l’uu.
1348 2129 1452 2204 Nunc
1484 2136 1594 2204 autor
1626 2131 1726 2224 ponit
1760 2149 1821 2204 re-

652 2248 882 2344 sponsionem
909 2248 1061 2324 alterius
1082 2249 1367 2345 hypocritarum,
1397 2249 1461 2342 qui
1488 2249 1606 2344 primo
1628 2249 1822 2344 respondet

649 2369 696 2444 ad
721 2367 923 2442 secundum
953 2368 1148 2462 quaesitum
1173 2368 1347 2465 detegens
1372 2369 1584 2462 qualitatem
1611 2389 1742 2468 poenae.
1761 2370 1822 2444 hi-

652 2489 701 2564 eit
725 2509 838 2584 ergo:
864 2509 883 2561 c
908 2491 991 2560 lun
1015 2491 1149 2580 risposc
1180 2510 1205 2561 o
1238 2510 1315 2562 me:
1348 2492 1380 2564 lc
1412 2511 1520 2582 coppe
1550 2495 1684 2582 ronch,
1720 2490 1821 2586 idest,

650 2629 794 2703 aureae3
808 2618 845 2685 et
860 2607 1011 2684 adverte
1029 2609 1127 2702 quod
1145 2629 1269 2704 cappae
1284 2610 1558 2706 hypocritarum
1579 2611 1725 2686 realiter
1749 2631 1821 2685 non

524 2801 526 2808 ,
651 2737 737 2804 sunt
760 2749 897 2824 aureae,
924 2728 999 2803 imo
1023 2748 1090 2823 per
1115 2729 1341 2803 contrarium
1362 2736 1448 2804 sunt
1463 2731 1553 2805 viles
1569 2738 1607 2806 et
1623 2731 1822 2824 despectae;

651 2849 715 2924 sed
740 2855 849 2924 autor
875 2849 1019 2943 respicit
1051 2849 1247 2945 allegorice
1271 2848 1319 2924 ad
1343 2851 1593 2944 apparentiam
1628 2849 1751 2924 fictam
1786 2857 1823 2924 et

654 2969 888 3044 umbratilem
926 2969 1326 3065 hypocritarumque
1360 2970 1636 3064 superficialiter
1678 2971 1823 3046 videtur

652 3109 779 3182 aurea,
805 3088 908 3183 idest,
933 3089 1105 3184 perlecta,
1133 3089 1295 3164 virtuosa
1320 3097 1357 3166 et
1382 3091 1492 3184 clara,
1517 3098 1556 3166 et
1581 3097 1704 3166 umen
1730 3091 1823 3166 inte·

653 3210 730 3284 rius
755 3215 810 3285 est
834 3210 1021 3305 plumbea,
1046 3210 1148 3305 idest,
1173 3209 1388 3306 ponderosa,
1413 3211 1547 3307 gravis,
1574 3211 1720 3305 vitiosa;
1741 3210 1822 3286 ideo

651 3329 747 3423 dicit,
772 3349 835 3402 soa
862 3331 900 3402 di
917 3331 1059 3422 pmmho
1083 3321 1113 3404 si
1137 3331 1350 3421 praesecto
1375 3333 1400 3403 li
1420 3334 1496 3422 peri
1512 3335 1577 3425 lon
1594 3325 1666 3404 cosi
1685 3333 1822 3423 othelm

653 3451 764 3522 lator
788 3451 931 3546 monce,
958 3450 1061 3544 idest,
1093 3451 1229 3525 iaciunt
1263 3451 1313 3526 ita
1346 3457 1507 3527 tremere
1538 3453 1705 3528 membra
1737 3474 1824 3548 por-

655 3567 767 3643 tantia
798 3569 911 3664 ipsas;
942 3576 980 3644 et
1013 3570 1071 3644 hic
1106 3576 1191 3644 nota
1224 3570 1390 3663 pulcram
1425 3573 1696 3667 metaphoram:
1730 3573 1825 3648 sieut

654 3687 752 3762 enirn
771 3687 939 3763 videmus
956 3689 1054 3783 quod
1068 3688 1137 3762 suh
1150 3690 1368 3785 gravissimo
1385 3692 1546 3785 pondere
1565 3693 1689 3768 omnia
1707 3714 1825 3770 mem·

654 3807 721 3882 hra
747 3815 921 3903 tremunt,
948 3809 998 3886 ita
1023 3810 1121 3903 quod
1148 3809 1251 3884 nervi
1277 3817 1313 3884 et
1332 3811 1520 3907 juncturae
1552 3813 1721 3890 videntur
1752 3815 1825 3890 dis-

656 3928 758 4025 solvi,
784 3929 834 4004 ila
859 3928 916 4004 isti
941 3929 1159 4005 videbantur
1185 3951 1338 4026 crepare
1363 3933 1433 4006 suh
1458 3935 1580 4029 cappis
1613 3935 1708 4030 istis;
1734 3955 1825 4032 ergo

657 4049 752 4124 hene
770 4048 938 4125 membra
963 4058 1001 4126 et
1025 4071 1107 4126 ossa
1124 4050 1280 4125 istorum
1301 4053 1531 4147 appellantur
1548 4054 1722 4149 bilanciae,
1741 4075 1826 4150 quae
1938 4073 1947 4096 ·

655 4169 845 4263 aequaliter
862 4177 1077 4266 gravantur,
1096 4171 1195 4265 quia,
1215 4191 1452 4266 quocumque
1466 4165 1503 4265 (¹)
1523 4193 1563 4248 se
1584 4183 1769 4271 moveant,
1789 4183 1825 4252 et

654 4290 701 4365 ad
726 4291 988 4385 quodcumque
1013 4291 1119 4386 latus,
1142 4298 1289 4387 portant
1312 4313 1441 4368 secum
1466 4313 1560 4368 onus
1585 4316 1708 4391 suurn,
1726 4297 1825 4391 qnod

655 4412 844 4506 aequaliter
874 4411 1008 4506 premit
1041 4432 1115 4488 eos.
1148 4412 1285 4488 Deinde
1318 4415 1511 4510 respondet
1542 4415 1588 4491 ad
1620 4417 1824 4493 secundum

655 4531 864 4626 quaesitum,
889 4531 1023 4607 scilicet
1049 4533 1112 4626 qui
1139 4533 1219 4606 sint.
1246 4533 1299 4608 hd
1330 4535 1437 4610 cuius
1468 4535 1521 4612 rei
1550 4517 1843 4636 intelligentiam*

655 4658 711 4726 eet
735 4650 936 4744 sciendum,
955 4652 1066 4747 quod,
1083 4652 1177 4726 sicut
1204 4673 1274 4750 ego
1299 4655 1427 4752 collegi
1450 4675 1496 4730 ex
1515 4659 1643 4754 regula
1669 4659 1824 4734 istorum

656 4772 824 4866 fratrum,
851 4771 999 4866 quidam
1026 4771 1165 4848 nobiles
1191 4779 1228 4848 et
1252 4774 1380 4851 divites
1412 4778 1492 4873 viri,
1524 4779 1618 4855 sicut
1650 4779 1826 4855 Lodorin-

719 5019 747 5086 υ)
764 5025 818 5082 lit,
834 5023 1086 5091 quomodocumque.
