4534 6842
736 875 876 934 murus
899 875 1092 933 rromnrus
1116 876 1290 944 ournrus.
1514 865 1584 935 199

415 1043 506 1120 ergo
531 1028 653 1118 captat
682 1021 977 1097 benevolentiam
1007 1041 1074 1116 per
1103 1018 1140 1094 id
1168 1020 1268 1113 qnod
1291 1026 1401 1094 autor
1425 1021 1588 1099 maxime

415 1143 575 1239 optabat,
607 1147 645 1216 et
674 1141 773 1236 quod
803 1141 1048 1237 principaliter
1080 1145 1257 1234 appetunt
1289 1145 1418 1235 poeta,
1452 1141 1588 1218 scilicet

413 1262 691 1358 acquisitionem
717 1261 824 1336 lame
850 1268 887 1336 et
911 1260 1049 1356 gloriae.
1072 1260 1120 1340 ,Et
1145 1261 1225 1334 vult
1247 1259 1409 1336 breviter
1438 1261 1586 1337 dicere:

414 1383 444 1458 si
469 1391 510 1457 tu
536 1382 590 1458 ris
615 1381 768 1458 feliciter
791 1381 986 1475 pervenire
1010 1380 1057 1455 ad
1081 1383 1243 1476 optatam
1269 1380 1419 1475 lamam,
1441 1390 1586 1477 oportet

414 1503 514 1597 qood
538 1501 684 1576 incedas
712 1520 778 1595 per
803 1500 893 1574 tales
921 1499 999 1574 vias
1031 1506 1068 1574 et
1100 1499 1220 1574 adhuc
1244 1499 1459 1595 asperiores.
1491 1503 1584 1578 Dicit

416 1641 529 1719 ergo:
555 1624 646 1696 disse
656 1623 683 1694 'l
705 1627 871 1711 momen
897 1619 1031 1696 scilieet
1056 1620 1227 1717 Virgilius
1246 1639 1375 1696 recens
1395 1621 1483 1696 milri
1501 1623 1583 1698 lati-

415 1752 513 1840 gaw,
538 1745 633 1816 notai
655 1761 788 1816 correers
811 1743 872 1814 cde
900 1747 936 1814 lu
965 1734 1037 1814 cori
1068 1745 1092 1814 tt
1115 1743 1257 1833 spoltre,
1283 1739 1384 1833 idest,
1415 1743 1515 1836 quod
1540 1750 1581 1817 tu

414 1881 530 1938 exuas
554 1862 709 1956 pullum,
729 1861 864 1938 scilicet
888 1861 988 1956 quod
1007 1879 1081 1935 non
1101 1861 1149 1934 sis
1165 1860 1321 1956 amplius
1338 1882 1432 1956 puer
1447 1869 1485 1938 et
1501 1865 1583 1958 pul-

415 1989 555 2076 tronus,
581 1981 644 2058 sed
659 1975 696 2074 (¹)
722 1980 875 2080 viriliter
899 1987 937 2055 et
961 1980 1103 2054 sortiter
1118 1999 1218 2076 agas.
1236 1981 1280 2053 Et
1295 1989 1383 2056 nota
1399 1990 1581 2076 quantum

417 2103 631 2197 metaphora
656 2107 711 2176 est
735 2099 958 2196 pulcerrima
981 2105 1019 2174 et
1041 2098 1208 2194 propria:
1240 2100 1335 2176 sicut
1368 2101 1466 2176 enim
1498 2100 1581 2198 pul-

415 2221 473 2298 lus
497 2227 698 2316 antequam
723 2220 896 2296 dometur
922 2239 997 2294 non
1022 2219 1101 2292 vult
1127 2219 1291 2315 recipere
1316 2221 1489 2316 tremum,
1515 2243 1584 2300 nee

414 2342 548 2438 corrigi
572 2341 789 2434 calcaribus
809 2340 859 2414 ita
878 2339 1026 2436 juvenis
1052 2347 1198 2414 recusat
1223 2339 1299 2437 regi
1326 2341 1445 2416 lroeno
1472 2343 1585 2418 ratio-

414 2462 481 2555 nis,
506 2480 576 2535 neo
601 2460 727 2558 recipit
752 2460 1018 2535 correctionem
1041 2457 1202 2552 maioris,
1226 2460 1314 2553 imo,
1335 2459 1437 2535 velut
1461 2463 1584 2556 pullus

415 2579 611 2655 indomitus
641 2579 726 2674 ruit,
758 2599 835 2673 quo
863 2580 1021 2675 impetus
1054 2577 1229 2654 naturalis
1262 2581 1437 2675 passionis
1472 2581 1583 2657 trahit

414 2701 528 2793 illum,
553 2699 648 2774 sicut
672 2705 772 2774 recte
801 2700 938 2775 lecerat
968 2705 1078 2774 autor
1110 2705 1197 2773 ante
1225 2699 1322 2774 istud
1356 2700 1581 2776 laboriosum

411 2840 515 2917 opus,
534 2817 619 2916 quia
636 2819 861 2913 sequebatur
886 2838 1000 2896 vanos
1015 2837 1179 2914 amores3
1197 2826 1235 2895 et
1259 2821 1353 2894 sicut
1377 2822 1498 2916 pullus
1514 2843 1580 2897 va-

411 2959 480 3036 gus
505 2945 542 3018 et
566 2959 684 3013 vanus
709 2958 782 3013 non
809 2945 864 3012 est
887 2944 994 3033 aptus
1027 2939 1075 3014 ad
1104 2939 1228 3033 praelia
1259 2940 1318 3014 uel
1347 2940 1502 3033 labores,
1529 2941 1579 3016 lta

411 3066 519 3136 autor
543 3065 629 3134 ante
649 3059 746 3134 istud
762 3078 855 3154 opus
872 3079 944 3132 non
961 3058 1136 3134 didicerat
1151 3059 1272 3134 adhuc
1289 3065 1433 3134 certare
1450 3067 1577 3136 eontra

411 3179 496 3254 vitia
517 3186 554 3254 et
578 3177 835 3274 ignorantiam,
852 3197 920 3252 nec
937 3178 1061 3253 subire
1080 3177 1224 3253 labores
1245 3199 1408 3275 magnos.
1431 3179 1475 3252 lit
1492 3199 1579 3256 ecee

410 3317 528 3393 quare
552 3303 695 3393 oportet
720 3297 854 3373 amodo
878 3299 930 3372 sic
954 3299 1086 3393 lacere,
1111 3296 1173 3372 clud
1194 3299 1368 3391 scopendo
1394 3303 1431 3374 ln
1456 3303 1579 3392 pomo

411 3416 457 3494 oo*
478 3426 566 3493 sotto
587 3421 695 3492 collre
713 3437 785 3491 ooo
809 3421 841 3492 st
865 3420 961 3491 tiene
975 3421 1013 3490 in
1026 3419 1142 3511 samo,
1159 3419 1265 3513 quasi
1284 3417 1400 3494 dicat:
1417 3419 1581 3496 vacando

411 3559 554 3634 somno,
572 3538 770 3631 mareendo
791 3538 877 3633 otio,
895 3538 1081 3613 affluendo
1102 3538 1239 3615 deliciis
1262 3559 1336 3614 non
1360 3547 1479 3635 potest
1494 3561 1580 3636 per-

412 3659 528 3766 rjeniri
552 3658 598 3733 ad
624 3658 760 3733 lamam
788 3678 901 3754 quam
933 3659 1067 3752 quaerit
1094 3660 1213 3734 omnis
1242 3659 1298 3735 vir
1328 3661 1463 3736 valens.
1495 3661 1580 3737 ldeo

410 3780 518 3856 dicit:
543 3801 653 3852 senza
677 3781 714 3852 lo
738 3783 835 3872 quot,
860 3779 995 3854 scilicet
1020 3779 1130 3875 lama,
1147 3783 1200 3854 clu¹
1223 3801 1390 3855 mareota
1408 3801 1475 3854 sua
1494 3784 1578 3871 olto,

411 3899 529 3975 viliter
553 3905 590 3975 et
619 3899 794 3974 inutiliter
822 3899 1060 3993 expendendo
1095 3906 1251 3995 tempus,
1281 3903 1378 3974 locro
1401 3905 1495 3976 cotol
1518 3923 1578 3974 oe-

409 4021 511 4110 stolo
535 4019 573 4092 di
594 4014 644 4109 sd,
669 4016 773 4110 idest,
798 4019 909 4092 talem
936 4017 1133 4112 imaginem
1161 4018 1385 4113 imitandam,
1402 4023 1440 4092 ta
1465 4026 1575 4111 terro,

410 4137 511 4232 idest,
537 4137 737 4212 inmundo
762 4137 964 4212 viventium
990 4137 1087 4232 apud
1109 4143 1286 4232 posteros,
1311 4141 1396 4230 prol
1414 4144 1514 4233 sumo
1538 4143 1577 4213 io

409 4281 504 4354 aare,
524 4260 626 4354 idest,
644 4260 755 4354 quale
770 4257 965 4353 uestigium
985 4259 1110 4333 lomus
1126 4257 1298 4352 relinquit
1315 4259 1352 4332 in
1371 4277 1470 4352 aere,
1489 4259 1576 4352 quia

408 4381 563 4473 nullum,
588 4381 675 4473 quia
701 4379 772 4454 cito
799 4379 1005 4472 resolvitur,
1031 4384 1069 4454 et
1093 4380 1203 4473 quale
1230 4380 1423 4476 vestigium
1453 4380 1576 4455 dimit-

408 4501 461 4595 tit,
488 4503 525 4574 lo
548 4501 704 4574 scddrmc
718 4502 757 4572 in
773 4519 900 4591 ecquo,
918 4499 1178 4596 quia-nullum,
1196 4499 1283 4594 quia
1307 4501 1379 4575 cito
1394 4491 1432 4593 (¹)
1457 4501 1574 4576 resel-

408 4621 506 4695 vitur
531 4619 568 4694 in
592 4641 731 4714 aquam
747 4637 826 4693 sne
842 4629 1002 4714 naturae3
1023 4619 1075 4698 sic
1092 4619 1183 4714 vilis,
1200 4621 1314 4718 piger,
1334 4622 1574 4717 voluptuosus

408 4739 602 4816 resolvitur
627 4740 664 4813 in
689 4740 882 4834 elementa,
900 4739 999 4816 etde
1016 4759 1062 4815 eo
1079 4741 1221 4815 nullum
1241 4761 1333 4836 opus
1353 4741 1497 4815 virtutis
1518 4762 1578 4817 re-

469 4993 689 5060 (¹eredquotl
705 4995 823 5048 nuile.
1030 4995 1455 5060 (quartumdecimum
