4526 6836
752 990 889 1048 caurus
915 991 1072 1049 uncturus
1096 991 1224 1048 uenus.
1518 983 1564 1052 37

394 1136 707 1234 comparationem
725 1135 812 1211 satis
829 1135 1072 1234 manifestam,
1097 1137 1237 1214 dicens:
1254 1141 1283 1214 t'l
1301 1139 1564 1233 flumanppior,

394 1259 486 1336 idest
503 1257 688 1334 ventilatio
713 1257 876 1332 dammae
899 1278 1075 1355 accensae,
1093 1279 1157 1333 era
1174 1251 1198 1333 ll
1215 1263 1266 1334 tol
1280 1262 1342 1333 dut
1357 1263 1519 1352 colem
1539 1282 1564 1333 o

360 1435 363 1440 -
395 1383 427 1455 lc
435 1378 664 1473 prostaidest
681 1383 761 1453 erat
787 1377 837 1454 ita
863 1377 901 1452 in
925 1378 1093 1454 discursu
1116 1377 1334 1474 superficiali
1359 1381 1479 1455 solum
1497 1399 1565 1476 per

393 1501 553 1597 plantam
570 1497 682 1595 pedis,
700 1502 796 1592 qual,
815 1499 943 1594 supple
958 1501 986 1572 'l
1005 1501 1218 1592 fioougptor
1242 1502 1286 1574 dc
1309 1503 1340 1573 lc
1363 1520 1442 1575 cose
1466 1501 1560 1594 aab,

394 1623 473 1696 mol
495 1622 646 1695 owoosi
664 1639 738 1713 por
756 1639 826 1714 per
850 1623 887 1692 le
912 1619 1031 1694 borna
1053 1627 1198 1712 socero,
1223 1619 1314 1696 idest
1339 1640 1405 1716 per
1430 1622 1563 1717 pellem

397 1741 630 1836 exteriorem,
648 1739 754 1815 cuius
779 1739 872 1816 ratio
898 1743 954 1815 est
978 1741 1166 1836 naturalis,
1183 1739 1270 1835 quia
1287 1741 1380 1839 ignis
1396 1742 1564 1837 sequitur

397 1861 663 1936 nutrimentum
681 1880 792 1934 suum
810 1880 885 1954 quo
903 1860 1020 1958 magis
1032 1867 1272 1936 conservetur
1287 1854 1343 1956 (¹);
1360 1869 1398 1936 ct
1413 1861 1465 1936 sio
1482 1862 1565 1938 vide

396 1981 706 2077 comparationem
716 1981 903 2076 propriam
912 1981 959 2056 ad
967 1981 1206 2077 prepositum,
1216 1982 1302 2076 quia
1312 1981 1406 2058 sicut
1414 1982 1563 2060 bamma

394 2100 567 2176 discurrit
582 2099 756 2176 velociter
763 2091 800 2193 (¹)
818 2119 883 2197 per
899 2100 1129 2197 superficiem
1149 2101 1202 2176 rei
1221 2108 1352 2196 unctae,
1365 2101 1386 2146 *
1398 2101 1448 2178 ita
1465 2122 1564 2179 nunc

394 2221 544 2296 bamma
572 2221 801 2296 discurrebat
832 2240 898 2318 per
932 2219 1163 2318 superficiem
1195 2222 1328 2318 plante
1352 2222 1507 2299 unctae*
1524 2215 1562 2318 (³)

395 2343 550 2419 istorum
575 2341 730 2417 domm
755 2341 946 2438 pinguium
972 2342 1216 2418 sacerdotum.

471 2464 531 2536 Olet
554 2455 591 2536 de
615 2464 718 2553 coba,
744 2465 909 2536 unaco.
936 2463 1008 2536 Ista
1033 2467 1089 2536 est
1114 2461 1275 2537 secunda
1304 2482 1391 2556 pars
1419 2461 1457 2538 in
1488 2485 1562 2558 qua

394 2588 503 2657 autor
541 2581 737 2658 introducit
768 2601 888 2656 unum
922 2601 1113 2656 summum
1144 2581 1363 2677 pontificem,
1395 2583 1459 2678 qui
1495 2584 1564 2659 luit

395 2721 544 2777 summe
567 2701 762 2778 infamatus
787 2702 855 2776 isto
871 2701 959 2776 vitio
975 2700 1151 2778 simonias.
1172 2700 1256 2776 ldeo
1276 2701 1371 2778 bene
1387 2701 1490 2800 lingit
1522 2723 1563 2780 se

397 2821 522 2898 ridere
547 2841 675 2916 uuum,
693 2822 758 2916 qui
776 2821 904 2896 lortius
921 2822 1063 2896 caeteris
1082 2821 1291 2918 exagitabat
1306 2841 1418 2898 crura
1438 2829 1476 2898 et
1495 2843 1561 2918 pe-

396 2940 472 3036 des,
492 2947 529 3016 et
553 2941 641 3036 petit
657 2963 680 3016 a
697 2940 845 3038 Virgilio
863 2943 945 3036 quis
964 2942 1010 3016 sit
1022 2927 1073 3036 (⁸),
1094 2939 1240 3016 dicens:
1261 2931 1345 3016 dirs'
1357 2945 1405 3034 to,
1426 2941 1560 3018 scilicet

396 3061 556 3159 Virgilio,
581 3083 605 3134 o
631 3065 799 3154 Mauro,
823 3063 878 3135 cle·
901 3056 938 3136 de
961 3063 1052 3135 colret
1069 3063 1128 3134 cbc
1151 3081 1190 3133 se
1213 3065 1363 3154 mucia,
1381 3061 1471 3137 idest
1489 3063 1563 3138 ira-

398 3183 523 3276 scitur,
540 3183 746 3273 peremne
757 3177 821 3274 piri
845 3183 904 3256 clle
919 3185 971 3273 pt·
985 3183 1070 3256 olor·
1083 3185 1139 3254 sot
1157 3185 1323 3272 consorti,
1341 3181 1432 3257 idest
1449 3202 1562 3277 quam

395 3301 457 3378 alii
473 3301 614 3398 praelati
630 3301 777 3398 plantati
795 3307 832 3376 et
848 3300 964 3397 puniti
980 3301 1028 3375 ibi
1045 3321 1190 3376 secum:
1208 3306 1326 3398 potest
1342 3302 1453 3379 ctiam
1469 3301 1564 3380 lorte

397 3422 545 3519 intelligi
571 3421 618 3497 dc
641 3421 871 3498 consortibus
884 3414 921 3515 (⁵)
947 3442 1026 3496 suae
1041 3421 1172 3519 stirpis,
1189 3423 1276 3517 quia
1292 3411 1329 3515 (θ)
1345 3442 1432 3496 cum
1458 3423 1564 3498 multi

395 3543 529 3619 luerint
541 3542 680 3639 praelati
697 3542 884 3617 simoniaci
901 3543 948 3618 de
963 3543 1111 3638 Ursinis,
1123 3544 1192 3619 iste
1207 3549 1331 3618 umen
1349 3542 1417 3617 luit
1433 3544 1562 3638 major,

395 3665 470 3738 imo
494 3663 563 3737 luit
587 3661 692 3758 qnasi
716 3661 858 3757 primus
883 3682 976 3759 papa
1001 3663 1065 3758 qui
1089 3669 1185 3738 esset
1201 3662 1345 3759 publice
1365 3662 1564 3738 infamatus

394 3784 441 3859 de
464 3783 630 3858 simonia.
657 3783 728 3856 Iste
752 3781 849 3857 enim
877 3787 957 3857 erat
981 3802 1073 3878 papa
1091 3783 1260 3858 Nicolans
1283 3782 1330 3858 de
1351 3782 1498 3878 Ursinis,
1515 3781 1562 3858 de
1720 3801 1723 3808 ’

395 3925 470 3998 quo
487 3903 581 3978 infra
597 3904 704 3999 plene
719 3901 879 3997 dicetur;
896 3909 934 3978 et
952 3902 1065 4000 tangit
1081 3891 1117 3995 ζ’)
1136 3921 1286 3978 caumm
1304 3903 1400 3978 ibim
1417 3921 1562 3999 magnae

395 4023 610 4121 agitationis,
635 4021 779 4098 dicens:
804 4043 824 4095 e
848 4025 904 4096 orti
923 4025 1070 4116 flamm
1088 4017 1153 4115 pol
1176 4023 1305 4113 rogptir
1326 4025 1454 4115 acuo,
1472 4022 1564 4099 idest

396 4154 569 4238 etonem
596 4144 743 4219 llamma
769 4142 886 4238 magis
911 4130 1075 4248 rubeat)
1103 4161 1216 4234 quam
1238 4140 1424 4215 ardentior
1439 4141 1563 4218 adurit

394 4271 432 4340 et
456 4263 607 4340 cruciat
633 4264 678 4337 Et
702 4262 822 4338 subdit
848 4261 1119 4358 responsionem
1143 4259 1280 4357 Virgibi
1299 4260 1346 4335 ad
1363 4280 1404 4335 se
1423 4261 1486 4355 qui
1507 4260 1564 4336 ol-

393 4386 464 4460 lert
489 4405 530 4459 se
554 4390 789 4481 portaturum
815 4383 934 4478 ipsum
960 4381 1110 4458 interius
1134 4382 1181 4456 ad
1204 4380 1307 4455 illum
1325 4381 1490 4476 spiritum
1515 4383 1563 4458 ad

292 4593 298 4608 Ι
393 4505 654 4599 inquirendum
678 4502 726 4578 de
750 4503 829 4578 eius
855 4501 1054 4578 substantia
1072 4507 1108 4577 ct
1125 4501 1315 4597 qualitate3
1336 4502 1435 4577 unde
1460 4501 1561 4577 dicit:

393 4631 426 4697 et
448 4627 505 4698 elli
528 4645 553 4696 a
577 4645 644 4715 me,
668 4622 803 4698 scilicet
828 4623 999 4718 Virgilius
1021 4621 1221 4717 respondit:
1240 4628 1276 4696 tu
1291 4625 1418 4715 comat
1441 4624 1490 4696 do
1515 4625 1564 4696 lui

453 4807 483 4871 (¹)
500 4813 555 4869 llo,
571 4813 749 4860 semenator.
1048 4804 1076 4868 (¹)
1092 4808 1123 4859 B.
1140 4806 1264 4858 relodter
1279 4819 1358 4872 super
1373 4807 1439 4859 lacte
1483 4809 1531 4860 rel.

454 4883 481 4948 Γ)
497 4885 600 4950 Quanto
615 4889 630 4936 t
645 4897 781 4948 compm
796 4883 837 4936 ira
853 4884 863 4935 l
878 4883 929 4936 dne
945 4883 1078 4936 murlmbl
1095 4896 1186 4934 manca
1201 4883 1247 4935 nel
1262 4887 1352 4935 norim
1368 4887 1446 4948 tceto;
1464 4887 1562 4937 dotato

392 4961 506 5026 supputo
521 4961 590 5026 dagli
606 4961 667 5012 altrl
681 4961 777 5013 Codlcb

452 5037 479 5100 (¹)
495 5037 521 5088 S.
538 5039 571 5090 rit
586 5039 640 5100 llls,
658 5039 753 5091 dicam
1048 5037 1117 5102 ωε
1135 5038 1274 5090 conscrtlo.

452 5113 480 5180 t'l
496 5115 527 5168 tt.
543 5117 604 5182 quta
619 5114 695 5168 mulli
711 5117 819 5169 merant
834 5114 943 5182 prauo.
1048 5115 1074 5180 p)
1091 5119 1145 5177 llo.
1163 5116 1253 5181 teligit.
1348 5113 1423 5179 (')ll.
1440 5115 1528 5169 rutra.
