4526 6836
703 975 747 1039 14
1099 985 1302 1040 comum
1327 985 1477 1040 mnsam

699 1127 878 1222 dispositoe
902 1127 948 1203 ad
978 1128 1173 1204 dicendum
1209 1131 1290 1224 boc,
1323 1129 1407 1205 iicet
1435 1129 1545 1203 modo
1574 1129 1767 1204 actualiter
1796 1149 1869 1203 non

699 1247 900 1322 dicentib
933 1253 1058 1324 tamen
1089 1270 1163 1325 non
1192 1249 1360 1324 videatur
1386 1247 1449 1322 tibi
1465 1241 1502 1339 (¹)
1532 1248 1655 1340 dicere
1684 1269 1764 1327 rem
1791 1270 1872 1324 ma·

698 1388 821 1463 gnam,
835 1369 982 1462 quando
998 1368 1095 1465 dicit,
1112 1369 1210 1464 quod
1227 1371 1351 1464 plures
1368 1379 1455 1446 sunt
1469 1369 1712 1445 bononienses
1733 1369 1870 1444 mortui

697 1487 811 1584 puniti
831 1488 889 1563 bic
902 1479 955 1583 (²),
971 1510 1084 1584 quam
1102 1490 1173 1563 sint
1189 1489 1262 1564 rivi
1280 1489 1317 1563 in
1334 1489 1517 1582 Bononia3
1535 1490 1622 1584 quia
1647 1511 1721 1565 nou
1746 1491 1869 1584 credo,

698 1608 796 1702 quod
821 1609 867 1683 sit
890 1609 1015 1702 aliqua
1041 1616 1139 1684 terra
1165 1615 1240 1683 tam
1267 1629 1382 1704 parva
1406 1609 1443 1683 in
1468 1609 1619 1702 mundo,
1637 1609 1684 1685 de
1704 1631 1779 1705 qua
1796 1629 1869 1683 non

698 1729 768 1802 sint
792 1731 916 1825 plures
930 1719 966 1822 (³)
995 1731 1144 1804 lerrones
1162 1730 1200 1803 in
1220 1729 1374 1824 interno,
1391 1749 1506 1822 quam
1523 1729 1594 1802 sint
1610 1749 1687 1804 uno
1703 1736 1871 1824 tempore

698 1851 862 1926 viventes
878 1851 915 1925 in
934 1851 1109 1946 Bononia,
1127 1857 1165 1925 et
1186 1852 1376 1944 loquentes
1398 1851 1553 1946 vulgare
1574 1849 1807 1924 bononiense.
1825 1849 1870 1922 Et

698 1969 763 2045 ista
789 1971 914 2045 civitas
940 1977 995 2046 est
1021 1971 1128 2045 bodie
1147 1971 1232 2045 satis
1250 1976 1406 2066 purgata
1425 1969 1494 2044 isto
1507 1957 1544 2060 (⁸)
1567 1969 1674 2062 vitio;
1691 1975 1729 2044 et
1744 1975 1868 2044 tamen

697 2095 807 2162 autor
831 2089 915 2165 iacit
939 2090 1044 2164 citius
1073 2089 1297 2165 mentionem
1328 2090 1374 2164 dc
1406 2109 1480 2162 una
1513 2095 1612 2163 tarra
1642 2087 1802 2162 studiosa
1831 2094 1870 2163 et

698 2207 849 2302 famosa,
874 2230 987 2304 quam
1012 2210 1058 2286 de
1082 2210 1164 2284 aba.
1190 2210 1299 2285 Certe
1329 2211 1456 2284 multoe
1481 2213 1567 2283 suut
1591 2215 1701 2283 terrae
1727 2214 1764 2282 et
1788 2227 1870 2281 ma·

698 2349 792 2424 gnae,
810 2329 847 2404 in
865 2329 999 2424 quibus
1012 2329 1129 2426 magis
1146 2330 1245 2426 viget
1261 2330 1357 2404 istud
1379 2329 1509 2404 vitium
1529 2329 1566 2402 in
1587 2329 1697 2422 ltalia,
1719 2334 1761 2402 ut
1782 2327 1868 2401 nibil

698 2449 816 2524 dicam
842 2449 889 2524 de
913 2448 1072 2524 Parisios
1087 2441 1124 2541 (⁵)
1155 2450 1191 2523 in
1220 2449 1345 2524 Gallia.
1372 2450 1464 2523 Nota
1491 2447 1600 2524 etiam
1632 2448 1730 2542 quod
1757 2453 1869 2522 autor

699 2568 869 2643 describit
892 2575 1041 2664 gentem
1060 2568 1323 2644 bononiensem
1339 2569 1387 2644 ab
1403 2568 1576 2643 idiomate
1600 2576 1638 2642 et
1662 2588 1685 2641 a
1709 2565 1869 2640 flumini-

697 2687 779 2762 bus.
806 2687 1050 2762 Bononieuses
1075 2687 1174 2762 enim
1200 2694 1356 2763 utuntur
1381 2688 1450 2762 isto
1476 2688 1656 2762 vocabulo
1685 2690 1777 2779 tipo,
1804 2683 1870 2760 ubi

699 2806 824 2882 caeteri
849 2807 1028 2882 lombardi
1044 2797 1080 2899 (ὅ)
1111 2813 1148 2882 et
1176 2807 1285 2883 italici
1315 2806 1440 2882 dicunt
1473 2809 1538 2880 sio.
1569 2806 1731 2882 Bononia
1755 2805 1868 2881 etiam

697 2929 808 3004 babet
832 2927 879 3002 ab
905 2949 980 3004 una
1004 2935 1120 3023 parta,
1145 2928 1280 3004 scilicet
1308 2928 1503 3004 occidentis
1534 2947 1664 3003 versus
1688 2927 1868 3002 lombar-

695 3049 805 3144 diam,
832 3049 981 3144 ssumen,
1004 3049 1107 3143 quod
1132 3049 1264 3124 dicitur
1288 3050 1424 3143 chus,
1441 3049 1504 3124 sed
1525 3069 1599 3124 non
1623 3047 1803 3142 inteiligas
1818 3046 1866 3121 de

694 3171 797 3246 Reno
822 3170 986 3244 marimo
1010 3170 1161 3245 ssumiue
1186 3169 1421 3263 Alamannia,
1447 3169 1548 3264 quod
1573 3169 1659 3243 olim
1687 3167 1868 3243 dividebat

696 3291 930 3365 Germaniam
948 3290 1107 3365 aGallia.
1123 3291 1167 3364 Et
1183 3291 1251 3364 iste
1267 3290 1391 3366 Renus
1408 3289 1580 3365 Bononiae
1601 3288 1712 3364 babet
1727 3309 1863 3384 aquam

696 3411 832 3486 bonam
858 3432 931 3486 non
956 3412 1076 3486 solum
1101 3410 1309 3507 potabilem,
1335 3409 1398 3484 sod
1427 3409 1554 3484 utilem
1580 3409 1627 3483 ad
1657 3408 1864 3484 molendina

696 3532 918 3627 pulcerrime
942 3532 988 3607 ad
1018 3531 1230 3606 molendum
1264 3531 1491 3606 irumentum
1509 3519 1559 3624 (⁷),
1584 3531 1629 3605 ad
1660 3529 1866 3604 iaciendum

695 3653 853 3728 sericum
880 3657 919 3726 et
942 3651 1012 3726 alia
1040 3651 1155 3726 multa
1185 3651 1390 3726 necessaria
1419 3651 1465 3724 ad
1496 3650 1796 3724 sustentationem
1828 3655 1866 3724 et

695 3779 868 3849 ornatum
903 3773 1075 3846 bumanae
1106 3770 1202 3846 vitae.
1232 3771 1348 3846 Habet
1377 3778 1414 3844 et
1447 3769 1560 3844 alium
1599 3769 1766 3864 flurium,
1802 3767 1866 3862 qui
2003 3788 2010 3808 ¹

694 3893 825 3968 dicitur
850 3893 992 3967 Savana
1009 3882 1044 3984 (⁸)
1071 3911 1118 3965 ex
1143 3891 1214 3965 alio
1241 3892 1355 3966 latere
1380 3891 1529 3965 orientis
1547 3911 1677 3966 versus
1701 3892 1865 3966 Roman-

694 4013 849 4089 dioiam:
883 4012 991 4086 babet
1022 4017 1070 4086 et
1089 4031 1245 4106 parrum
1284 4015 1498 4105 torrentem,
1531 4011 1594 4106 qui
1626 4011 1761 4086 dicitur
1795 4009 1868 4104 dp-

695 4153 794 4229 posa,
819 4131 882 4227 qui
913 4132 1107 4208 intersecat
1138 4131 1272 4227 ipsam:
1306 4129 1416 4206 babet
1447 4137 1484 4205 et
1515 4137 1679 4206 montem
1713 4129 1868 4206 idrtiiem

694 4259 732 4327 et
755 4273 946 4328 amoenum
965 4259 1110 4347 aparte
1134 4250 1310 4344 meridiei,
1328 4251 1393 4344 qui
1413 4262 1468 4328 est
1485 4251 1589 4344 quasi
1609 4252 1759 4346 clypeus
1777 4270 1868 4324 con·

694 4378 752 4445 tra
776 4377 927 4446 ventum
953 4376 1135 4462 austrum,
1154 4389 1266 4462 quem
1292 4375 1402 4443 autor
1427 4369 1545 4466 tetigit
1569 4369 1734 4444 iaciendo
1759 4389 1866 4444 men·

695 4489 832 4566 tionem
856 4489 904 4564 de
927 4489 1008 4564 ioco
1025 4488 1226 4582 salsarum,
1247 4487 1310 4582 qui
1336 4495 1391 4562 est
1416 4509 1532 4564 unum
1559 4489 1798 4583 precipitium
1827 4488 1864 4562 in

694 4609 772 4704 ipso
792 4617 927 4686 monte.
945 4610 997 4683 Ex
1016 4609 1070 4682 bis
1087 4609 1301 4684 brevissime
1318 4609 1430 4683 babes
1446 4609 1605 4684 nobilem
1626 4610 1736 4685 situm
1755 4609 1868 4684 buius

757 4813 785 4876 ι’)
802 4819 856 4876 rto,
874 4815 921 4866 tibi
936 4817 1006 4880 quod
1023 4821 1100 4867 autur
1116 4816 1185 4867 dicat
1199 4825 1266 4866 Μ.
1361 4813 1389 4876 (⁸)
1405 4813 1436 4864 E.
1452 4813 1496 4864 itia
1511 4813 1562 4864 boo
1577 4813 1651 4875 uitio,
1666 4825 1754 4878 mam.

757 4891 785 4952 (¹)
801 4894 854 4951 tto,
871 4892 959 4956 piaret
976 4893 1003 4943 iu
1018 4893 1128 4944 insarno.
1363 4890 1390 4952 (⁸)
1406 4890 1437 4941 R
1454 4889 1505 4942 boo
1521 4891 1592 4944 vitio.

756 4967 783 5028 (¹)
800 4972 854 5029 111,
871 4967 904 5020 de
920 4969 1025 5022 Pavido.
1363 4967 1390 5030 (⁸)
1407 4966 1438 5018 li.
1455 4968 1583 5020 iombudt
1600 4970 1700 5030 dicum,
1715 4967 1767 5020 rto·

756 5041 783 5102 01
801 5047 853 5106 tto,
871 5043 1034 5096 trumentum
1049 5049 1176 5108 etapium
1192 5044 1225 5094 ad
1240 5042 1395 5094 iocandum.

755 5117 783 5180 ι’)
800 5119 825 5170 s.
841 5119 940 5172 Saum
955 5133 988 5172 ax
1003 5121 1101 5172 110.-
1111 5124 1165 5180 tto,
1182 5119 1279 5169 Sarum
1295 5131 1328 5170 ax
1344 5118 1390 5170 ΙΙΙο
1406 5119 1496 5172 latore.
