4566 6844
735 905 873 962 caurus
896 907 1110 964 rmousutus
1134 907 1295 962 ruamus.
1528 897 1598 964 tat

431 1050 568 1125 iactum
593 1051 804 1144 venationis,
830 1051 963 1146 diceus,
983 1053 1081 1146 quod
1098 1052 1168 1125 itlae
1184 1071 1294 1148 canes
1310 1057 1391 1147 post
1409 1051 1596 1126 modicum

430 1188 582 1244 cursum
607 1171 825 1247 videbantur
849 1173 1029 1269 attingere
1053 1173 1183 1267 lupum
1209 1178 1246 1246 ct
1271 1172 1427 1266 inpuros,
1444 1179 1483 1246 et
1506 1172 1597 1248 deu-

429 1289 524 1364 tibus
550 1293 724 1367 lacerare.
750 1292 842 1366 Dicit
866 1313 977 1389 ergo:
995 1297 1031 1366 to
1050 1295 1168 1385 padre
1182 1313 1202 1364 c
1217 1295 1231 1364 t
1244 1293 1332 1383 ficti,
1350 1292 1453 1386 idest,
1470 1311 1596 1368 comes

429 1415 466 1482 et
491 1409 564 1505 filii,
589 1413 638 1483 mi
658 1431 820 1502 pareone
844 1413 978 1484 stancdi
1000 1415 1038 1484 in
1057 1413 1185 1504 picciol
1202 1431 1318 1502 corso,
1337 1409 1386 1485 ita
1405 1411 1505 1505 quod
1521 1431 1597 1486 non

427 1529 644 1606 videbantur
669 1551 775 1626 posse
800 1531 958 1606 evadere
982 1531 1031 1607 ab
1056 1531 1109 1605 ira
1128 1550 1276 1624 canum,
1293 1531 1380 1624 quia
1403 1531 1441 1604 iu
1467 1531 1594 1626 paucis

427 1648 555 1723 diebus
580 1651 679 1725 iame
703 1650 908 1746 consumpti
933 1656 1030 1744 sunt,
1056 1671 1075 1722 e
1100 1652 1147 1723 mi
1168 1669 1283 1740 parea
1308 1652 1413 1723 aeder
1425 1652 1593 1743 fundali

424 1771 555 1861 tamti
578 1773 635 1843 lor
658 1792 724 1844 con
749 1774 780 1843 le
805 1777 903 1844 acute
926 1791 1044 1862 scone,
1064 1769 1155 1844 idest
1179 1769 1302 1844 sannis
1322 1769 1399 1844 sive
1423 1769 1593 1845 dentibus

425 1909 448 1964 a
473 1889 624 1964 canibus
648 1889 838 1984 praedictis.
866 1890 909 1962 Et
933 1889 991 1963 hic
1012 1895 1109 1982 nota,
1126 1888 1253 1982 lector,
1278 1887 1377 1981 quod
1403 1889 1432 1961 si
1460 1908 1593 1964 varum

426 2007 495 2082 init
518 2008 617 2103 quod
643 2029 767 2086 comes
799 2009 850 2082 sic
878 2008 1126 2102 somniaverit,
1156 2007 1323 2082 mirabile
1354 2009 1539 2082 somnium
1556 2001 1594 2101 (i)

424 2128 511 2222 iuit3
538 2129 568 2204 si
592 2149 667 2204 uon
692 2129 737 2202 sit
761 2149 906 2222 verum,
922 2129 1089 2222 pulcram
1116 2126 1300 2203 fictionem
1325 2128 1410 2202 iacit
1424 2119 1461 2220 (¹)
1481 2133 1592 2202 autor

423 2248 530 2324 valde
554 2248 830 2324 convenientem
857 2249 962 2323 iacto.
981 2250 1060 2322 Non
1085 2247 1184 2323 enim
1201 2268 1398 2342 possumus
1414 2247 1509 2322 scire
1525 2268 1590 2323 ve-

424 2367 569 2443 ritatem
595 2368 704 2443 huius
732 2369 827 2461 iacti,
853 2368 941 2462 quia
971 2388 1096 2443 comes
1129 2368 1291 2443 inclusus
1321 2369 1410 2442 nulii
1442 2369 1589 2444 locutus

423 2494 479 2562 est
502 2494 628 2583 postea
652 2494 690 2562 et
715 2495 885 2563 mortuus
910 2494 976 2563 ost
991 2527 1041 2544 —
1056 2491 1192 2576 οιιαηιῖ
1202 2491 1248 2560 io.
1267 2488 1332 2562 Hic
1351 2507 1477 2563 comes
1502 2509 1590 2563 nar-

424 2611 482 2680 rat
505 2607 627 2681 autori
657 2607 756 2682 aliud
785 2609 924 2682 malum
941 2598 979 2700 (⁸)
1008 2607 1167 2704 signum,
1199 2607 1298 2701 quod
1319 2597 1499 2682 'secutum
1535 2614 1591 2682 est

424 2731 504 2821 post
536 2725 734 2822 somnium,
761 2727 858 2822 quod
893 2727 1020 2802 habuit
1054 2726 1276 2803 confirmare
1310 2727 1481 2803 timorem
1506 2728 1586 2823 jam

421 2855 636 2942 conceptum
656 2867 702 2922 ex
719 2847 859 2923 visione
871 2835 921 2940 (⁴).
948 2847 1050 2922 Unde
1066 2845 1174 2922 dicit:
1199 2849 1322 2920 sentit
1343 2849 1422 2920 miei
1438 2849 1587 2938 finitimis·

419 2965 470 3036 cd'
482 2985 569 3039 eran
596 2987 704 3059 mccc,
724 2967 787 3060 qui
812 2965 1042 3042 dormiebant
1059 2966 1168 3040 simul
1186 2985 1335 3040 mecum
1352 2965 1412 3060 ibi,
1428 2969 1582 3058 manner

416 3093 474 3158 tra
491 3088 518 3158 ’i
538 3107 663 3179 sonno,
688 3109 708 3160 e
731 3089 924 3160 dtnmndar
948 3089 1005 3161 det
1023 3107 1131 3179 parm,
1155 3085 1203 3160 de
1228 3105 1303 3180 quo
1319 3076 1355 3177 (⁵)
1377 3105 1450 3160 non
1474 3093 1582 3161 erant

415 3204 571 3299 amplius
596 3205 807 3299 omerus,
833 3208 1009 3297 quamn
1031 3207 1085 3299 nt
1107 3189 1203 3278 aisn
1219 3207 1343 3278 mnas
1364 3208 1401 3277 u
1426 3209 1580 3298 umam,

414 3323 517 3415 idest,
533 3343 622 3399 cum
642 3325 870 3422 evigilassem
897 3326 988 3402 hora
1010 3324 1201 3418 matutina,
1217 3344 1291 3418 qua
1309 3313 1347 3416 (⁶)
1365 3325 1483 3400 soient
1503 3325 1584 3400 fieri

414 3443 555 3520 somnia
581 3445 697 3541 magis
721 3465 823 3538 vcra,
849 3444 942 3519 sicut
968 3444 1078 3519 modo
1102 3443 1198 3518 istud
1223 3443 1407 3518 somnium
1439 3445 1498 3519 vei
1529 3446 1586 3520 ia-

414 3567 516 3637 ctum
543 3565 601 3640 vei
627 3563 753 3638 fictum
779 3563 886 3637 nimis
911 3584 1044 3638 verum
1062 3563 1140 3636 fuit
1158 3563 1203 3637 itt
1224 3561 1431 3637 intermittit
1455 3584 1587 3640 narra·

416 3683 553 3759 tionem
577 3703 654 3779 prae
691 3684 805 3759 nimio
842 3684 980 3778 dolore,
1012 3689 1050 3759 et
1086 3683 1214 3757 invitat
1238 3688 1408 3759 autorem
1434 3683 1482 3758 ad
1507 3685 1585 3780 pie·

414 3809 540 3897 tatem,
570 3803 715 3878 diceus:
749 3805 814 3876 den
846 3807 893 3876 se'
914 3807 1047 3895 model,
1081 3825 1118 3876 sc
1153 3810 1190 3876 tu
1222 3792 1285 3893 nrt
1317 3823 1390 3874 non
1418 3805 1444 3876 a·
1474 3805 1584 3894 dccli,

413 3927 611 4015 antequam
636 3921 793 3996 ulterius
818 3921 1015 4014 procedam
1033 3921 1069 3994 in
1091 3921 1312 4012 narratione,
1327 3923 1510 4012 mondo
1527 3914 1582 3995 n'd

412 4043 473 4114 cde
488 4043 514 4114 't
542 4043 612 4114 mio
641 4061 705 4114 cor
734 4044 1001 4134 s'onunziaoa5
1032 4041 1181 4136 optabat
1211 4040 1308 4114 enim
1341 4040 1530 4114 absorberi
1557 4061 1580 4115 a

413 4168 512 4236 terra
537 4167 737 4256 antequam
762 4160 903 4236 videret
932 4165 1072 4235 mutam
1102 4160 1377 4254 crudelitatem
1403 4166 1441 4234 et
1466 4159 1576 4236 dicit:

410 4303 429 4354 e
452 4303 491 4354 se
508 4301 581 4354 oon
594 4283 733 4373 piandi,
751 4283 789 4353 dt
806 4283 866 4353 cde
879 4284 1031 4373 piunoer
1052 4283 1168 4354 ruod?
1183 4279 1288 4374 quasi
1304 4279 1416 4355 dicat:
1435 4280 1523 4354 alias
1535 4269 1572 4372 (⁷)

410 4401 546 4477 dolebis
571 4401 629 4476 vel
654 4399 811 4476 doluisti.
824 4441 874 4456 -
889 4391 965 4473 did.
984 4401 1048 4474 ilic
1064 4420 1190 4476 nomm
1209 4400 1408 4475 revertitur
1424 4399 1472 4474 ad
1488 4421 1577 4475 uar-

410 4521 602 4616 rationem,
621 4525 658 4596 ct
682 4526 809 4595 namot
825 4518 977 4595 modum
997 4519 1125 4595 mortis
1141 4519 1299 4596 crudelis
1315 4520 1494 4616 ipsorum,
1511 4520 1575 4614 qui

410 4661 484 4714 non
501 4645 581 4716 crat
598 4650 706 4718 notus
722 4640 855 4734 autori,
869 4639 963 4714 sicut
978 4638 1198 4736 promiserat
1209 4659 1250 4716 se
1262 4639 1458 4716 dicturum.
1473 4639 1576 4716 Unde

469 4865 545 4930 (¹213.
561 4867 691 4918 munium
707 4867 872 4917 solummodo
888 4866 945 4918 init.
1013 4864 1041 4928 (¹)
1058 4871 1104 4919 itt
1120 4880 1135 4918 a
1151 4869 1182 4918 B.
1199 4869 1268 4919 tacit.
1355 4866 1382 4929 (¹)
1398 4867 1429 4916 R
1445 4880 1576 4930 maguum.

469 4943 498 5006 (⁸)
514 4943 544 4993 Ε
563 4942 661 4993 ’ΝΟΜ
678 4942 808 5016 ΡηᾶΙφῑΙ·
1013 4941 1577 5007 (⁸)s.013.quonnnqmamtnmpttun

471 5018 499 5083 Ρ)
514 5019 546 5070 E·
561 5018 673 5082 timii·
1013 5015 1041 5078 (¹)
1057 5021 1102 5069 tta
1118 5031 1133 5068 a
1149 5019 1180 5069 lt.
1195 5032 1327 5084 nunquam
1342 5017 1414 5068 aliu.

539 5125 569 5170 Π.
1413 5121 1440 5166 u
