4580 6844
721 962 794 1030 352
1120 971 1324 1030 ὓθΜΕΝΤΠΜ
1348 975 1500 1030 mmm

798 1108 865 1194 Gid
891 1121 1026 1211 coppo.
1052 1121 1122 1195 lsta
1147 1127 1203 1194 est
1232 1119 1396 1196 secunda
1427 1139 1511 1216 pars
1534 1119 1730 1217 generalis,
1755 1117 1793 1194 in
1818 1139 1895 1214 qua

721 1243 832 1313 autor
856 1237 1028 1313 describit
1052 1238 1089 1312 in
1113 1239 1259 1334 speciali
1287 1257 1403 1312 unum
1429 1239 1625 1334 antiquum
1646 1237 1894 1314 scismaticum

722 1357 1006 1434 famosissimum
1031 1363 1070 1434 et
1092 1358 1207 1433 aliurn
1231 1359 1452 1434 modernum
1475 1359 1696 1434 imitatorem
1723 1359 1815 1434 eius.
1841 1357 1896 1433 Ad

722 1476 967 1575 cognitionem
993 1477 1113 1573 primi,
1130 1477 1297 1552 omnium
1315 1479 1473 1574 pessimi,
1494 1484 1639 1574 oportet
1656 1477 1775 1572 primo
1801 1479 1897 1554 scire

723 1596 822 1692 quod
839 1597 936 1672 circa
952 1617 1068 1672 annos
1087 1596 1230 1672 Domini
1251 1605 1443 1674 sexcentos
1462 1599 1713 1674 macometbus
1729 1598 1841 1673 salsus
1854 1591 1894 1690 (⁴)

722 1718 900 1813 propbeta
936 1736 1200 1792 saracenorum
1238 1718 1410 1812 surrexit,
1448 1717 1513 1813 qui
1550 1739 1573 1792 a
1610 1716 1682 1794 fldc
1717 1717 1903 1794 catholica·

722 1839 859 1912 multos
883 1837 1016 1912 avertit
1030 1828 1080 1932 θ),
1110 1843 1147 1912 et
1177 1836 1286 1912 fldem
1316 1837 1453 1912 ioedarn
1483 1837 1731 1914 disseminavit
1761 1843 1893 1914 astute

721 1956 814 2031 Nam
850 1955 999 2050 puidam
1035 1975 1213 2031 monacus
1244 1957 1393 2031 nomine
1424 1955 1585 2053 Sergius,
1616 1963 1659 2030 ut
1693 1955 1822 2051 fertur,
1856 1957 1894 2031 in

721 2095 890 2151 errorem
916 2075 1070 2150 Nestorii
1090 2074 1261 2169 incidens,
1279 2076 1453 2170 expulsus
1469 2066 1505 2167 (³)
1533 2097 1557 2150 a
1581 2076 1746 2152 monacis
1770 2076 1895 2151 iratri-

720 2195 790 2270 bus
815 2195 915 2271 venit
940 2195 976 2270 in
1000 2195 1185 2290 Arabiam,
1214 2205 1253 2272 et
1281 2193 1472 2271 adhaerens
1507 2196 1739 2272 Mummetbo
1769 2196 1894 2272 docuit

720 2315 842 2410 ipsum
867 2315 974 2410 plura
997 2314 1045 2389 de
1071 2315 1185 2390 veteri
1211 2320 1249 2390 et
1273 2334 1371 2390 novo
1395 2321 1627 2391 testamento.
1645 2317 1895 2392 biaoomethus

723 2434 902 2530 siquidem
928 2440 1033 2529 patre
1057 2434 1210 2509 orbatus
1235 2434 1411 2510 remansit
1435 2435 1594 2530 pupillus
1611 2442 1648 2510 et
1665 2455 1806 2532 pauper
1825 2437 1895 2512 sub

723 2555 837 2629 tutela
863 2560 901 2629 et
924 2552 1089 2628 custodia
1113 2553 1234 2649 patrui
1255 2553 1325 2647 sni,
1350 2555 1664 2648 quemadmodum
1691 2555 1766 2652 ipse
1783 2563 1896 2632 tasta-

725 2674 849 2749 turin
874 2672 1054 2748 bicorano
1078 2693 1148 2747 suo
1173 2672 1284 2747 deum
1311 2673 1443 2748 dixisse
1468 2653 1558 2748 sibi':
1584 2675 1777 2769 Orphanus
1799 2674 1897 2749 suisti

725 2799 764 2868 et
787 2791 931 2886 suscepi
955 2799 1012 2886 te;
1037 2783 1178 2888 pauper
1195 2813 1277 2868 eras
1294 2799 1331 2866 et
1347 2793 1565 2888 locupletari
1583 2800 1630 2868 te.
1648 2795 1897 2870 Macometbus

725 2913 850 3007 itaque
874 2917 1042 2987 armatus
1066 2910 1222 2987 naturali
1249 2912 1382 2988 astutia
1403 2918 1441 2987 et
1461 2911 1610 2988 scientia
1627 2914 1895 3008 scripturarum

725 3031 893 3129 prorupit
917 3032 955 3106 iu
979 3037 1119 3107 tantam
1144 3030 1337 3107 audaciam
1355 3031 1455 3126 quod
1472 3031 1636 3127 concepit
1651 3032 1816 3126 arripere
1833 3051 1894 3107 re·

722 3172 839 3250 gnum
864 3151 1032 3226 arabum.
1059 3149 1130 3226 Sed
1155 3171 1242 3226 cum
1268 3150 1409 3228 videret
1433 3172 1474 3226 se
1490 3151 1727 3248 impotentem
1744 3152 1791 3227 ad
1811 3159 1894 3226 tan-

724 3277 803 3346 tum
829 3291 935 3367 opus,
965 3269 1140 3346 confinxit
1172 3270 1262 3345 salso
1293 3291 1334 3347 se
1366 3271 1447 3346 iore
1478 3273 1706 3367 prophetam,
1733 3277 1776 3344 ut
1800 3291 1897 3365 quos

723 3413 797 3467 non
817 3397 938 3487 posset
955 3389 1095 3465 viribus
1119 3390 1311 3485 subiicere,
1329 3391 1400 3466 sub
1420 3389 1509 3466 ialsa
1527 3391 1704 3488 reiigione
1719 3387 1892 3467 alliceret

722 3510 839 3606 igitur
864 3509 1037 3585 utebatur
1067 3508 1217 3583 oonsilio
1249 3509 1376 3605 Sergii,
1407 3530 1520 3604 quem
1550 3510 1649 3607 apud
1681 3531 1722 3586 se
1747 3511 1897 3588 tenebat

723 3627 878 3722 occulte,
904 3647 1071 3702 asserens
1102 3646 1142 3702 se
1173 3626 1226 3700 uti
1252 3616 1289 3720 (⁸)
1323 3629 1505 3724 colloquio
1529 3628 1707 3705 Gabrielis
1730 3628 1895 3704 Archan-
1947 3671 1950 3678 <

723 3747 807 3846 geli,
833 3753 871 3822 et
894 3746 1005 3822 variis
1030 3747 1170 3822 artibus
1194 3747 1330 3843 ingenii
1361 3747 1519 3823 obtinuit
1548 3749 1791 3845 principatum
1818 3769 1896 3824 sum

722 3867 864 3967 gentis;
891 3866 1050 3965 fingebat
1064 3858 1101 3960 (⁵)
1126 3887 1167 3943 se
1191 3868 1405 3962 frequenter
1430 3889 1608 3965 narrare3
1629 3870 1804 3945 utebatur
1828 3871 1895 3946 ba·

723 3989 801 4066 bitu
826 3987 1017 4064 monacali.
1044 3988 1089 4066 Et
1113 3988 1199 4083 quia
1219 3987 1334 4083 judaei
1363 3995 1469 4064 erant
1493 4009 1623 4064 versus
1654 3989 1892 4084 occidentem,

721 4108 907 4185 cbn'stiani
934 4127 1064 4184 versus
1094 4109 1289 4204 orientem,
1315 4108 1439 4184 docuit
1466 4109 1600 4185 arabes
1631 4129 1741 4185 orare
1766 4131 1895 4186 versus

722 4230 926 4326 meridiem,
952 4232 1049 4326 quod
1074 4232 1194 4308 adbuc
1228 4230 1335 4308 bodie
1366 4239 1540 4328 servant3
1566 4243 1605 4309 et
1634 4240 1782 4309 orantes
1806 4253 1895 4308 cou-

720 4350 871 4427 fitentur
905 4371 1022 4425 unum
1052 4351 1173 4427 Deum
1207 4351 1285 4426 sine
1316 4353 1494 4447 compari,
1529 4354 1589 4428 rei
1621 4353 1891 4428 Macometbum

779 4539 807 4600 ι’)
824 4538 855 4588 Ε.
872 4537 922 4588 iuti
938 4535 1019 4587 salsus
1035 4538 1160 4601 propbeta
1170 4538 1582 4600 saracenorum32ubtraxitenim
1594 4553 1609 4589 a
1621 4537 1671 4588 tide
1682 4538 1810 4589 catholica
1820 4539 1894 4590 mui-

719 4619 760 4664 tos
774 4615 970 4752 eet'asvcrotmtt·
982 4611 1059 4664 fldem
1075 4627 1150 4664 snam
1165 4619 1249 4666 astuta
1264 4615 1452 4680 dinaminari13
1468 4629 1537 4668 narn.

782 4766 809 4829 ι’)
825 4766 856 4817 R.
871 4767 993 4830 expulsus
1004 4781 1018 4817 r
1029 4765 1152 4818 iratribus
1161 4769 1318 4819 monasterio
1329 4769 1434 4820 venitin
1445 4767 1569 4820 Arabiam
1581 4769 1715 4820 adherens
1726 4767 1894 4821 Macomeibo

721 4847 748 4894 οι
764 4843 860 4986 Ἢ
874 4841 1038 4976 :mutuo
1052 4923 1178 4976 Gabrielis
1193 4922 1367 4990 Arabanpaiiz
1381 4927 1410 4976 et
1426 4925 1528 4976 undam
1545 4925 1586 4976 bis
1600 4924 1736 4976 fraudibus
1750 4925 1778 4974 st
1792 4922 1879 4974 variis.

783 4999 811 5063 (⁸)
827 5000 858 5051 li.
874 4998 985 5065 uagom
1004 5001 1076 5053 eninr
1096 5013 1124 5052 re
1145 5000 1296 5067 ircpnantor
1311 5015 1405 5066 oram
1421 5002 1544 5054 dicutur
1558 5006 1586 5054 at
1601 5001 1691 5054 babitu
1707 5001 1851 5062 mourmbr
1867 5003 1894 5050 et

720 5077 782 5142 ‘1⁰¹⁸
798 5075 890 5140 ΜΜΙ
901 5075 991 5142 iudai.
