4526 6836
773 975 911 1034 ssssl'l'llfl
935 976 1139 1034 tremamus.
1491 968 1537 1034 65

369 1121 546 1218 suspensi,
571 1127 609 1197 et
633 1141 827 1218 suspensos
851 1130 977 1200 tenent
1005 1121 1149 1197 animos
1173 1119 1344 1214 auorum,
1375 1130 1414 1198 et
1444 1121 1539 1198 istud

367 1245 423 1317 est
447 1261 595 1336 semper
619 1241 746 1318 virere
770 1241 807 1316 in
832 1241 1036 1336 auximate3
1062 1240 1148 1316 dicit
1173 1261 1295 1314 unns:
1319 1239 1350 1330 si
1374 1239 1484 1316 iveris
1502 1241 1538 1318 in

366 1361 504 1436 bellum
541 1361 603 1462 tali
638 1363 741 1456 hora,
778 1361 969 1438 victoriam
1008 1361 1229 1457 reportabis3
1263 1361 1292 1454 si
1331 1362 1369 1437 iu
1402 1362 1536 1456 lorum,

365 1480 556 1575 damnum,
575 1479 682 1556 etita
705 1480 753 1556 de
777 1479 923 1556 induitis
937 1474 974 1572 (¹)
993 1481 1245 1557 observantiis.
1264 1481 1406 1557 Habent
1429 1482 1537 1557 iacies

365 1607 604 1694 transversas,
625 1599 712 1694 qnia
733 1599 860 1675 volunt
877 1601 1002 1676 videre
1020 1620 1043 1675 a
1061 1601 1181 1697 longe,
1199 1606 1237 1674 et
1252 1601 1461 1697 prospicere
1478 1601 1537 1677 lu-

366 1727 463 1815 tura,
487 1739 648 1814 qnorum
675 1727 830 1796 eventus
845 1730 901 1797 est
917 1721 1098 1816 incertns3
1115 1719 1178 1796 sed
1191 1720 1441 1816 iustoiudicio
1457 1722 1535 1811 Dei,

365 1838 430 1933 qui
446 1838 544 1914 solus
561 1839 663 1914 norit
682 1831 718 1931 (¹)
738 1860 822 1934 quae
838 1840 963 1914 lutura
980 1847 1078 1934 sunt,
1095 1841 1218 1916 vident
1234 1839 1299 1915 sibi
1318 1852 1429 1935 retro,
1448 1841 1535 1935 quia

367 1957 613 2034 communitor
638 1957 817 2052 videmos,
834 1958 932 2053 quod
954 1959 1011 2034 isti
1030 1959 1251 2036 divinatores
1268 1960 1304 2034 in
1322 1961 1429 2036 lactis·
1448 1961 1535 2056 pro·

366 2077 452 2172 priis
476 2097 622 2173 semper
645 2085 733 2176 sunt
757 2079 844 2152 ceci
870 2085 907 2154 et
932 2077 1154 2173 infortunati,
1172 2088 1210 2154 ct
1231 2099 1377 2175 semper
1396 2080 1534 2155 radunt

367 2209 466 2274 retro
494 2203 533 2272 et
559 2189 596 2290 (³)
624 2197 857 2293 retrograde3
888 2197 986 2272 unde
1014 2205 1100 2272 sunt
1132 2199 1268 2274 slmiles
1297 2199 1424 2294 simite,
1450 2219 1534 2294 quae

364 2323 502 2412 quanto
528 2317 646 2414 magis
670 2317 832 2412 procedit
852 2317 1006 2392 ulterius
1026 2319 1142 2415 magis
1158 2319 1314 2396 ostendit
1331 2321 1478 2414 cnlum;
1497 2327 1533 2394 et

362 2441 518 2535 plorant,
542 2438 678 2514 scilicet
703 2457 834 2512 eorum
860 2437 992 2512 damna
1020 2448 1058 2515 et
1080 2439 1290 2534 intortunia,
1320 2439 1407 2533 quia
1436 2459 1533 2534 saepe

362 2559 517 2636 veniunt
540 2559 587 2634 ad
614 2577 784 2654 magnam
813 2557 1009 2633 miseriam.
1036 2557 1138 2633 Unde
1162 2579 1235 2633 non
1260 2565 1316 2634 est
1344 2559 1408 2633 diu
1433 2560 1532 2654 quod

360 2679 433 2754 vidi
453 2679 635 2752 famosum
653 2677 879 2774 astrologum
898 2677 942 2750 in
959 2681 1060 2753 tanta
1077 2678 1322 2773 extremitate,
1339 2679 1437 2772 quod
1455 2699 1528 2754 non

360 2797 519 2874 audebat
543 2815 731 2892 apparere,
757 2803 794 2872 et
825 2796 971 2870 eratin
1004 2817 1091 2872 casu
1121 2797 1394 2893 desperationis.
1424 2800 1529 2874 Nunc

359 2917 406 2992 ad
431 2917 591 2992 literam:
621 2924 730 2992 autor
754 2915 874 3012 primo
899 2915 1014 3012 tangit
1046 2915 1314 3011 dispositionem
1345 2938 1450 2992 suam
1483 2919 1529 2994 ad

359 3034 642 3132 speculationem
663 3035 850 3130 presentis
870 3035 1044 3128 moteriae,
1061 3035 1205 3110 dicens:
1231 3042 1351 3111 locro
1367 3029 1429 3128 piri
1447 3045 1530 3112 totto

359 3163 489 3250 poento
512 3158 680 3249 dispecto
705 3175 791 3230 oum
816 3155 925 3230 oculo
950 3155 1195 3249 intellectuali,
1221 3177 1245 3228 o
1269 3159 1467 3247 ripnnrdnr
1487 3179 1530 3233 nc

359 3279 526 3373 tosoudo
550 3282 718 3370 ruoperto.
745 3276 821 3350 lloc
846 3295 912 3370 pro
937 3281 1038 3350 tauto
1063 3273 1159 3370 dicit,
1185 3276 1272 3370 quia
1288 3277 1475 3354 simoniaci
1493 3279 1528 3353 in

358 3398 465 3472 tertia
497 3396 620 3492 belgia
649 3401 736 3470 sunt
768 3393 931 3490 cooperti
959 3395 1029 3469 sub
1059 3406 1169 3489 terra,
1198 3403 1235 3470 et
1258 3397 1468 3473 adulatores
1492 3397 1530 3472 in

356 3517 517 3594 secunda
542 3515 666 3612 bulgio
692 3521 777 3590 sunt
802 3514 962 3610 cooperti
987 3514 1058 3588 sub
1087 3521 1270 3612 stercore3
1295 3517 1360 3592 sed
1388 3517 1528 3594 divina-

358 3643 455 3714 toros
479 3635 581 3711 ibant
605 3642 825 3731 apparenter
842 3654 908 3729 per
925 3633 1078 3709 laudum
1101 3635 1212 3730 ipsius
1228 3637 1340 3710 vallis.
1358 3638 1403 3710 Et
1418 3637 1525 3713 dicit:

355 3759 414 3831 clu
429 3777 467 3830 sc
483 3756 648 3848 capuam
665 3755 700 3828 d
709 3757 915 3846 oupmuoro
936 3757 1073 3847 picoto,
1098 3754 1233 3830 scilicet
1253 3756 1423 3852 lacrymis
1448 3757 1528 3834 illo-

355 3897 440 3950 rum
465 3875 688 3971 plorantium
703 3873 932 3971 angustiose3
949 3879 988 3949 et
1004 3873 1120 3971 tangit
1135 3875 1356 3970 propositam
1377 3897 1523 3972 poenam

353 3995 500 4070 dicem:
532 4017 552 4068 c
584 3997 656 4070 cidi
690 4001 790 4086 pente
820 3995 920 4068 meir
949 3995 1108 4084 mecedo,
1138 3993 1226 4087 quia
1263 4015 1409 4090 semper
1439 4004 1526 4071 sunt

353 4115 539 4209 abstracti,
563 4137 582 4188 e
605 4117 845 4206 lominum,
862 4113 949 4207 quia
971 4132 1117 4207 semper
1136 4119 1222 4186 sunt
1238 4112 1470 4209 infortunati3
1488 4123 1524 4190 et

351 4233 536 4330 specificat
559 4235 710 4310 modum
736 4230 955 4329 procedendi
986 4229 1142 4306 istorum
1167 4219 1205 4324 (⁴)
1236 4251 1302 4327 per
1329 4253 1524 4328 compara-

352 4355 488 4432 tionem
515 4356 666 4448 claram,
691 4353 838 4430 dicens:
864 4356 904 4427 ot
920 4371 1045 4446 passo,
1071 4351 1162 4426 idest
1186 4351 1233 4427 ad
1252 4351 1522 4429 similitudinem

352 4477 447 4552 illius
472 4496 600 4571 passus
625 4475 733 4571 plani,
757 4475 818 4547 cic
840 4477 953 4568 (mmo
977 4475 1009 4546 tc
1036 4475 1148 4546 lctoru
1170 4474 1209 4546 io
1233 4480 1351 4565 questo
1380 4477 1524 4567 mondo,

351 4595 443 4672 idest
467 4595 516 4670 illi
542 4595 605 4691 qni
632 4595 771 4670 radunt
796 4594 832 4668 in
860 4591 1102 4689 processione.
1136 4594 1181 4666 Et
1214 4600 1270 4669 est
1298 4597 1524 4690 comparatio

350 4716 514 4812 propria;
540 4716 602 4810 qui
629 4715 727 4790 enim
748 4713 889 4790 vadunt
912 4713 950 4787 in
975 4711 1116 4790 letaniis
1132 4714 1323 4790 ambulant
1340 4713 1448 4807 lente,
1467 4723 1524 4792 ta-

411 5015 479 5078 (¹18.
495 5017 594 5069 maltis.
968 5014 996 5076 ε’)
1012 5015 1044 5066 B.
1058 5016 1131 5067 norit
1147 5015 1244 5077 intare,
1260 5016 1349 5069 rident
1364 5019 1410 5070 ailtl
1425 5024 1477 5072 etr.

411 5090 438 5154 (Ἴ
454 5092 486 5145 Β.
501 5095 529 5144 et
543 5097 603 5146 tunt
618 5093 780 5159 reimundi:
795 5092 873 5144 node.
970 5090 997 5152 θ)
1013 5095 1068 5152 tto,
1084 5091 1291 5155 ipsoram-E.
1305 5092 1424 5146 illorum.

481 5199 513 5245 ll.
1368 5204 1382 5246 ⁵
