4544 6834
702 999 840 1056 caurus
864 1000 1056 1056 nausimus
1080 999 1262 1054 snrrluus.
1502 985 1572 1052 aot

403 1142 470 1218 oia.
496 1143 585 1216 Erat
611 1153 734 1220 tamen
760 1145 878 1240 impar
903 1144 1162 1242 rapacitatibus
1183 1141 1509 1238 romandiolorum‚
1532 1149 1575 1218 ut

403 1260 565 1356 eriperet
586 1263 863 1338 Romandiolam
889 1263 936 1340 de
961 1262 1147 1361 unguibus
1169 1261 1313 1338 comitis
1328 1261 1503 1337 Gnidonis
1527 1262 1574 1337 de

402 1380 641 1475 Monteieitro‚
659 1382 722 1475 qui
743 1387 832 1456 tune
857 1389 938 1458 erat
962 1383 1013 1458 ibi
1037 1382 1140 1459 tortis
1164 1389 1202 1458 et
1223 1392 1352 1477 potens
1377 1401 1445 1477 pro
1469 1387 1574 1477 parte

402 1499 608 1596 ghibellina.
635 1500 700 1575 liic
725 1519 815 1598 ergo
841 1502 1023 1578 lohannes
1048 1521 1135 1576 cum
1166 1501 1277 1577 nobili
1303 1501 1468 1579 exercitu
1493 1501 1574 1599 gal·-

403 1619 527 1694 torum
552 1626 590 1694 et
614 1619 820 1696 italicorum
846 1621 1033 1717 ingressus
1058 1620 1294 1718 provinciam,
1319 1621 1439 1715 primo
1469 1641 1573 1698 rece-

403 1737 455 1833 pit
469 1731 509 1830 (¹)
536 1739 747 1814 Faventiam
772 1740 894 1815 datam
921 1740 999 1834 sibi,
1026 1747 1064 1814 et
1093 1739 1142 1814 ibi
1167 1759 1312 1814 moram
1345 1740 1492 1836 iaciens,
1517 1741 1574 1816 ia-

404 1856 524 1932 ciebat
546 1877 634 1934 acre
658 1859 797 1933 beilum
823 1866 952 1934 contra
976 1858 1189 1952 Forlivium,
1207 1865 1245 1935 et
1264 1859 1416 1934 eredidit
1435 1860 1574 1936 babere

405 1977 588 2056 civitatem
613 1998 680 2073 per
699 1979 954 2074 proditionem,
971 1999 1084 2074 quam
1103 1999 1176 2054 non
1192 1984 1337 2075 poterat
1353 1979 1490 2054 habere
1507 1999 1574 2076 per

404 2097 641 2172 obsidionem.
668 2099 781 2174 Cuius
805 2105 1002 2175 tractatum
1020 2098 1202 2174 ordinavit
1217 2117 1343 2173 comes
1362 2098 1492 2194 Guido,
1510 2098 1573 2193 qui

404 2216 636 2292 acutissimus
652 2210 689 2309 (¹)
714 2218 809 2293 bene
833 2218 1077 2314 cognoscebat
1106 2218 1351 2295 temeritatem
1377 2219 1573 2314 gallorum.

404 2336 461 2430 Et,
479 2343 522 2411 ut
543 2336 707 2413 breviter
722 2338 854 2433 dicam,
872 2339 1054 2414 iohannes
1075 2335 1236 2413 kalendis
1253 2337 1340 2412 maii
1357 2359 1445 2413 cum
1464 2347 1574 2435 gente

405 2479 474 2534 sua
498 2458 599 2537 venit
622 2456 822 2534 Fertinium
847 2458 893 2534 de
918 2477 1028 2534 mane
1044 2459 1259 2554 tempestive
1275 2464 1362 2534 ante
1378 2457 1475 2533 diem
1493 2479 1575 2534 ore-

406 2577 496 2654 dens
520 2577 658 2652 habere
683 2575 819 2674 ipsumt
845 2585 883 2656 ct
906 2578 1003 2654 sicut
1027 2585 1107 2654 eret
1132 2577 1342 2652 ordinatum
1367 2597 1434 2672 per
1458 2579 1575 2654 eomi-

405 2702 482 2772 tem
511 2694 728 2790 eddonem,
754 2696 821 2771 tuit
853 2697 960 2772 datus
995 2697 1062 2772 sibi
1096 2696 1266 2772 introitus
1298 2697 1410 2772 unius
1445 2705 1572 2793 portae.

260 2801 262 2807 ’
405 2815 588 2890 iohannes
611 2813 724 2911 igitur
747 2815 895 2892 intravit
919 2837 1005 2892 eum
1031 2823 1136 2912 parte
1163 2837 1241 2892 suae
1268 2816 1399 2913 gentis,
1424 2823 1463 2892 et
1486 2836 1574 2913 par·-

406 2940 481 3008 tem
506 2933 640 3008 dimisit
664 2940 781 3029 extra,
806 2935 893 3010 dato
917 2935 1057 3030 ordine,
1083 2935 1182 3029 quod
1207 2935 1237 3010 si
1262 2935 1462 3030 expediret,
1487 2955 1574 3010 suc-

405 3061 599 3130 currerent
616 3053 806 3149 ingressie;
833 3061 870 3130 et
887 3054 917 3129 si
934 3075 1041 3130 casus
1063 3054 1241 3131 adversus
1256 3055 1449 3148 recideret,
1467 3075 1574 3130 man·-

407 3173 516 3266 davit,
541 3172 641 3267 quod
654 3163 693 3265 (³)
718 3192 847 3249 omnes
872 3174 1170 3269 glomerarentur
1195 3173 1232 3248 in
1256 3173 1418 3267 quodam
1443 3193 1575 3269 campo

405 3291 476 3366 sub
501 3292 635 3368 umbra
666 3292 777 3368 unius
802 3311 948 3388 magnae
972 3311 1144 3386 quercus.
1166 3290 1301 3367 Ordine
1325 3291 1422 3386 dato,
1448 3312 1574 3368 comes
1655 3327 1660 3338 ·

405 3411 590 3485 lohannes
627 3430 714 3484 cum
753 3410 887 3486 francis
928 3410 1111 3506 percurrit
1147 3410 1332 3486 civitatem
1370 3411 1448 3486 sine
1484 3411 1576 3486 resi-

405 3529 546 3606 stentia.
578 3529 709 3606 Comes
738 3537 865 3606 autem
897 3529 1027 3625 Guidd,
1055 3530 1223 3606 conscius
1255 3529 1350 3624 iacti,
1381 3550 1468 3606 cum
1498 3535 1574 3606 tote

403 3657 514 3746 gente
544 3671 612 3726 sua
638 3650 750 3726 crivit
780 3650 977 3745 civitatem,
1008 3655 1045 3726 et
1076 3650 1207 3726 invasit
1234 3650 1401 3728 animose
1431 3650 1510 3726 illos
1523 3639 1574 3744 (⁸),

403 3768 468 3863 qui
493 3775 600 3844 erant
623 3768 693 3843 sub
718 3789 871 3865 quercu,
907 3776 944 3845 et
975 3769 1126 3846 faciliter
1156 3768 1258 3845 indit
1290 3771 1483 3864 iohannes,
1511 3769 1574 3863 qui

403 3887 605 3963 intraverat
632 3887 844 3984 Forlivium,
874 3888 1028 3964 eredens
1061 3907 1142 3964 etse
1170 3887 1353 3983 dominus,
1382 3887 1576 3983 diripiebat

403 4005 550 4080 interim
588 4005 772 4082 civitatem
810 4013 848 4082 et
886 3995 1018 4081 milites
1044 3998 1081 4097 (⁵)
1114 4005 1341 4100 occupabant
1372 4005 1439 4080 eibi
1472 4006 1575 4100 quie·

404 4144 517 4218 quam
555 4123 746 4200 domicilia.
784 4126 829 4199 Et
865 4124 1040 4199 continuo
1075 4142 1200 4199 comeo
1230 4123 1350 4198 Guido
1385 4123 1576 4199 reintravit

404 4243 617 4338 Forlivium,
650 4243 796 4320 dimissa
825 4233 980 4339 partc(⁶)
1013 4263 1081 4321 sua
1114 4249 1152 4319 et
1180 4250 1291 4340 gente
1321 4242 1575 4340 pedestrium

405 4383 559 4459 quercu,
584 4362 775 4438 turmatim
799 4361 1015 4459 conglobata
1032 4351 1069 4455 ζ’)
1096 4382 1142 4438 ea
1168 4362 1298 4457 torma,
1324 4383 1399 4457 qua
1424 4369 1577 4440 steterat

404 4483 525 4578 primo
539 4472 575 4576 (⁸)
608 4501 700 4579 gens
734 4482 957 4558 franeorum.
993 4482 1095 4557 Tunc
1128 4501 1254 4557 comes
1284 4483 1478 4578 tohannes,
1511 4484 1582 4579 qui·

405 4603 577 4679 credebat
608 4603 722 4678 libere
753 4601 891 4678 habere
922 4601 1117 4697 civitatem,
1152 4601 1236 4677 visis
1267 4601 1443 4698 hostsstus,
1476 4609 1575 4678 totus

466 4790 493 4849 (¹)
509 4787 535 4839 S.
551 4791 628 4852 cepit.
960 4785 988 4850 t')
1005 4788 1036 4838 Β.
1052 4789 1230 4840 astutissimus.

466 4863 493 4924 Γ)
509 4867 565 4924 tit,
581 4868 611 4913 ut
626 4875 725 4916 omnen.
958 4863 987 4927 (¹)
1004 4866 1057 4923 ue,
1073 4865 1225 4930 omnesqui
1241 4871 1330 4917 erent:

465 4939 493 5000 ι’]
508 4938 540 4990 lt.
555 4943 582 4990 et
597 4939 693 4989 militen
707 4937 883 4992 didundebunt
899 4953 926 4990 ne
942 4953 990 5004 per
1005 4939 1143 4991 domicilia.

465 5015 493 5080 ι’)
511 5020 587 5067 tite
604 5015 635 5066 lt.
652 5028 699 5068 ena
714 5021 788 5081 prro
804 5015 902 5068 militia
917 5020 945 5067 et
961 5021 1045 5080 gente.

465 5093 493 5158 u
507 5092 540 5144 R
555 5093 707 5158 timi&
955 5091 981 5154 ct
999 5092 1030 5144 B·
1046 5092 1130 5155 irim
1145 5103 1216 5156 tm·
