4526 6836
795 887 936 946 CAM'U!
961 887 1163 944 nummus.
1515 881 1561 949 87

391 1044 513 1114 essent
546 1034 758 1133 cougregati
791 1034 890 1131 apud
920 1034 1098 1109 Aulidem·
1117 1033 1286 1129 insulam,
1312 1035 1379 1110 iste
1404 1035 1472 1110 fuit
1497 1025 1566 1132 qni'

389 1157 510 1255 primo
542 1156 641 1232 dedit
670 1155 817 1251 signum
844 1153 1025 1230 movendi.
1052 1154 1157 1228 Nunc
1192 1153 1239 1228 ad
1273 1154 1442 1230 literam:
1477 1156 1564 1231 dicit

388 1287 516 1356 autor:
543 1277 604 1352 ille
629 1275 811 1372 Virgilius,
836 1277 918 1348 olor
941 1277 991 1348 mi
1013 1275 1118 1366 disse,
1144 1273 1236 1348 idest
1261 1279 1349 1352 lunc
1378 1277 1563 1373 rospondit

390 1396 478 1471 mibi
490 1396 699 1472 describens
712 1394 915 1490 Euripilum
931 1394 980 1468 ab
998 1393 1124 1468 babitu
1140 1394 1304 1490 corporis
1320 1401 1358 1469 et
1373 1414 1397 1469 a
1413 1397 1562 1472 scientia

387 1516 619 1610 animizptoel
640 1518 835 1607 clleporgc
859 1517 896 1588 lu
920 1514 1033 1586 dorbu
1057 1515 1107 1586 do
1132 1517 1168 1586 lo
1192 1517 1563 1609 potuinsulespollc

388 1637 519 1730 bruroe;
532 1636 632 1710 unde
644 1641 730 1709 nota
744 1634 844 1728 quod
859 1633 1043 1729 Euripilus
1059 1640 1146 1708 ante
1157 1621 1433 1728 perversionem
1447 1635 1562 1710 babe-

389 1756 452 1832 bat
476 1755 644 1850 barbam,
664 1753 759 1828 sicut
774 1760 813 1829 et
828 1753 890 1828 alii
907 1752 1084 1847 homines,
1110 1752 1327 1829 naturaliter
1351 1753 1561 1849 dependen-

391 1883 466 1952 tem
490 1895 513 1949 a
536 1875 640 1972 genis
653 1867 691 1967 (¹)
725 1893 748 1948 a
781 1872 914 1967 quibus
939 1872 1059 1948 oritur
1084 1893 1149 1968 per
1173 1879 1324 1968 pectus3
1349 1893 1447 1948 nunc
1471 1895 1561 1949 vero

392 1997 501 2072 babet
535 1995 650 2092 ipsam
684 1999 894 2090 protensam
927 2003 964 2072 et
989 1992 1207 2088 pendentem
1233 2012 1299 2088 per
1324 2013 1443 2068 rencs.
1469 1995 1561 2068 ltem

391 2124 488 2212 nota,
514 2117 613 2212 quod
637 2115 808 2212 Virgilius
832 2121 1002 2192 notanter
1025 2115 1089 2188 dat
1121 2114 1176 2188 isti
1208 2115 1374 2208 barbam,
1401 2114 1488 2208 quia
1515 2115 1562 2190 de

391 2257 497 2314 more
532 2255 740 2334 grecorum
780 2234 1032 2328 antiquissimo
1064 2239 1119 2308 est
1151 2234 1294 2309 nutrire
1334 2234 1488 2309 barbam
1524 2239 1561 2309 et

390 2358 531 2450 crinem
551 2356 650 2431 unde
665 2355 849 2430 Homerus
865 2373 962 2450 saepe
977 2354 1082 2430 dicit:
1099 2356 1232 2428 comesi
1246 2356 1372 2448 colim,
1389 2361 1427 2430 et
1442 2375 1563 2449 usqne

391 2478 428 2552 in
452 2475 666 2552 bodiemam
691 2475 802 2568 diem,
820 2480 862 2547 ut
879 2473 916 2548 in
933 2472 1117 2568 aliquibus
1134 2473 1218 2568 vidi,
1235 2480 1382 2569 portant
1406 2475 1561 2550 barbam

393 2597 541 2692 longam
573 2615 661 2669 cnm
696 2593 831 2689 capillis
864 2593 934 2668 sub
971 2593 1121 2689 capello,
1153 2590 1213 2687 fite
1246 2613 1393 2686 cepoe,
1428 2594 1562 2670 scilicet

393 2716 595 2812 principalis
612 2707 664 2810 (²),
698 2716 841 2812 mundo
876 2717 1070 2808 Grecialir
1108 2719 1190 2787 voto
1225 2716 1264 2787 di
1293 2716 1436 2807 mosclti,
1463 2715 1561 2790 unde

390 2839 572 2912 Homerus
588 2835 751 2912 secundo
770 2833 908 2932 llyados
925 2832 1122 2910 introducit
1138 2833 1454 2929 Agamemnonem
1472 2854 1561 2909 con-

389 2956 595 3032 cionantem
620 2955 667 3030 ad
691 2973 778 3028 snos
803 2954 867 3047 qui
892 2953 989 3046 dicit,
1014 2952 1115 3047 qnod
1135 2953 1165 3026 si
1181 2952 1292 3049 graeci
1314 2963 1435 3030 essent
1455 2953 1559 3028 divisi
1617 2987 1623 3000 ·

388 3097 453 3174 por
477 3065 700 3170 decimas(³),
726 3085 764 3152 et
787 3073 919 3170 singuli
945 3073 1076 3148 troiani
1094 3073 1374 3169 disponerentur
1397 3074 1445 3148 ad
1469 3073 1561 3148 dan-

388 3196 477 3271 dum
502 3202 631 3292 potum
656 3194 808 3291 singulis
832 3192 968 3268 decinis
982 3181 1020 3284 (⁴)
1046 3214 1120 3268 non
1145 3193 1357 3268 sufficerent
1381 3193 1428 3267 ad
1445 3193 1561 3268 servi-

390 3316 494 3391 tium.
511 3315 596 3392 ideo
615 3313 724 3391 dicit:
750 3307 781 3387 si
804 3315 894 3387 clt’o
913 3334 1009 3406 perro
1034 3317 1185 3387 rimoscr
1204 3335 1274 3407 per
1299 3318 1330 3388 le
1353 3335 1452 3408 now,
1473 3314 1560 3410 quia

390 3455 509 3531 usque
541 3435 587 3510 ad
619 3433 815 3510 infantulos
844 3433 1028 3508 ducebant
1052 3432 1099 3508 ad
1123 3434 1341 3529 exercitum,
1367 3435 1454 3529 qnia
1487 3442 1563 3510 ste-

390 3563 517 3632 terunt
541 3555 588 3630 ibi
613 3573 680 3652 per
704 3552 944 3647 decennium;
970 3559 1094 3629 tamen
1111 3561 1221 3630 autor
1237 3555 1400 3651 loquitur
1425 3557 1559 3653 byper-

391 3678 519 3772 bolioe,
544 3697 563 3750 c
586 3677 686 3750 diedo
709 3678 865 3768 ilptutto
889 3695 914 3748 u
939 3677 1071 3765 laudor
1094 3679 1384 3770 luprinrusum,
1402 3674 1494 3750 idest
1512 3675 1558 3750 ad

389 3795 601 3872 solvendam
622 3796 788 3889 classem,
807 3797 846 3868 in
861 3797 998 3886 Adde,
1014 3795 1134 3871 insula
1155 3817 1267 3890 quam
1284 3795 1456 3872 describit
1475 3797 1558 3871 Sta-

392 3915 462 3990 tius
487 3916 607 4012 primo
630 3913 868 4007 Achilleidos3
893 3921 931 3989 et
956 3915 1121 3990 nominat
1140 3915 1340 3990 incidenter
1364 3916 1479 3990 alium
1504 3915 1560 3990 iu—

390 4055 537 4110 mosnm
561 4054 759 4131 augurem,
784 4033 931 4128 quando
956 4033 1064 4108 dicit:
1090 4055 1156 4108 oon
1186 4039 1356 4109 caleam
1383 4035 1437 4110 bd
1454 4035 1561 4110 cuius

389 4155 634 4254 cognitionem
652 4160 707 4230 est
728 4153 944 4248 notandum,
968 4154 1067 4248 quod
1093 4154 1160 4228 iste
1185 4155 1311 4230 Galeas
1334 4162 1415 4231 crat
1439 4156 1561 4230 socius

390 4275 550 4371 Euripili,
568 4273 736 4370 quamvis
757 4273 884 4348 inisset
900 4271 1042 4370 primus
1058 4293 1182 4370 augur
1204 4275 1455 4369 troianornm3
1473 4295 1559 4349 nam

389 4396 559 4472 missnsa
577 4413 666 4492 rege
688 4393 836 4468 Priamo
852 4392 900 4468 ad
918 4394 1096 4488 templum
1113 4393 1284 4489 Apollinis
1300 4413 1368 4489 pro
1386 4413 1560 4490 responso

390 4517 613 4610 futurorum,
638 4515 784 4612 cognito
815 4513 915 4608 quod
945 4513 1085 4590 Grmcia
1111 4514 1267 4590 finaliter
1295 4515 1453 4592 debebat
1480 4535 1561 4590 esse

390 4636 531 4731 victrix,
552 4636 678 4712 volens
693 4633 887 4710 consulere
909 4653 988 4708 sure
1013 4631 1134 4730 saluti,
1159 4634 1207 4710 do
1230 4635 1352 4732 legato
1369 4634 1485 4711 luctus
1505 4641 1561 4712 est

389 4755 578 4852 transfuga
608 4761 646 4830 et
675 4753 840 4829 transivit
873 4751 920 4828 ad
948 4773 1107 4851 graccos3
1133 4761 1172 4829 et
1197 4754 1278 4830 ideo
1303 4754 1473 4850 Virgilius
1498 4754 1560 4831 dat

451 4945 480 5007 (¹)
495 4945 527 4996 E.
542 4945 615 5010 genis
628 4949 657 4994 el
671 4957 686 4994 ι
702 4943 804 5008 quibus.
1060 4941 1088 5004 (⁸)
1105 4942 1136 4992 Ε.
1152 4941 1337 5004 principaliter.

452 5018 480 5084 l'l
493 5020 525 5072 R
540 5031 589 5084 Ν
603 5019 720 5072 dm·-
1062 5015 1089 5080 lt
1105 5016 1132 5068 S·
1147 5017 1262 5069 docimi*
