4566 6844
1503 970 1574 1042 ddi

404 1342 570 1414 GANTUS
592 1342 852 1414 Tmousuffls
875 1341 1109 1424 SECUNDUS,
1131 1344 1168 1410 iu
1194 1361 1255 1428 quo
1277 1342 1371 1428 pont
1392 1343 1577 1428 proditores

479 1456 518 1522 in
531 1455 632 1541 otardo
647 1456 705 1524 roo
728 1457 819 1524 tituto
839 1456 981 1540 riliomm
999 1455 1121 1524 coetu
1135 1452 1263 1521 mort
1283 1459 1313 1520 et
1328 1451 1519 1522 Gomisionie
1534 1457 1576 1524 do

480 1563 610 1646 Poenis,
634 1571 664 1634 et
685 1566 806 1634 domini
821 1566 955 1636 Bocedoe
973 1566 1012 1632 de
1028 1565 1215 1646 donatetur,
1240 1571 1270 1634 ot
1291 1566 1371 1632 nott
1393 1566 1514 1634 heuto
1529 1571 1576 1634 ert

482 1697 551 1744 oum
573 1697 625 1760 σος
649 1697 686 1745 oc
715 1675 873 1746 Gnidonir
896 1677 934 1744 de
955 1675 1153 1746 Soldoraerit's
1179 1683 1210 1743 et
1238 1677 1374 1744 domm
1395 1677 1575 1747 modorum.

548 1979 617 2151 ,ro
641 2079 756 2152 uomet
779 2079 810 2150 te
833 2078 922 2150 riute
946 2097 965 2150 e
990 2093 1096 2168 aspre
1114 2097 1134 2151 e
1151 2077 1295 2152 ota‘oene
1313 2078 1514 2172 Postquam
1539 2077 1578 2154 in

405 2196 586 2292 superiori
610 2196 769 2292 capitulo
793 2193 961 2290 proxime
977 2194 1197 2289 precedenti
1213 2187 1324 2272 autor
1348 2202 1474 2274 noster
1498 2203 1578 2273 tra-

405 2316 517 2392 ctavit
532 2323 570 2391 et
585 2313 840 2392 determinavit
852 2313 899 2390 de
910 2333 1021 2410 poena
1033 2314 1225 2411 gigantum
1239 2316 1302 2410 qui
1316 2315 1522 2412 puniuntur
1537 2315 1577 2392 in

405 2435 562 2512 cirmitu
587 2433 707 2530 putei3
726 2448 825 2508 nuuc
840 2439 1110 2528 consequenter
1126 2433 1164 2508 in
1180 2433 1250 2510 isto
1266 2434 1425 2530 capitulo
1444 2436 1577 2510 XXXII

404 2555 481 2650 agit
505 2560 543 2628 et
568 2557 701 2632 tractet
723 2552 770 2630 de
794 2552 952 2648 pessima
975 2553 1097 2648 specie
1120 2553 1453 2650 fraudulentorum,
1480 2557 1576 2632 scili-

405 2678 466 2750 eet
488 2671 730 2768 proditorum,
756 2673 820 2766 qui
845 2672 1050 2768 puniuntur
1074 2672 1171 2748 iutra
1195 2679 1351 2767 puteum
1382 2673 1421 2748 in
1444 2675 1576 2772 glacie

405 2916 528 3006 partes
552 2911 753 3008 generales.
780 2913 822 2986 ln
846 2910 966 3006 prima
990 2931 1151 3006 quarum
1177 2917 1288 2987 autor
1312 2911 1504 2988 exorditur
1528 2913 1577 2988 ad

405 3033 501 3108 none
524 3031 682 3108 arduam
695 3025 731 3124 (¹)
761 3031 965 3125 materiam,
986 3037 1024 3106 et
1041 3037 1175 3106 tractat
1194 3031 1242 3106 de
1261 3030 1381 3126 prima
1401 3031 1522 3127 specie
1538 3037 1578 3107 et

405 3171 515 3246 poena
540 3150 782 3246 proditorum,
809 3150 873 3244 qui
897 3149 1138 3246 prodiderunt
1162 3155 1333 3246 parentes
1358 3157 1396 3225 et
1420 3171 1580 3228 consuo*

405 3269 561 3364 guineos
584 3285 681 3342 suos.
699 3269 741 3342 ln
757 3268 917 3344 secunda
941 3267 1125 3362 spernent
1145 3269 1280 3344 multos
1300 3269 1392 3344 tales
1415 3269 1581 3364 proditu·
1674 3321 1675 3324 a

406 3403 478 3482 res,
495 3387 559 3462 ibi:
585 3390 764 3476 Qumrdio
780 3387 863 3462 eddi
882 3389 923 3462 lu
939 3387 1047 3464 tertia
1065 3393 1197 3464 tractat
1214 3387 1261 3462 de
1278 3387 1439 3464 secundo
1457 3389 1582 3484 specio

405 3505 634 3602 proditorum
660 3506 725 3600 qui
744 3505 987 3603 prodiderunt
1011 3507 1181 3602 patriam,
1206 3507 1278 3582 ibt:
1301 3510 1430 3582 Porcio
1450 3510 1519 3582 otd'
1531 3511 1580 3582 io.

405 3627 446 3702 ln
462 3632 596 3722 quarta
615 3631 654 3702 et
670 3625 800 3702 ultima
817 3631 950 3704 tractat
968 3626 1016 3702 de
1033 3626 1179 3703 duobus
1189 3617 1228 3718 (¹)
1249 3625 1496 3723 singuhriter,
1513 3628 1580 3723 qui

404 3747 645 3845 prodidenmt
668 3765 782 3822 suum
806 3761 1017 3841 commuue
1043 3746 1116 3824 ihi:
1143 3750 1213 3822 Not
1235 3767 1394 3824 novom.
1419 3747 1475 3824 Ad
1500 3747 1579 3845 pri-

406 3887 511 3942 mum
536 3865 687 3942 veniens
716 3865 810 3958 deo,
835 3865 935 3959 quod
959 3871 1070 3940 autor
1098 3865 1349 3961 descripturus
1381 3867 1577 3942 materiam

405 3981 663 4076 dilcillimam,
689 3988 727 4057 et
752 3999 957 4076 numquam
981 3983 1031 4056 ab
1055 3982 1128 4056 alio
1152 3983 1373 4079 descriptam
1390 3985 1579 4079 premittit

406 4101 681 4180 excusationem
705 4119 914 4195 proponens
942 4100 1018 4176 sio:
1043 4102 1079 4174 to
1106 4103 1295 4193 proram
1324 4101 1428 4196 idmt,
1454 4103 1580 4197 expri-

407 4239 563 4314 merem,
588 4223 616 4294 tt
637 4239 733 4312 roro,
757 4218 849 4296 idest
870 4239 1020 4296 sensum
1039 4225 1076 4296 et
1092 4221 1322 4316 sennodum,
1339 4223 1378 4296 dt
1399 4225 1470 4298 mio
1493 4243 1580 4298 oon·

407 4347 506 4434 cetto,
530 4339 634 4436 idest,
660 4361 766 4417 norae
791 4340 957 4417 materiae
981 4359 1096 4434 quam
1123 4361 1241 4437 nuper
1265 4343 1417 4438 oonoepi
1441 4343 1580 4420 descri-

406 4461 507 4556 beret
530 4455 592 4554 ptri
610 4462 840 4552 mamone,
866 4459 969 4556 idest,
986 4458 1195 4556 perfectius,
1214 4464 1288 4536 rto
1305 4465 1469 4538 oooedte
1490 4465 1582 4538 rime

407 4597 513 4675 aspre
537 4601 558 4654 e
580 4581 725 4672 choree,
746 4579 848 4674 idest,
870 4578 1015 4677 rigidos,
1036 4599 1134 4654 come
1147 4582 1182 4654 st
1196 4581 1427 4656 conomedbe
1450 4585 1490 4656 ot
1513 4582 1580 4656 tri-

405 4707 461 4774 sto
483 4702 581 4792 troo,
607 4701 709 4795 idest,
734 4699 781 4776 ad
806 4699 1087 4796 descriptionem
1111 4699 1216 4776 istius
1240 4701 1342 4796 putei
1371 4721 1459 4778 oum
1488 4722 1579 4779 con-

407 4819 515 4894 tentis
539 4820 577 4894 iu
601 4841 660 4915 eo,
684 4822 722 4896 in
747 4839 822 4916 quo
847 4826 904 4896 est
933 4827 1103 4896 centrum
1136 4821 1302 4896 omnium
1335 4822 1578 4917 tristitiarum,

469 5079 539 5144 (os
556 5081 635 5135 urm
650 5083 794 5137 mnu.
980 5080 1008 5144 (η
1025 5082 1105 5134 nae
1122 5082 1224 5134 auom·
1238 5083 1293 5148 qn.
