4566 6844
586 945 597 967 ⁸
689 987 829 1044 caurus
854 985 1068 1042 reuersurus
1091 985 1286 1044 sncuuuus.
1502 977 1572 1045 509

403 1133 502 1229 quod
527 1153 601 1208 non
625 1133 728 1229 potui
753 1134 920 1208 obtinere
941 1133 1046 1208 bouis
1066 1132 1187 1209 verbis
1203 1133 1376 1209 obtinebo
1397 1133 1501 1208 malis
1518 1132 1574 1209 ia·

402 1253 479 1328 ctis.
506 1253 550 1326 tlt
574 1274 642 1350 per
667 1255 736 1330 boc
760 1259 871 1327 autor
894 1252 1014 1327 innuit
1038 1251 1138 1347 quod
1167 1251 1330 1348 proditor
1355 1259 1411 1328 ost
1435 1271 1573 1349 cogen-

401 1372 471 1446 dus
486 1393 563 1469 pne
580 1373 722 1462 ceteris
739 1373 812 1448 reis
828 1372 876 1447 ad
893 1371 1194 1448 manifestandam
1213 1371 1456 1467 proditionem
1473 1391 1572 1446 saeva

401 1492 604 1587 questione
628 1498 913 1587 tormentorum,
941 1491 1018 1568 sire
1044 1493 1144 1586 quod
1169 1491 1266 1567 ultra
1295 1513 1442 1588 poenam
1468 1497 1573 1566 com·

400 1634 553 1689 muuem
580 1633 693 1708 quam
723 1612 791 1688 sibi
817 1610 957 1710 irrogat
976 1611 1129 1709 justitia,
1156 1619 1211 1688 est
1236 1613 1431 1710 irroganda
1460 1631 1570 1708 poena

400 1731 542 1828 privata
567 1751 652 1806 cum
679 1732 780 1807 omni
805 1732 1029 1807 contumelia
1046 1732 1247 1807 verborum
1273 1739 1311 1807 et
1334 1752 1509 1828 operum;
1534 1735 1571 1805 et

400 1851 557 1926 ostendit
582 1851 817 1947 pertinaciam
844 1852 939 1926 illius
963 1851 1105 1926 dicens:
1124 1855 1205 1926 ond’
1218 1855 1275 1926 elli
1298 1873 1323 1924 a
1347 1873 1413 1944 me,
1435 1850 1571 1926 scilicet

401 1971 509 2046 dixit:
535 1993 607 2045 non
628 1965 709 2046 dird
726 1973 825 2045 ell'io
841 1973 891 2044 nti
904 1974 960 2043 sio
971 1967 1102 2063 pereld
1124 1977 1160 2046 tu
1185 1974 1234 2044 ml
1258 1973 1450 2064 dtbcldond,
1467 1970 1570 2064 idest,

401 2090 536 2166 evellas
553 2091 642 2166 mibi
659 2110 806 2166 comam
825 2097 862 2165 et
878 2088 1015 2185 depiles
1033 2109 1095 2164 me
1106 2082 1156 2184 (¹),
1169 2087 1216 2164 nri
1230 2093 1456 2181 mostrnolti,
1469 2089 1571 2183 idest,

401 2231 470 2287 nec
493 2212 660 2287 indicabo
687 2211 769 2306 quis
793 2210 862 2284 sim
887 2210 1012 2305 aliquo
1032 2210 1147 2307 signo,
1167 2209 1265 2285 unde
1282 2231 1487 2305 numquam
1505 2229 1573 2284 ro-

401 2331 468 2405 luit
493 2332 618 2407 levare
638 2330 780 2425 laciem,
798 2352 835 2404 re
852 2333 942 2404 mille
959 2334 1043 2424 fiale
1057 2333 1096 2404 in
1112 2333 1169 2404 rol
1182 2351 1272 2423 copo
1291 2333 1339 2404 nrt
1355 2334 1452 2423 tomi,
1468 2330 1571 2425 idest,

401 2451 430 2524 si
456 2451 565 2526 saltos
589 2469 676 2526 cum
702 2449 855 2545 pedibus
880 2467 991 2546 supra
1016 2456 1127 2546 capul
1149 2471 1289 2545 meum,
1308 2456 1346 2526 et
1370 2449 1569 2524 ludibrium

401 2569 511 2644 iacias
527 2569 680 2665 pedibus
696 2576 735 2646 et
756 2570 946 2665 manibus,
964 2570 1059 2644 sicut
1075 2569 1244 2646 ridemus
1259 2569 1455 2663 aliquando
1472 2570 1571 2665 quod

400 2710 498 2764 unus
523 2689 685 2785 proditor
709 2709 783 2764 non
809 2696 928 2785 potest
949 2689 1117 2785 compelli
1143 2687 1189 2764 ad
1215 2689 1479 2765 contessionem
1504 2689 1572 2764 ali-

401 2829 476 2904 quo
500 2830 640 2906 genere
663 2808 936 2905 suppliciorum.
952 2849 1002 2864 -
1014 2813 1065 2882 lo.
1084 2809 1148 2883 llic
1165 2815 1275 2884 autor
1300 2809 1456 2885 ostendit
1477 2831 1572 2905 quo-

400 2929 511 3004 modo
540 2930 618 3025 ipso
643 2930 801 3004 instante
825 2927 872 3003 ad
898 2927 1189 3023 extorquendam
1217 2928 1283 3002 sibi
1308 2928 1571 3004 manifestatio-

401 3068 499 3145 nem,
525 3049 674 3144 quidam
709 3048 840 3124 tertius
877 3048 1073 3123 casualiter
1097 3047 1299 3123 nominavit
1331 3068 1440 3143 eum3
1471 3046 1571 3122 unde

400 3168 508 3244 dicit:
540 3172 576 3242 r'o
603 3187 692 3242 aveo
723 3158 786 3260 ptd
814 3171 828 3242 ι’
855 3170 979 3262 capelli
1006 3171 1044 3240 ιἰι
1072 3187 1180 3241 mono
1213 3169 1344 3241 aooollt'
1371 3189 1390 3240 c
1421 3169 1520 3241 tratti
1548 3169 1574 3240 li

400 3292 435 3362 η’
448 3309 539 3362 ovea
556 3283 620 3381 pid
644 3290 764 3361 d’nno
789 3291 919 3381 dorca,
944 3290 1113 3362 tonando
1142 3291 1203 3379 lari,
1229 3286 1319 3362 idest
1335 3278 1386 3382 (²),
1413 3287 1459 3362 ad
1490 3307 1573 3360 mo·

400 3408 491 3483 dum
516 3407 615 3483 cauis
641 3408 834 3504 clamante,
852 3409 951 3504 quia,
965 3409 1042 3504 jam
1064 3407 1203 3484 dictum
1221 3411 1288 3502 ert,
1307 3407 1405 3502 quod
1430 3407 1487 3482 isti
1503 3408 1571 3482 ba-

400 3528 487 3603 bent
512 3528 622 3603 iacies
647 3528 807 3624 caninas,
827 3549 892 3603 con
917 3531 968 3622 pli
991 3531 1088 3602 orriri
1109 3531 1148 3602 in
1168 3522 1228 3619 pte
1243 3530 1402 3620 raccolti,
1420 3527 1507 3623 quia
1524 3547 1572 3602 ex

398 3648 519 3724 iorrna
543 3667 662 3743 poenae
688 3648 837 3724 tenebat
861 3649 988 3723 oculos
1014 3647 1059 3723 ad
1091 3647 1268 3745 glaciem3
1295 3654 1333 3722 et
1362 3667 1462 3739 nunc
1491 3648 1573 3743 plus

398 3767 602 3843 conabatur
627 3767 803 3843 inclinare
827 3769 961 3863 visum,
979 3769 1066 3862 quia
1084 3767 1184 3842 nullo
1210 3767 1322 3842 modo
1346 3767 1493 3842 volebat
1517 3767 1573 3842 vi-

399 3886 489 3981 deri,
516 3886 649 3960 timens
674 3906 721 3958 ne
746 3892 1045 3982 cognosceretur,
1071 3891 1214 3979 quando
1246 3909 1294 3960 un
1323 3889 1417 3960 aluo
1439 3880 1572 3977 pauo:

400 4007 460 4077 clte
483 4005 544 4076 lat
567 4010 616 4095 tn,
642 4009 789 4077 Borea?
819 4005 863 4078 Et
896 4011 952 4079 est
984 4005 1042 4081 bic
1071 4006 1188 4082 Bocca
1222 4025 1357 4082 nomen
1382 4005 1572 4102 proprium

400 4144 474 4199 non
499 4143 711 4219 commune,
735 4145 808 4197 non
832 4127 859 4198 ti
882 4125 985 4198 besto
1007 4145 1119 4198 eonor
1143 4147 1211 4199 con
1234 4131 1266 4201 le
1290 4129 1473 4200 marcelle?
1495 4127 1573 4200 lloo

399 4246 496 4341 dicit,
517 4244 604 4340 quia
629 4245 825 4320 resonabat
850 4245 1020 4320 dentibus
1045 4264 1092 4321 er
1117 4246 1255 4344 frigore
1280 4266 1387 4322 more
1412 4247 1573 4342 ciconiae,

398 4387 437 4440 se
461 4373 496 4440 tu
520 4387 593 4438 non
618 4366 715 4456 latri,
731 4363 869 4440 scilieet
895 4386 1000 4442 more
1024 4366 1135 4462 canis,
1154 4370 1241 4462 qual
1255 4369 1378 4441 AEoool
1400 4370 1426 4440 n·
1451 4373 1575 4440 tocco?

400 4485 505 4581 quasi
530 4484 648 4560 dicat:
675 4503 760 4579 quae
784 4505 892 4580 poena
924 4491 979 4560 est
1012 4484 1132 4560 addita
1164 4486 1228 4561 tibi
1262 4486 1360 4562 ultra
1390 4486 1575 4584 glaciem?

400 4605 444 4678 Et
468 4605 650 4682 concludit
675 4611 785 4680 autor
811 4605 998 4701 quomodo
1014 4607 1252 4682 cessaverita
1272 4607 1466 4682 vexatione
1492 4605 1574 4682 eius

399 4725 524 4799 audito
550 4725 709 4821 nomine,
727 4725 869 4801 dicens:
888 4727 971 4800 diss
983 4727 1032 4817 io,
1050 4746 1073 4799 o
1091 4729 1270 4818 maloopio
1290 4729 1457 4820 traditor,
1477 4729 1575 4800 omni

398 4863 471 4916 non
500 4848 554 4916 vo'
571 4847 631 4918 cle
658 4853 695 4920 ta
721 4851 859 4941 sacello,
885 4845 972 4939 quia
997 4845 1116 4920 babeo
1150 4845 1249 4941 quod
1275 4846 1457 4939 petebam.
1484 4846 1569 4920 ldeo

460 5027 489 5090 (¹)
506 5028 536 5079 ll.
553 5041 568 5078 a
585 5034 640 5090 llll,
657 5043 699 5080 ma
715 5035 809 5080 totum.

461 5101 489 5167 (¹)
506 5103 618 5157 Rideat
633 5117 674 5166 eo,
691 5105 723 5158 ad
738 5106 848 5156 modum
864 5107 934 5157 mla
950 5105 1068 5158 lalrautls
1084 5103 1220 5158 clamante.
