4580 6844
728 955 801 1026 atti
1127 967 1333 1025 somnum
1355 969 1509 1024 mesum

728 1120 928 1190 serentum
945 1105 996 1207 (¹),
1013 1111 1109 1189 sicut
1132 1134 1156 1188 a
1180 1114 1317 1190 uomite
1340 1113 1500 1210 Auernas,
1519 1115 1585 1210 qui
1608 1113 1790 1190 sentiebat
1812 1133 1901 1190 eum

729 1232 865 1310 uomite
893 1233 1073 1310 Gasertae:
1107 1239 1147 1309 et
1180 1234 1287 1308 muib'
1317 1233 1379 1310 aiii
1414 1215 1633 1310 dimiserunt
1661 1233 1924 1364 iiamreuqu

730 1353 794 1447 qui
819 1359 947 1448 postea
969 1351 1111 1448 spoliati
1127 1351 1279 1428 fuerunt
1298 1373 1431 1428 eorum
1450 1353 1559 1428 terris
1575 1360 1614 1429 et
1632 1353 1798 1428 msteliis
1817 1353 1904 1428 ldae

729 1461 1903 1567 benedicitautonlddaoesubuoimtdodummob’m,

729 1590 817 1685 quin
842 1589 967 1664 nuilus
988 1588 1081 1664 dixit
1104 1590 1172 1666 sibi
1196 1610 1343 1687 verum,
1369 1611 1439 1668 nse
1461 1592 1623 1668 servavit
1650 1591 1717 1666 ubi
1745 1592 1904 1687 promis·

730 1731 810 1786 snm
836 1709 957 1785 fidem.
985 1711 1070 1786 ideo
1095 1711 1190 1788 iorte
1209 1712 1417 1788 benfredus
1441 1730 1666 1810 «regnoscens
1687 1730 1812 1787 mores
1836 1731 1901 1786 m-

730 1849 829 1925 rum,
853 1829 1072 1905 aoueleravit
1091 1822 1423 1926 pretium-sti
1442 1834 1492 1906 riu
1518 1833 1762 1923 tboliumzzu.
1781 1829 1847 1904 iiic
1862 1799 1921 1921 (¹5x

729 1949 846 2046 tangit
871 1949 1041 2043 quintum
1067 1949 1239 2045 proelium
1268 1949 1502 2045 modernum,
1533 1950 1633 2044 quud
1662 1949 1832 2044 mquitur
1861 1945 1901 2022 in

728 2069 857 2144 ordine
880 2068 928 2144 ad
958 2069 1180 2165 precedens,
1212 2069 1311 2164 quod
1325 2061 1362 2164 (⁸)
1385 2075 1534 2167 gestum
1564 2069 1633 2146 fuit
1664 2089 1731 2166 per
1760 2066 1898 2143 dietum

726 2187 901 2264 Carolum
933 2195 1061 2264 eontra
1096 2189 1346 2265 Gomadinum
1375 2197 1547 2286 nepotem
1573 2189 1758 2264 bantredi
1784 2188 1829 2261 Et
1852 2185 1901 2262 ad

727 2307 965 2402 buiusproeiii
984 2307 1102 2404 magis
1116 2308 1364 2384 memorabilis
1375 2308 1621 2406 cognitionem
1635 2307 1900 2404 estpreseien·

728 2426 818 2502 dum
834 2415 883 2521 (⁴),
909 2425 1009 2521 quud
1036 2427 1189 2502 Carolus
1213 2429 1387 2524 prefatus
1409 2435 1491 2525 post
1515 2428 1706 2504 victoriam
1730 2427 1777 2502 de
1800 2429 1902 2502 bian-

729 2546 832 2621 neno
852 2545 1012 2620 habitam
1030 2546 1187 2620 obtinuit
1205 2547 1320 2623 iibere
1338 2568 1508 2644 regnum,
1526 2553 1565 2622 et
1580 2554 1734 2623 vocatus
1756 2553 1813 2622 ert
1836 2567 1902 2622 rex

729 2673 768 2742 et
792 2666 921 2742 elatus.
947 2667 1040 2740 Nam
1067 2666 1186 2741 iactus
1211 2674 1267 2742 est
1290 2667 1472 2765 generalis
1496 2666 1655 2742 vicanus
1676 2666 1818 2761 imperii
1836 2687 1902 2761 per

729 2805 862 2880 papam
888 2784 926 2858 in
952 2785 1094 2881 Tuscia,
1114 2785 1225 2882 uoepit
1244 2807 1397 2863 movere
1414 2787 1552 2862 beilum
1572 2792 1700 2862 eontra
1715 2786 1900 2862 rivium

729 2903 909 2978 Pisanum.
937 2903 1057 2979 Pisani
1081 2904 1177 2980 iacta
1192 2905 1504 2982 cunioederatione
1520 2923 1607 2981 cum
1629 2904 1844 2980 senensibus
1863 2912 1901 2980 et

726 3043 816 3098 cum
849 3021 999 3098 domino
1029 3023 1187 3099 neurim
1217 3024 1331 3101 fratre
1366 3025 1465 3122 regis
1492 3023 1683 3120 Hispania,
1715 3023 1777 3119 qui
1809 3030 1898 3098 tunc

727 3151 876 3220 senatur
902 3143 1002 3219 urbis
1026 3152 1108 3220 erat
1127 3145 1296 3220 inimicus
1312 3145 1444 3240 Caroli,
1462 3145 1546 3221 lieet
1567 3151 1663 3221 esset
1678 3143 1899 3241 uonsangui·

728 3283 821 3338 neus
845 3263 936 3359 eius,
963 3263 1142 3340 miserunt
1165 3265 1203 3339 in
1233 3266 1486 3342 alemanniam
1514 3285 1583 3361 pro
1612 3264 1835 3360 Conradin03
1860 3273 1899 3340 et

726 3382 909 3460 dederunt
932 3405 1098 3481 operam,
1122 3386 1221 3480 quod
1248 3386 1375 3460 multe
1398 3393 1509 3462 terre
1527 3385 1747 3460 rebellarent
1767 3386 1898 3461 Carnis

727 3501 764 3575 in
790 3522 906 3598 regno
932 3509 969 3577 et
993 3503 1129 3578 Sicilia:
1155 3511 1194 3579 et
1218 3505 1399 3580 miserunt
1423 3503 1629 3580 Conradino
1648 3509 1798 3579 eentum
1816 3505 1900 3578 mii-

727 3620 775 3695 lia
799 3621 1042 3696 Florenorum
1060 3614 1109 3716 (⁸),
1134 3623 1200 3718 qui
1224 3629 1304 3698 erat
1326 3623 1550 3718 juvenculus
1573 3622 1758 3700 sexdecim
1784 3644 1900 3698 annn-

729 3759 826 3814 rum.
870 3741 940 3830 Qui
975 3743 1149 3818 recedens
1176 3742 1225 3818 de
1261 3742 1475 3818 Alemannia
1507 3749 1635 3818 eontra
1670 3743 1897 3820 voluntatem

727 3859 867 3956 matris,
885 3859 969 3935 fllioe
984 3860 1088 3936 ducis
1106 3861 1272 3957 bustum,
1294 3861 1460 3939 transivit
1482 3861 1521 3935 in
1541 3861 1693 3956 ltaliam,
1711 3869 1749 3937 et
1768 3882 1899 3958 perve-

727 3978 781 4056 nit
805 3979 991 4056 Veronam
1019 3981 1178 4058 sociatus
1203 3982 1333 4058 nerem
1354 3980 1513 4058 millibus
1538 3999 1825 4077 germanorum
1850 4002 1897 4058 ex

725 4099 859 4194 quibus
885 4101 995 4199 etegit
1019 4102 1089 4177 tria
1115 4102 1228 4178 millia
1253 4101 1485 4199 quingentos,
1507 4099 1649 4175 ceteris
1674 4100 1835 4176 remissis
1859 4102 1896 4176 in

725 4220 972 4297 Germaniam.
999 4222 1137 4298 Deinde
1168 4221 1348 4299 transiens
1377 4241 1444 4316 per
1474 4220 1623 4316 Papiam
1655 4225 1693 4296 et
1724 4221 1895 4316 Januam,

723 4360 790 4436 per
815 4341 926 4435 Pisas,
944 4361 1011 4436 per
1036 4340 1161 4437 Senes,
1178 4341 1346 4436 pervenit
1370 4341 1538 4434 Romam,
1561 4339 1700 4435 ubique
1726 4345 1894 4434 receptus

722 4459 916 4556 magnifiee
942 4467 1132 4555 tamquam
1165 4460 1365 4556 imperator
1386 4450 1436 4553 (⁰).
1463 4460 1616 4536 fannius
1649 4457 1823 4534 recedens
1846 4456 1894 4532 de

722 4579 855 4654 Tuscia
880 4578 1024 4674 magnis
1047 4578 1152 4654 dietis
1177 4578 1343 4674 pervenit
1367 4579 1406 4654 in
1430 4577 1611 4675 Apuliam,
1640 4576 1787 4652 dimisso
1812 4597 1893 4654 ma-

786 4837 812 4898 t'i
830 4841 885 4898 itt,
901 4837 1078 4888 sammua
1094 4837 1120 4888 iu
1135 4837 1238 4902 pretio.
1252 4839 1328 4890 munt
1458 4837 1485 4902 (⁴)
1501 4837 1527 4890 S.
1542 4837 1594 4890 iliu
1609 4841 1686 4890 autor
1699 4837 1790 4902 tanat.

787 4911 815 4975 (¹)
831 4913 862 4964 E.
878 4925 894 4963 a
911 4916 965 4974 m,
981 4914 1041 4976 quia
1057 4919 1159 4978 gestum
1175 4913 1233 4965 brit.
1456 4915 1485 4979 ι’)
1502 4919 1556 4977 itt,
1573 4914 1715 4966 utendum.

788 4985 857 5050 (bb.
874 4987 1047 5040 momorum
1063 5002 1129 5054 quor
1144 4989 1192 5040 sibi
1208 4989 1343 5050 miserunt,
1360 4990 1405 5055 qui
1421 4995 1485 5042 erat.

787 5063 816 5129 Γ)
831 5064 862 5117 Β.
878 5065 1029 5130 tmpmtor.
1044 5066 1117 5118 idern
1134 5070 1221 5131 postea
1235 5064 1351 5118 Carolus.
