4534 6842
710 921 778 988 1⁰2
1102 929 1305 990 comiti!
1329 929 1482 988 mmm

704 1074 803 1169 qnod
826 1079 936 1152 enter
966 1075 1045 1150 vult
1069 1075 1330 1150 sententialiter
1354 1074 1488 1168 dieere
1509 1073 1608 1168 quod
1632 1071 1700 1146 iste
1723 1070 1869 1146 daemen

704 1193 872 1288 portabat
898 1212 1014 1266 unum
1040 1201 1271 1289 peecatorem
1292 1179 1330 1268 in'
1347 1194 1502 1288 spatula,
1527 1197 1565 1268 et
1586 1211 1720 1284 eorpus
1736 1187 1873 1300 pende-

705 1313 769 1388 bat
804 1332 870 1408 per
907 1331 1014 1388 renes
1052 1333 1138 1387 eum
1170 1313 1289 1408 capite
1312 1313 1499 1405 deorsum,
1525 1317 1563 1386 et
1593 1309 1760 1386 diabolus
1784 1329 1872 1384 cunr

706 1434 893 1532 unguibus
916 1433 992 1508 suis
1017 1434 1162 1510 tenebat
1180 1451 1267 1508 eum
1283 1426 1319 1526 (¹)
1337 1438 1424 1508 ante
1441 1452 1507 1528 per
1524 1429 1645 1527 pedes,
1662 1429 1757 1504 sicut
1773 1435 1875 1504 reete

707 1553 937 1630 macellarius
961 1558 1082 1647 portat
1106 1551 1242 1627 animal
1261 1553 1477 1648 jugulatum
1498 1550 1647 1646 nigrum
1671 1549 1718 1626 ed
1736 1547 1873 1624 maeel·

706 1675 786 1748 lum
810 1672 858 1748 ad
881 1670 1144 1748 excoriandum
1175 1677 1212 1746 et
1237 1668 1471 1746 vendendum
1498 1669 1628 1764 ipsum.
1654 1669 1759 1742 Nunc
1784 1687 1874 1742 non·

706 1800 810 1868 strue
833 1792 988 1884 literam,
1022 1790 1060 1864 in
1084 1811 1158 1886 qua
1183 1797 1238 1866 est
1262 1789 1542 1885 amphibologia,
1567 1788 1658 1864 idest
1682 1789 1794 1864 dubie
1819 1789 1875 1864 lo-

707 1911 828 1988 cutio:
853 1931 902 1984 aa
922 1917 1098 2004 peccator,
1123 1908 1269 2004 seilicet,
1296 1907 1513 2002 baratarius,
1539 1927 1694 1982 carcaria
1719 1911 1876 1984 tamen

706 2051 780 2125 suo,
805 2029 941 2106 scilicet
963 2027 1059 2104 illius
1084 2028 1271 2122 demonis,
1296 2029 1347 2102 ct’
1360 2048 1425 2102 era
1450 2034 1550 2102 aaran
1569 2027 1766 2118 emperie,
1784 2025 1876 2100 idest

706 2151 802 2225 altus
818 2156 952 2244 rectus,
977 2169 1044 2224 ena
1067 2150 1170 2222 amen
1187 2150 1335 2240 l’aacle,
1353 2147 1514 2244 intellige
1530 2146 1630 2241 quod
1645 2146 1774 2222 anehae
1790 2165 1876 2240 nece

707 2269 840 2346 catoris
864 2267 1106 2343 firmabantur
1131 2287 1243 2363 super
1267 2267 1409 2362 spatula
1433 2265 1620 2358 demonis,
1646 2285 1665 2338 e
1690 2269 1779 2357 quei,
1804 2264 1875 2340 sai-

707 2387 791 2462 licet
817 2387 974 2481 daemon,
999 2389 1287 2478 tenerrimam
1311 2389 1338 2460 il
1360 2387 1469 2460 uerbo
1493 2387 1546 2460 de'
1556 2387 1637 2476 nid,
1655 2383 1749 2458 sicut
1773 2389 1875 2460 recte

707 2506 878 2603 accipiter
907 2512 1006 2582 tenet
1038 2507 1219 2600 qualeam.
1257 2505 1450 2580 Ghermire
1486 2503 1585 2578 enim
1623 2510 1679 2578 est
1715 2503 1872 2578 verbum

706 2627 784 2702 avis
808 2625 991 2721 rapientis,
1016 2625 1098 2699 ideo
1122 2624 1217 2699 bene
1240 2624 1350 2700 datur
1367 2625 1425 2700 hic
1441 2614 1478 2716 (²)
1494 2622 1638 2698 diabolo
1655 2622 1719 2717 qui
1736 2642 1873 2717 reprae-

709 2752 873 2820 sentatur
898 2745 935 2818 in
961 2745 1079 2840 ligura
1104 2743 1182 2820 avis
1207 2744 1385 2830 cumalis
1410 2749 1447 2818 et
1471 2744 1677 2840 unguibus3
1697 2744 1795 2820 unde
1817 2745 1873 2818 in-

708 2865 763 2940 ira
781 2865 941 2940 dicetur:
959 2868 1113 2938 arulense
1125 2867 1392 2940 nocella-Del
1402 2871 1533 2938 rmstro.
1548 2863 1613 2937 liic
1628 2869 1737 2938 enter
1749 2871 1872 2938 osten-

708 2984 759 3058 dit
775 2983 961 3079 quomndo
979 2982 1144 3058 diabolus
1159 2983 1399 3079 assignaverit
1408 2973 1445 3075 (³)
1464 2983 1566 3057 illurn
1584 2982 1748 3077 spiritum
1768 2983 1874 3058 sociis

708 3101 784 3178 suis
814 3101 1048 3177 manifestans
1080 3103 1179 3178 unde
1208 3101 1407 3197 portaverit
1422 3090 1459 3194 (⁸)
1492 3102 1623 3196 ipsum,
1656 3107 1694 3176 et
1717 3101 1876 3194 qualiter

708 3221 853 3296 volebat
877 3221 998 3296 stetim
1016 3221 1152 3298 reverti
1168 3242 1235 3318 pro
1252 3220 1331 3296 eliis
1348 3221 1394 3296 ad
1411 3226 1549 3298 terram
1567 3221 1677 3294 illam.
1697 3221 1876 3296 Constrne

707 3341 759 3415 sic
784 3339 939 3433 literam,
965 3359 1050 3434 quae
1074 3347 1129 3414 est
1154 3339 1259 3415 valde
1283 3339 1471 3415 intricata:
1499 3340 1560 3414 ille
1584 3339 1764 3414 diabolus:
1785 3343 1876 3414 disse

708 3462 766 3532 del
787 3466 909 3534 nestro
928 3467 1046 3554 perite,
1073 3459 1163 3534 idest
1187 3465 1286 3534 stans
1311 3459 1349 3533 in
1373 3466 1483 3554 ponte
1508 3459 1637 3554 quinte
1659 3458 1696 3532 in
1716 3479 1791 3552 qun
1809 3481 1876 3534 nos

652 3649 658 3658 .
709 3599 872 3673 eramus,
888 3599 1000 3674 quem
1020 3585 1129 3652 autor
1154 3579 1311 3674 appellat
1335 3585 1516 3673 nostrum,
1537 3578 1623 3673 quia
1638 3570 1675 3670 (⁵)
1695 3589 1782 3655 tunc
1798 3585 1874 3654 sta-

708 3699 797 3774 bant
828 3698 876 3772 lbi
908 3697 955 3772 ad
987 3697 1311 3773 considerationem
1347 3698 1449 3772 istius
1465 3689 1501 3791 (⁶)
1533 3697 1738 3793 baratariae,
1764 3705 1801 3773 et
1825 3697 1875 3772 ibi

709 3817 891 3893 habebant
914 3818 1048 3894 locum.
1076 3818 1119 3892 Et
1149 3837 1235 3894 eeee
1260 3807 1408 3912 qundl7)
1433 3817 1545 3892 dixit:
1570 3841 1593 3890 n
1618 3819 1874 3912 naretrawte,

708 3938 863 4014 vocabat
882 3937 949 4014 iste
964 3938 1129 4014 diabolus
1144 3938 1234 4014 alies
1250 3938 1314 4031 qui
1340 3946 1446 4013 erant
1465 3939 1626 4033 inferius,
1652 3945 1693 4012 ut
1714 3939 1876 4014 traderet

709 4059 761 4134 eis
785 4057 896 4131 istum
921 4057 1087 4153 spiritum
1113 4056 1321 4152 ponendum
1349 4055 1419 4130 sub
1447 4057 1578 4152 picem,
1612 4065 1649 4132 et
1682 4056 1763 4132 ideo
1796 4058 1874 4132 cla-

710 4177 855 4254 mahat:
884 4198 908 4249 ο
932 4178 1187 4268 malabrancae,
1213 4176 1315 4272 idest,
1341 4197 1365 4251 ο
1397 4177 1531 4252 diaboli
1557 4177 1731 4252 habentes
1756 4178 1871 4253 malas

708 4299 899 4390 branchas,
917 4296 1005 4391 quia
1017 4298 1152 4372 habent
1164 4317 1307 4392 ungues
1328 4303 1501 4372 curvatas
1520 4297 1567 4373 ad
1584 4297 1819 4392 rapiendum;
1836 4305 1874 4372 et

709 4435 798 4491 rere
814 4421 900 4489 sunt
912 4415 1018 4490 melae
1036 4415 1219 4508 tranche,
1238 4415 1335 4491 unde
1349 4436 1404 4491 vae
1423 4416 1490 4490 illis
1507 4417 1570 4511 qni
1587 4417 1806 4511 perveniunt
1825 4418 1872 4492 ad

709 4555 841 4608 manus
865 4553 1007 4610 eorum.
1034 4534 1077 4608 Et
1101 4534 1159 4608 hic
1184 4541 1270 4610 nota
1295 4536 1393 4630 quod
1419 4536 1551 4611 laisum
1576 4541 1632 4612 est
1652 4536 1739 4612 illud
1773 4537 1873 4630 quod

770 4797 799 4860 (¹)
816 4802 869 4858 lit,
886 4797 979 4860 iprum
1373 4797 1401 4864 w
1418 4803 1472 4860 lle,
1489 4799 1549 4850 hnic
1564 4799 1676 4854 dietate

770 4874 798 4938 θ)
814 4879 868 4935 llll,
884 4873 1063 4937 memarmal-
1373 4873 1401 4938 (⁸)
1418 4880 1472 4934 tta,
1489 4881 1644 4938 portaverat.

772 4951 799 5014 (⁸)
815 4955 870 5011 lte,
885 4950 945 5016 quir
962 4963 1010 5014 pro
1025 4955 1097 5004 turm.
1376 4952 1446 5015 (⁸18.
1461 4951 1540 5006 illine.

772 5027 799 5092 ω
814 5031 868 5089 arc,
884 5025 946 5091 qum
960 5025 1031 5078 enit
