4580 6844
728 985 869 1042 caurus
893 987 1085 1044 vrommus
1109 985 1280 1042 ocrrrus.
1516 973 1588 1044 ³6³

418 1151 519 1226 nam,
544 1153 619 1226 qua
645 1132 703 1206 hic
733 1133 880 1209 crucior
909 1141 1099 1228 tamquam
1132 1132 1229 1206 bene
1262 1129 1427 1206 moritus.
1461 1131 1505 1204 Et
1538 1129 1590 1205 sic

418 1251 502 1327 vido
518 1252 618 1346 quod
634 1253 883 1328 Macomuthus
898 1252 1061 1348 praedicit
1085 1251 1152 1326 sibi
1177 1251 1342 1324 futuram
1370 1257 1529 1324 mortem
1551 1249 1589 1322 in

417 1370 536 1464 brevi,
560 1371 647 1465 quia
671 1379 753 1447 erat
781 1371 1096 1448 excarnificandos
1121 1369 1219 1446 terro
1244 1377 1282 1446 et
1315 1371 1424 1466 ignc3
1458 1368 1589 1445 deinde

418 1500 500 1587 post
525 1499 683 1568 mortem
709 1499 790 1568 erat
814 1493 1031 1568 lacerandus
1052 1492 1151 1568 terro
1170 1491 1280 1566 simul
1297 1511 1435 1584 secum,
1454 1510 1589 1584 quam-

276 1601 282 1616 '
419 1610 474 1686 vis
498 1612 748 1688 diacomethus
765 1612 800 1686 in
819 1612 893 1686 vita
910 1611 1022 1687 tuerit
1038 1618 1189 1688 necatus
1206 1629 1349 1686 veneno
1365 1631 1450 1684 cum
1468 1608 1589 1684 adhuc

420 1737 516 1806 essct
535 1731 704 1826 iuvenis:
729 1738 767 1808 et
791 1731 973 1806 concludit
989 1739 1099 1806 autor
1123 1731 1222 1825 quod
1248 1732 1499 1806 Macomethus
1519 1731 1590 1802 troc

420 1851 487 1926 sibi
512 1851 602 1926 dixit
626 1857 818 1946 postquam
845 1858 926 1928 erat
940 1852 1019 1946 jam
1037 1856 1187 1946 paratus
1204 1851 1250 1926 ad
1268 1870 1466 1926 recessum.
1488 1848 1591 1924 Unde

420 1970 529 2046 dicit:
556 1975 743 2046 Moometto
767 1975 816 2046 mi
839 1974 931 2046 ditm
958 1979 1031 2044 cato
1058 1973 1205 2064 puroto,
1230 1969 1367 2048 scilicet
1396 1968 1495 2062 quod
1526 1968 1592 2043 de·

422 2092 551 2168 berem
575 2091 699 2168 dicere
714 2091 817 2167 tratri
834 2091 986 2167 Dutcino
1004 2111 1048 2167 ex
1067 2101 1173 2185 parte
1191 2111 1271 2184 sua,
1287 2093 1349 2182 pot
1367 2093 1427 2163 cto
1442 2107 1593 2180 corpere,

424 2211 526 2305 idest,
545 2212 691 2306 iuravit,
716 2215 800 2286 tun
813 2209 873 2304 pta*
882 2233 950 2304 per
966 2213 1117 2304 girmac,
1134 2210 1236 2305 idest,
1257 2230 1368 2285 causa
1387 2207 1592 2300 remedendi,

421 2335 510 2424 iudi,
536 2331 638 2425 idest,
663 2332 805 2427 deinde,
831 2335 866 2406 to
890 2336 1013 2407 disten
1040 2335 1079 2405 in
1111 2339 1210 2406 terro
1241 2352 1265 2406 o
1291 2334 1455 2424 umora,
1486 2329 1591 2423 quasi

422 2451 541 2526 dicat:
575 2451 672 2527 dicto
703 2453 773 2526 hoc
804 2451 931 2546 verbo,
956 2459 1038 2547 post
1071 2451 1201 2546 pedem
1237 2451 1401 2526 levatum
1433 2447 1595 2543 reposuit

381 2579 385 2586 '
424 2571 554 2666 omem
581 2572 782 2648 interram
812 2579 849 2647 et
878 2573 1038 2647 recessit
1071 2573 1114 2644 Et
1148 2571 1206 2646 hio
1237 2577 1323 2645 nota
1354 2570 1452 2663 quod
1485 2556 1610 2645 autori

423 2693 493 2766 sub
518 2692 586 2766 ista
602 2693 730 2785 pulcra
751 2691 896 2766 fictione
912 2694 990 2768 vult
1010 2691 1205 2767 ostendere
1225 2691 1325 2786 quod
1345 2692 1596 2765 Macometirus

423 2816 505 2887 orat
529 2811 701 2886 sollicitus
724 2811 772 2888 dc
801 2812 973 2888 evasione
998 2811 1155 2905 Domini,
1187 2811 1274 2905 quia
1307 2830 1397 2886 rere
1421 2810 1596 2884 Dutcinus

425 2929 493 3004 tuit
518 2929 623 3005 simia
647 2931 883 3025 Macomethi3
905 2937 943 3006 et
967 2931 996 3004 si
1022 2951 1095 3004 non
1122 2931 1248 3006 inisset
1280 2930 1353 3005 citu
1386 2935 1596 3024 praeventus

427 3051 586 3124 multum
613 3056 756 3144 poterat
780 3069 930 3144 sperare
955 3050 1054 3142 quod
1087 3051 1244 3123 muttum
1271 3051 1450 3124 exaltaret
1475 3049 1596 3144 legem

427 3190 547 3262 suum,
573 3169 660 3262 quia
685 3169 875 3244 induceret
890 3160 927 3259 (⁴)
952 3189 1036 3243 eam
1062 3169 1100 3243 in
1129 3169 1280 3264 ltaliam,
1313 3169 1376 3242 ubi
1408 3175 1464 3243 est
1488 3173 1598 3262 caput

429 3289 644 3364 universatis
677 3287 839 3362 ecclesiae
864 3307 1039 3382 romana,
1070 3288 1157 3382 quia
1182 3289 1303 3363 adhuc
1327 3288 1431 3362 curia
1456 3293 1538 3364 crat
1561 3287 1599 3360 in

429 3407 542 3500 ltalia,
567 3406 651 3482 licet
675 3405 747 3480 cito
772 3427 973 3482 recessura.
1000 3409 1045 3481 Et
1070 3408 1128 3483 tric
1152 3415 1238 3484 nota
1264 3408 1364 3502 quod
1380 3408 1493 3483 irater
1510 3407 1601 3482 Dut-

428 3527 533 3602 cinus
557 3526 677 3601 adhuc
701 3527 848 3602 vivebat
874 3531 1039 3623 tempore
1063 3528 1210 3602 visionis
1243 3527 1407 3620 autoris3
1433 3549 1531 3622 nam,
1559 3533 1601 3602 ut

427 3647 541 3743 adqui
565 3647 799 3742 scripserunt,
826 3647 940 3723 irater
964 3649 1139 3723 Dulcinus
1163 3639 1282 3740 initt‘)
1310 3648 1347 3722 in
1372 3648 1530 3724 dcccv.
1584 3627 1618 3676 ·'

505 3773 558 3842 Uo
582 3770 685 3841 utro.
698 3769 783 3842 ‘Ista
809 3774 865 3842 est
897 3769 1004 3844 tertia
1033 3789 1119 3863 pars
1152 3769 1333 3864 generatis
1368 3769 1477 3844 huius
1502 3769 1602 3864 capi·

429 3888 507 3981 tuli,
533 3888 571 3962 in
595 3907 670 3980 qua
694 3893 804 3962 autor
823 3887 1019 3962 introducit
1039 3909 1156 3963 unum
1177 3889 1344 3982 spiritum
1368 3890 1600 3982 modernum,

430 4007 494 4100 qui
519 4005 712 4082 seminavit
736 4005 868 4080 scisma
885 3998 923 4096 (³)
949 4007 1044 4080 inter
1073 4007 1253 4098 dominos,
1285 4009 1349 4100 qui
1380 4007 1545 4082 nominat
1561 3995 1600 4098 (⁴)

430 4125 545 4200 alium
570 4124 816 4200 scismaticum
842 4123 1035 4218 antiquum
1062 4125 1125 4219 qui
1151 4125 1247 4200 idem
1273 4126 1367 4201 iecit
1385 4127 1439 4200 dd
1464 4109 1621 4222 coquo:x

431 4245 609 4321 scendum
632 4251 759 4322 autem
785 4243 946 4338 primum
971 4252 1027 4319 est
1051 4245 1254 4346 sciendum,
1277 4247 1375 4341 quod
1401 4249 1533 4322 Petrus
1557 4246 1604 4322 de

432 4365 618 4460 Medicina,
645 4385 758 4458 quem
784 4369 893 4439 autor
919 4364 1115 4440 introducit
1139 4365 1198 4440 hic
1215 4366 1261 4441 ad
1282 4365 1519 4459 loquendum,
1538 4365 1606 4439 tuit

432 4487 614 4582 pessimus
637 4485 837 4560 seminator
854 4485 1025 4578 scandali,
1044 4485 1078 4559 in
1098 4493 1240 4562 tantum
1260 4486 1360 4582 quud
1382 4507 1423 4562 sc
1439 4487 1607 4581 aliquan·

432 4605 495 4680 diu
529 4604 775 4701 magnificavit
807 4610 845 4678 et
873 4603 1001 4680 ditavit
1032 4605 1157 4680 dotoso
1191 4607 1258 4680 ista
1288 4613 1368 4681 arte
1399 4606 1535 4680 infami.
1563 4607 1607 4680 Et

433 4743 520 4798 ecce
545 4725 696 4798 modum
722 4725 842 4820 gratia
867 4725 1048 4818 exempti:
1075 4725 1104 4798 si
1123 4725 1292 4800 sensisset
1309 4727 1439 4800 Petrus
1464 4727 1510 4801 de
1533 4728 1606 4802 ite·

432 4843 563 4936 dicina,
593 4843 692 4936 quod
724 4845 895 4919 dominus
931 4845 1117 4922 Malatcsta
1148 4846 1195 4920 de
1231 4845 1394 4919 Arimino
1427 4846 1606 4920 tractabat

494 5028 522 5090 (¹)
538 5029 568 5078 E.
585 5029 701 5079 duceret.
1097 5027 1125 5090 (¹)
1142 5030 1172 5080 u.
1189 5029 1239 5079 tou
1255 5041 1323 5080 anuo
1336 5035 1410 5082 tutu.

495 5105 522 5168 Ρ)
538 5105 569 5156 B.
585 5105 713 5156 scismata.
1096 5107 1124 5168 (⁸)
1140 5107 1171 5158 B.
1187 5107 1328 5158 nominarit
1342 5108 1422 5158 sthur
1438 5107 1527 5158 adum.
