4550 6844
620 947 693 1014 416
1018 955 1224 1014 commutat
1248 959 1400 1014 lornant

619 1103 786 1209 furorem
811 1101 876 1197 qui
891 1101 1021 1178 accidit
1037 1103 1179 1178 Thebis.
1197 1103 1251 1180 Ad
1267 1105 1373 1179 cuius
1390 1103 1529 1178 claram
1547 1099 1792 1198 cognitionem

619 1223 732 1298 debes
765 1222 887 1319 primo
920 1241 1174 1299 rememorare
1191 1217 1229 1317 (¹)
1262 1223 1350 1300 illud
1384 1223 1485 1319 quod
1522 1221 1698 1318 scriptum
1739 1226 1796 1296 est

620 1363 733 1439 supra
741 1334 779 1435 (¹)
796 1342 843 1417 de
858 1342 997 1417 Cadmo
1014 1363 1104 1440 rege
1120 1345 1342 1440 Thebarum,
1356 1345 1419 1440 qui
1437 1353 1587 1440 propter
1603 1342 1722 1415 multa
1738 1339 1795 1414 in-

621 1463 738 1539 felicia
764 1461 963 1537 inlortunia
980 1483 1065 1556 quae
1082 1470 1265 1539 venerunt
1289 1485 1402 1561 snper
1426 1463 1644 1560 sanguinem
1670 1482 1794 1556 suum,

621 1581 797 1658 recedens
829 1581 877 1656 ab
895 1581 1005 1668 „urbe
1038 1601 1125 1656 cum
1158 1603 1277 1659 uxore
1305 1605 1373 1660 sua
1405 1584 1525 1658 iactus
1549 1588 1605 1658 est
1630 1599 1789 1676 serpens.

621 1702 758 1778 Deinde
782 1700 893 1777 debes
918 1700 977 1776 laic
1008 1701 1241 1778 considerare
1271 1702 1499 1779 infelicitates
1529 1701 1609 1777 eius
1643 1705 1681 1775 et
1712 1699 1793 1774 ieli-
1926 1737 1928 1742 .

620 1824 758 1917 citates,
793 1828 836 1895 ut
865 1821 935 1895 illae
966 1813 1005 1915 (⁸)
1036 1821 1169 1898 melius
1202 1828 1361 1919 pateant,
1395 1822 1443 1899 de
1476 1822 1611 1919 quibus
1644 1820 1793 1896 Ovidius

619 1943 729 2018 tertio
757 1942 815 2016 sui
845 1941 994 2016 maioris
1028 1943 1144 2017 molta
1177 1941 1288 2039 lingit.
1324 1943 1395 2018 Sed
1425 1949 1468 2017 ut
1502 1941 1620 2039 magis
1654 1961 1791 2036 sequar

618 2062 805 2138 historiam
832 2081 944 2156 quam
971 2061 1144 2156 tabulam,
1163 2063 1248 2137 volo
1274 2071 1311 2138 te
1336 2061 1442 2157 scire,
1468 2061 1568 2157 quod
1593 2059 1688 2134 sicut
1712 2067 1791 2133 tra-

617 2183 710 2257 dunt
739 2187 884 2257 veteres
917 2180 1122 2276 scriptores,
1161 2181 1309 2278 Agenor
1342 2201 1409 2256 rer
1445 2181 1531 2279 lyri
1564 2180 1727 2255 famosus
1751 2178 1789 2254 in

617 2301 769 2399 regione
780 2300 977 2376 Phoeniciae
996 2299 1124 2377 habuit
1143 2299 1269 2394 liliam,
1286 2302 1436 2376 nomine
1455 2302 1655 2396 Europam,
1673 2319 1787 2394 quam

617 2422 757 2518 Jupiter
787 2441 854 2496 rex
884 2421 1002 2496 Cretae
1032 2419 1166 2496 iurtive
1201 2420 1322 2516 rapuit
1338 2409 1394 2514 (ῆς
1427 2425 1652 2516 quapropter
1685 2423 1790 2514 pater

616 2542 744 2616 dolore
761 2547 969 2615 commotus
986 2539 1172 2615 mandavit
1188 2540 1326 2616 Cadmo
1340 2539 1414 2614 lilio
1428 2533 1478 2635 (ὓ),
1492 2546 1536 2615 ut
1552 2540 1667 2635 ipsam
1685 2557 1790 2632 quae-

618 2661 717 2737 reret
743 2661 893 2756 ubique,
918 2660 1001 2757 lege
1025 2660 1122 2754 data,
1147 2681 1196 2735 ne
1216 2661 1295 2736 sine
1315 2680 1360 2736 ea
1386 2666 1639 2736 reverteretur
1664 2659 1701 2733 in
1726 2680 1792 2755 pa-

616 2781 736 2856 triam.
770 2780 841 2869 Qui
871 2780 1128 2877 magnanimus
1159 2781 1319 2876 juvenis,
1358 2781 1483 2858 electis
1496 2771 1533 2872 (⁶)
1566 2779 1633 2854 sibi
1672 2778 1790 2873 sociis,

616 2903 721 2976 laetus
758 2901 805 2976 de
842 2901 950 2976 exilio
981 2900 1047 2974 sibi
1077 2899 1223 2995 indicto,
1253 2921 1327 2976 non
1361 2907 1536 2996 reputans
1568 2899 1790 2976 conveniens

614 3044 693 3097 suae
718 3021 844 3097 virtuti
869 3021 1026 3096 scrutari
1051 3020 1203 3118 vestigia
1230 3020 1405 3115 mulieris,
1423 3039 1511 3094 cum
1529 3018 1675 3115 navigio
1702 3038 1789 3114 per·

614 3143 714 3219 venit
739 3143 777 3217 in
802 3141 996 3236 Graeciam,
1013 3160 1184 3235 quaerens
1209 3139 1276 3214 sibi
1301 3144 1340 3214 et
1363 3139 1469 3214 sociis
1488 3157 1621 3212 novem
1640 3137 1786 3231 sedem;

612 3269 651 3338 et
687 3268 839 3357 accepto
876 3281 1051 3356 responso
1089 3259 1137 3334 ab
1171 3258 1334 3355 Apolline
1363 3257 1540 3354 delphico,
1573 3263 1617 3332 ut
1654 3275 1790 3351 seque·

612 3389 717 3458 retur
753 3383 905 3476 bovem,
943 3401 966 3456 a
1004 3400 1080 3475 quo
1116 3384 1241 3474 postea
1279 3376 1528 3452 denominavit
1560 3375 1786 3473 provinciam

611 3503 788 3597 Boetiam,
806 3501 929 3595 aliqua
946 3501 1076 3596 proelia
1100 3499 1229 3574 habuit
1248 3519 1335 3578 cum
1352 3496 1636 3572 Lacedaemoniis
1656 3507 1694 3573 et
1709 3497 1788 3571 aliis

611 3620 756 3714 vicinis;
769 3620 904 3715 quibus
916 3619 1060 3714 sedatis,
1076 3618 1234 3694 condidit
1247 3617 1392 3712 urbem,
1405 3638 1518 3711 quam
1533 3615 1676 3692 vocavit
1692 3617 1788 3690 The-

612 3741 690 3834 bas,
715 3739 822 3816 cuius
847 3739 969 3817 statim
995 3739 1197 3835 appellatus
1214 3743 1270 3812 est
1294 3757 1360 3812 rer
1385 3757 1409 3810 a
1433 3736 1520 3810 suis.
1541 3735 1586 3809 Et
1602 3755 1689 3811 cum
1706 3736 1786 3831 jam

611 3859 698 3936 lelir
711 3859 900 3934 rideretur
912 3857 1032 3953 exilio,
1045 3859 1168 3934 clarus
1186 3878 1314 3954 regno,
1327 3856 1462 3931 clarior
1479 3856 1689 3931 inventione
1705 3855 1787 3930 lite·

612 4001 753 4075 rarum,
780 3999 873 4074 quas
898 3978 1042 4074 primus
1066 3977 1190 4054 docuit
1214 3984 1364 4075 gentem
1391 3977 1535 4072 rudem,
1556 3978 1683 4052 volens
1707 3975 1787 4052 fleri

611 4099 835 4175 clarissimus
859 4100 964 4195 prole
988 4099 1093 4176 duxit
1105 4089 1143 4192 (⁷)
1169 4098 1236 4174 sibi
1257 4097 1496 4173 Hermionam
1516 4117 1673 4173 uxorem
1691 4116 1787 4193 proe·

610 4221 737 4295 stantis
762 4220 892 4294 iormae
923 4227 961 4296 et
990 4219 1203 4314 nobilitatis,
1234 4238 1280 4293 ex
1311 4238 1387 4312 qua
1411 4223 1574 4312 qrratuor
1605 4217 1697 4292 filias
1720 4237 1787 4314 ge-

609 4339 700 4434 nuit,
719 4359 812 4435 quas
828 4339 987 4437 insignes
1004 4339 1139 4414 decore
1155 4346 1317 4432 quatuor
1329 4336 1530 4433 juvenibus
1546 4337 1688 4434 inclytis
1705 4356 1785 4410 ma-

608 4459 781 4534 trimonio
806 4458 1007 4554 collocavit,
1025 4479 1073 4533 ex
1099 4458 1234 4553 quibus
1259 4463 1411 4553 nepotes
1431 4456 1537 4532 vidit:
1555 4467 1594 4534 et
1618 4456 1655 4529 in
1680 4453 1784 4529 brevi

609 4578 768 4653 Cadmus
785 4583 893 4651 natus
910 4583 1015 4673 patre
1032 4597 1132 4675 rege,
1154 4597 1200 4654 er
1215 4567 1252 4671 (⁸)
1274 4578 1385 4654 exule
1401 4576 1520 4652 iactus
1540 4581 1595 4651 ert
1619 4594 1700 4668 rex,
1717 4593 1785 4648 no·

672 4843 699 4906 (¹)
716 4843 746 4894 lt.
762 4845 943 4896 rememorari.
1036 4843 1065 4908 ι’)
1081 4845 1113 4896 B.
1123 4859 1211 4910 supra,
1223 4861 1279 4912 cap.
1290 4847 1349 4899 xv.
1441 4843 1516 4908 ΟΕ.
1532 4849 1563 4896 ul
1579 4843 1624 4896 llla
1640 4842 1743 4896 melior·

673 4921 701 4982 (⁸)
716 4921 742 4972 S.
758 4922 1052 4988 ablull13qorpropter
1068 4928 1143 4988 pater
1157 4924 1214 4975 elur
1229 4925 1331 4977 dolore.
1441 4923 1471 4986 (⁸)
1486 4923 1518 4974 ll.
1534 4922 1589 4974 llllo
1604 4934 1653 4973 ruo
1669 4925 1707 4972 ut.

674 4997 702 5061 ι’]
718 4999 750 5049 B.
765 4999 876 5050 inventia
891 4999 946 5052 rllrl.
1041 5000 1068 5064 (¹)
1085 5001 1116 5053 a.
1133 5002 1280 5054 transduxit
1290 5002 1472 5054 llermlonem.

674 5073 703 5134 ι’]
718 5075 750 5126 li.
766 5079 794 5126 ct
808 5075 870 5126 exul
887 5075 971 5128 iretur
985 5080 1033 5128 est.
