4580 6844
709 949 782 1018 3³⁴
1104 959 1310 1018 commu
1333 963 1486 1018 mmm

710 1105 780 1180 isto
804 1124 872 1202 per
897 1102 1042 1202 linguas
1066 1103 1262 1181 maledicas
1277 1099 1313 1198 (¹)
1340 1106 1602 1182 detractorum.
1620 1145 1672 1162 -
1688 1111 1732 1184 Sc
1749 1107 1879 1184 radu-

709 1245 823 1299 rrassc.
848 1223 915 1299 llic
938 1231 1049 1300 autor
1073 1225 1120 1299 ad
1152 1225 1423 1301 roborationem
1437 1217 1475 1319 (¹)
1508 1227 1566 1301 sui
1595 1226 1680 1302 dicti
1711 1227 1878 1324 ostendit,

710 1343 811 1439 quod
835 1363 908 1417 non
933 1349 1052 1438 potest
1073 1344 1237 1439 reperire
1253 1345 1566 1441 comparationem
1583 1345 1731 1444 dignam
1748 1347 1795 1423 ad
1812 1368 1880 1424 or·

710 1461 913 1559 plicandam
937 1467 1079 1538 tantam
1104 1462 1377 1539 multitudinem
1395 1465 1611 1560 vulnerum3
1633 1466 1732 1542 unde
1755 1465 1879 1543 brovi-

710 1588 769 1658 ter
793 1582 976 1677 percurrit
999 1588 1037 1657 et
1061 1581 1270 1680 perstringit
1298 1583 1415 1658 multa
1444 1584 1574 1679 proelia
1602 1583 1697 1660 iacta
1727 1583 1879 1660 diversis

711 1699 937 1796 temporibus
961 1701 999 1775 in
1024 1701 1136 1796 ltalia,
1162 1701 1198 1775 in
1225 1702 1359 1796 quibus
1384 1702 1477 1776 lacta
1508 1702 1578 1776 luit
1601 1724 1735 1800 magna
1760 1703 1878 1780 eaedes

708 1826 747 1895 et
771 1827 912 1916 strages
929 1819 1140 1915 bominum3
1157 1826 1258 1896 etex
1275 1823 1346 1897 boc
1360 1821 1545 1897 concludit
1560 1821 1660 1917 quod
1681 1823 1877 1900 multitudo

707 1946 746 2017 ot
769 1939 1014 2035 multiplicitas
1043 1942 1241 2016 ruinarum
1272 1941 1453 2016 laetorum
1486 1941 1523 2016 in
1554 1942 1623 2016 illis
1653 1942 1791 2038 proeliis
1820 1951 1877 2019 est

707 2060 807 2134 nulla
822 2065 988 2155 respectu
1007 2061 1201 2156 plagarum
1215 2081 1308 2155 quas
1325 2059 1413 2135 vidit
1428 2061 1497 2136 bic
1512 2061 1641 2158 Tangit
1659 2081 1751 2158 ergo
1767 2061 1876 2157 quin-

707 2198 783 2274 que
803 2180 944 2275 proelia,
961 2200 1122 2274 quorum
1143 2180 1306 2274 primum
1319 2171 1357 2272 (⁸)
1378 2186 1435 2256 est
1459 2179 1548 2256 illud
1567 2180 1873 2277 antiquissimum,

707 2300 806 2394 quod
830 2307 977 2396 gestum
1004 2306 1059 2375 est
1083 2299 1179 2374 inter
1203 2301 1342 2375 Eneam
1357 2288 1394 2394 (⁴)
1420 2300 1567 2395 quando
1586 2300 1705 2396 primo
1722 2301 1875 2376 venitin

707 2420 859 2515 ltaliam,
885 2426 922 2495 et
946 2421 1114 2494 Turnum
1140 2439 1269 2516 regem
1294 2419 1516 2515 Rutilorum,
1541 2419 1579 2494 in
1603 2440 1678 2514 quo
1702 2419 1797 2498 iacta
1822 2427 1878 2497 est

711 2561 845 2636 magna
871 2540 990 2615 eodm
1015 2540 1220 2635 bominum,
1245 2539 1292 2614 de
1316 2538 1451 2634 quibus
1466 2531 1503 2632 (⁶)
1529 2539 1636 2635 plene
1659 2539 1733 2615 dixi
1758 2539 1878 2635 primo

709 2661 868 2756 capitulo
893 2659 1003 2733 buius
1028 2659 1180 2754 lnlerni3
1199 2659 1280 2734 ideo
1296 2649 1333 2753 (⁶)
1350 2659 1438 2733 nibil
1455 2665 1582 2756 repeto
1599 2659 1686 2754 quia
1705 2659 1776 2736 alia
1792 2667 1878 2736 sunt

711 2779 918 2854 necessario
941 2778 1092 2855 dicenda
1117 2779 1186 2854 bic.
1212 2779 1303 2854 llicit
1327 2798 1437 2876 ergo:
1457 2800 1496 2852 se
1509 2781 1538 2852 ε’
1551 2781 1876 2870 ααωιωεωηοον,

709 2898 811 2994 idest,
825 2905 1038 2996 resurgeret
1054 2905 1091 2974 ct
1107 2905 1397 2996 congregaretur
1413 2898 1451 2972 in
1467 2920 1596 2993 unum,
1609 2905 1695 2972 trun
1711 2902 1748 2971 lo
1761 2907 1875 2991 peno,

706 3017 842 3095 scilicet
866 3018 1045 3112 bedatrix,
1070 3020 1130 3091 cle
1153 3008 1215 3110 pid
1235 3021 1278 3112 sa
1300 3019 1435 3092 dolente
1458 3020 1516 3092 dcl
1528 3039 1592 3092 suo
1608 3039 1752 3111 scapua
1769 3017 1873 3111 idest,

705 3137 752 3212 de
782 3137 839 3211 sui
870 3137 1057 3234 sanguinis
1088 3135 1277 3231 allusione,
1302 3137 1389 3232 quia
1418 3157 1513 3212 caesa
1545 3143 1582 3214 et
1612 3138 1805 3214 vulnerata
1835 3135 1872 3210 in

704 3257 847 3352 proelio,
858 3278 927 3349 per
944 3260 970 3331 li
985 3261 1129 3349 boiam,
1145 3257 1282 3333 scilicet
1298 3258 1362 3352 qui
1380 3263 1563 3333 venerunt
1579 3257 1616 3331 in
1632 3255 1772 3331 ltaliam
1784 3276 1872 3331 cum

704 3378 816 3471 daea,
837 3375 900 3470 qui
915 3365 952 3469 (⁷)
979 3377 1131 3452 luerunt
1155 3377 1313 3452 victores
1337 3397 1422 3452 cum
1449 3397 1512 3470 eo;
1539 3375 1621 3452 ideo
1645 3376 1749 3452 dicit:
1769 3379 1807 3449 ia
1831 3397 1873 3450 su

704 3499 742 3569 la
764 3499 947 3590 tortosonte
971 3503 1070 3569 terra
1093 3498 1132 3569 dt
1155 3499 1296 3587 Puplr'o,
1313 3515 1397 3589 quae
1422 3494 1490 3568 luit
1515 3494 1699 3568 fortunata
1725 3493 1874 3571 victori·

704 3616 786 3709 bus,
811 3614 905 3689 sicut
928 3637 952 3690 a
977 3615 1084 3689 simili
1107 3615 1145 3688 in
1171 3615 1330 3710 capitulo
1355 3614 1470 3687 lllllll
1496 3618 1604 3687 vocat
1634 3616 1772 3687 terram
1798 3612 1874 3686 ior-

705 3741 870 3810 tunatam
897 3735 933 3808 in
957 3733 1091 3829 Africa,
1118 3734 1180 3807 ubi
1206 3733 1326 3828 Scipio
1345 3732 1472 3808 babuit
1492 3730 1683 3806 victoriam
1704 3730 1751 3806 de
1775 3731 1873 3806 llan-

705 3853 843 3950 nibale;
868 3856 927 3930 vel
951 3855 1110 3950 appellat
1123 3845 1160 3947 (⁸)
1185 3854 1280 3929 torte
1304 3860 1442 3929 terram
1468 3850 1608 3946 Apuliae
1636 3851 1872 3945 fortunatam,

569 4017 573 4024 -
704 3975 791 4070 quia
815 3974 853 4048 in
878 3993 923 4050 ea
949 3974 1032 4049 lacti
1058 3981 1145 4048 sunt
1169 3978 1222 4048 tot
1248 3971 1428 4047 terribiles
1457 3971 1647 4046 condictus
1677 3971 1871 4066 bellorum,

703 4095 797 4170 sicut
822 4094 942 4170 statim
969 4093 1136 4189 sequitur
1161 4093 1208 4168 de
1232 4092 1424 4187 aliquibus.
1438 4131 1489 4146 -
1507 4095 1541 4164 E
1563 4112 1640 4184 per.
1667 4091 1732 4166 llic
1758 4091 1872 4187 tangit

702 4215 906 4290 secundum
931 4213 1103 4311 proellum
1131 4213 1230 4308 quod
1255 4213 1391 4287 batum
1415 4217 1470 4287 est
1489 4210 1527 4284 in
1544 4217 1644 4286 terra
1661 4209 1800 4304 Apuliae
1816 4209 1871 4284 la·

702 4335 948 4409 mosissimum
974 4333 1141 4408 omnium
1168 4332 1383 4428 proeliorum
1411 4350 1673 4425 romanorum
1697 4330 1745 4404 ad
1769 4329 1868 4423 quod

702 4458 809 4553 plene
834 4453 1036 4548 sciendum,
1062 4455 1209 4550 longam
1227 4451 1413 4526 historiam
1436 4451 1540 4526 brevi
1557 4449 1767 4525 narratione
1783 4468 1869 4543 per·

700 4575 889 4670 stringam.
916 4574 979 4646 Est
1002 4573 1115 4668 igitur
1146 4571 1334 4646 sciendum
1367 4571 1466 4665 quod
1495 4570 1656 4644 Amilcar
1684 4568 1759 4642 dux
1785 4587 1868 4642 car·

761 4760 790 4822 (¹)
805 4759 831 4810 8.
848 4758 1008 4810 maledictas·
1333 4755 1360 4820 (¹)
1375 4757 1407 4808 B.
1423 4756 1609 4820 probationem.

763 4835 790 4899 Ρ)
806 4835 832 4886 S.
848 4849 938 4894 unum.
954 4835 1054 4886 scillcet
1071 4834 1193 4898 primum.
1334 4833 1362 4896 θ)
1377 4832 1408 4885 B.
1425 4833 1525 4884 mam
1540 4837 1567 4883 et
1583 4831 1703 4882 Turnum
1718 4843 1817 4895 rogem.

763 4913 792 4976 (⁸)
807 4913 838 4964 Β·
854 4913 887 4964 de
902 4926 964 4978 qno.
1334 4909 1362 4973 (¹)
1378 4911 1409 4962 B.
1426 4911 1485 4962 ideo
1500 4923 1553 4962 non
1569 4912 1669 4974 rapoto.
1701 4973 1703 4978 y

763 4989 791 5129 g}
807 4990 838 5116 ἓ
853 4990 968 5131 :afflat
982 5071 1082 5118 terram
1097 5065 1256 5118 fortunatam
1272 5063 1376 5130 Apuli·
1391 5063 1531 5126 inlellnrm,
1543 5063 1646 5116 'mucel
1660 5061 1729 5128 qnia.
1851 5082 1854 5088 .
