4606 6840
717 921 789 990 232
1112 928 1315 986 cununrmr
1340 929 1492 984 turnum

715 1082 799 1158 licet
824 1079 1005 1177 Virgilius,
1031 1079 1094 1174 qui
1125 1080 1244 1174 prima
1275 1079 1515 1174 descripserat
1544 1080 1649 1174 plene
1678 1079 1788 1154 istum
1816 1082 1885 1156 Ca-

716 1222 815 1296 cum,
840 1203 952 1274 disse:
978 1203 1083 1292 quest
1095 1195 1132 1273 e'e
1160 1204 1283 1292 cucco,
1313 1205 1350 1274 et
1382 1205 1437 1274 est
1467 1219 1602 1274 numen
1631 1199 1726 1276 bene
1755 1221 1886 1277 cunsu-

646 1411 649 1419 Ι
716 1343 807 1396 num
833 1320 919 1414 sibi3
945 1340 1030 1394 uam
1060 1321 1190 1392 cactos
1210 1339 1343 1416 graecc,
1361 1319 1472 1394 latine
1493 1323 1637 1410 malum,
1662 1326 1700 1393 et
1724 1319 1792 1394 iste
1817 1320 1885 1396 luit

608 1443 616 1454 '
716 1443 847 1536 malus,
865 1441 940 1514 imo
965 1440 1144 1538 pessimus
1169 1441 1366 1534 latronum,
1385 1440 1485 1534 quud
1505 1440 1625 1517 statim
1644 1441 1800 1515 ostendit
1819 1463 1885 1538 per

716 1563 795 1636 eius
820 1582 932 1657 opera
962 1583 1086 1656 prava,
1116 1561 1263 1635 dicens:
1297 1563 1356 1634 cde
1377 1565 1451 1655 [ecc
1478 1583 1592 1653 specsc
1623 1565 1711 1636 volte
1739 1565 1817 1636 laco
1848 1566 1886 1636 di

715 1703 870 1776 scapum
897 1682 994 1756 unde
1028 1681 1198 1778 Virgilius
1231 1680 1363 1756 ibidem
1380 1674 1416 1774 (⁴)
1452 1681 1548 1776 dicit,
1580 1681 1679 1774 quud
1710 1682 1884 1777 spelunca

716 1803 795 1878 eius
827 1809 908 1877 erat
940 1808 1094 1896 remota,
1131 1822 1334 1896 numquam
1365 1821 1519 1876 accensa
1552 1800 1659 1874 radiis
1691 1801 1786 1897 sclls,
1820 1802 1883 1878 sed

714 1944 861 2020 semper
886 1923 1025 1998 recenti
1049 1923 1228 2019 sanguine
1258 1921 1424 2017 humida,
1451 1928 1488 1996 et
1517 1921 1563 1996 ad
1594 1923 1796 2016 superbum
1827 1923 1885 1995 in-

715 2045 867 2120 troitum
893 2045 1075 2139 spelunca
1101 2049 1207 2117 erant
1236 2062 1395 2136 appensa
1425 2041 1543 2137 capita
1571 2042 1717 2136 putrida
1742 2053 1779 2119 et
1805 2043 1885 2137 pal-

714 2164 785 2239 lida
810 2164 1086 2239 interfectorum
1111 2163 1158 2236 ab
1183 2162 1280 2258 ipsc;
1305 2161 1388 2237 ideo
1420 2161 1527 2236 dicit:
1560 2168 1650 2235 sotto
1674 2165 1700 2235 'l
1722 2183 1823 2236 sasso
1847 2166 1885 2236 dt

714 2292 828 2358 monte
851 2286 1034 2374 tuumne,
1051 2282 1114 2376 qui
1131 2287 1186 2356 est
1203 2303 1300 2357 unus
1318 2302 1364 2357 cr
1382 2288 1522 2377 septem
1540 2282 1725 2356 mantibus
1743 2283 1881 2376 Romae,

713 2405 767 2479 sic
789 2403 1045 2478 denominatus
1068 2403 1116 2476 ab
1139 2403 1270 2476 avibus
1290 2423 1374 2494 qum
1394 2401 1574 2477 dederunt
1590 2403 1789 2500 augurium
1808 2403 1883 2476 Ro·

715 2524 829 2617 mulo,
846 2523 893 2598 ad
913 2542 1025 2616 quem
1043 2522 1165 2620 locum
1182 2522 1320 2617 appulit
1337 2521 1511 2597 Hercules
1528 2534 1707 2620 regnante
1727 2523 1775 2597 ihi
1794 2543 1883 2620 rege

713 2642 892 2718 Evandro.
919 2642 963 2714 Et
986 2641 1179 2735 respondet
1204 2641 1374 2738 Virgilius
1399 2641 1588 2736 quaestioni
1614 2643 1743 2738 tacitae,
1769 2665 1881 2739 quam

714 2766 849 2841 Dantes
873 2762 1067 2838 videbatur
1091 2761 1156 2835 sibi
1182 2762 1357 2836 facturus
1376 2761 1477 2837 Sicut
1497 2763 1595 2836 enim
1614 2764 1748 2839 llantcs
1772 2785 1882 2860 supe-

715 2885 792 2960 rius
816 2883 1005 2980 petiverat,
1036 2901 1153 2977 quare
1177 2883 1321 2956 Vanncs
1353 2883 1409 2956 vir
1443 2883 1664 2979 sanguinum
1697 2905 1769 2960 non
1801 2891 1882 2960 erat

567 3041 570 3048 ·
713 3005 851 3102 positus
875 3003 913 3077 in
938 3003 1076 3078 circulo
1101 3003 1347 3078 violentorum
1373 3003 1468 3077 inter
1489 3012 1695 3099 centauros,
1714 3005 1762 3080 ita
1784 3027 1883 3081 nunc

713 3125 877 3200 similiter
901 3125 1036 3200 Dantes
1060 3128 1203 3220 peterat
1232 3129 1379 3232 petere:
1411 3123 1440 3196 si
1473 3123 1590 3200 dacus
1618 3145 1715 3220 saepe
1728 3116 1767 3218 (²)
1800 3126 1884 3202 iecit

712 3245 759 3321 de
782 3244 960 3342 sanguine
985 3244 1119 3338 lacum,
1145 3261 1214 3317 cur
1238 3263 1329 3340 ergo
1353 3263 1427 3318 non
1459 3250 1515 3317 est
1538 3244 1675 3337 positus
1707 3252 1745 3320 et
1777 3246 1885 3340 puni·

712 3373 772 3440 tus
796 3365 833 3438 in
859 3365 954 3441 valle
979 3363 1165 3460 sanguinis
1190 3384 1277 3438 cum
1301 3363 1380 3438 aliis
1398 3363 1589 3438 violentis?
1606 3364 1691 3440 ldeo
1713 3366 1884 3464 Virgilius

712 3485 888 3581 praevenit
925 3485 1056 3579 ipsum,
1087 3490 1124 3558 et
1155 3483 1258 3558 dicit:
1292 3483 1359 3558 iste
1391 3485 1519 3579 Cacus,
1550 3505 1621 3556 non
1653 3507 1698 3558 va
1728 3489 1782 3560 cot
1805 3491 1884 3562 moi

711 3606 855 3699 fratelli,
880 3603 971 3678 idest
994 3622 1081 3677 cum
1107 3601 1184 3676 aliis
1210 3603 1404 3696 centauris,
1428 3624 1494 3696 per
1524 3625 1573 3700 un
1601 3609 1752 3697 cumino,
1786 3607 1882 3681 scilia

714 3731 772 3800 cet
797 3743 862 3818 per
888 3723 1005 3818 ripam
1032 3723 1128 3797 circa
1150 3723 1365 3820 sanguinem
1382 3723 1631 3820 discurrendo,
1650 3726 1743 3801 sicut
1760 3728 1809 3801 illi
1825 3728 1882 3804 la-

714 3845 835 3940 ciunt;
853 3850 890 3919 et
907 3864 993 3920 ecce
1018 3863 1179 3938 causam,
1195 3865 1260 3936 per·
1281 3847 1315 3916 lo
1328 3847 1426 3937 serto
1442 3847 1638 3939 [rodelento
1643 3872 1658 3940 ;
1675 3853 1712 3921 et
1729 3847 1780 3922 sic
1797 3848 1882 3925 vide

713 3963 811 4058 quud
837 3964 938 4038 fraus
954 3963 1074 4038 addita
1089 3954 1125 4057 (³)
1145 3985 1256 4058 supra
1274 3963 1347 4037 vim
1368 3972 1547 4061 aggravat
1562 3971 1767 4061 peccatum,
1785 3967 1880 4042 sicut

713 4085 809 4160 idem
847 4083 984 4159 dictum
1023 4090 1077 4174 est
1114 4104 1225 4179 supra
1255 4084 1302 4158 de
1335 4084 1462 4159 Vanne
1489 4084 1600 4158 Furii.
1639 4087 1756 4160 Cacus
1790 4108 1881 4184 ergo

712 4225 803 4278 usus
828 4209 883 4278 est
908 4224 1054 4278 summa
1071 4203 1200 4278 iraude
1218 4203 1364 4298 quando
1381 4203 1493 4278 traxit
1508 4204 1621 4279 boves
1641 4225 1706 4300 per
1723 4206 1878 4281 caudam

712 4325 807 4398 intra
833 4325 1056 4420 speluncam,
1074 4331 1116 4398 ut
1140 4323 1290 4420 vestigia
1309 4325 1523 4420 retrograda
1544 4324 1744 4402 indicarent
1761 4328 1881 4423 potius

711 4466 898 4522 recessum
924 4465 1037 4537 quam
1061 4463 1249 4518 accessum
1275 4443 1320 4519 ad
1346 4444 1486 4540 locum3
1512 4446 1606 4520 sicut
1630 4447 1777 4523 asimili
1797 4449 1881 4541 qui·

711 4566 796 4639 dam
822 4563 970 4638 tradunt
995 4563 1042 4638 dc
1066 4563 1228 4657 Catilina,
1263 4563 1326 4658 qui
1355 4564 1422 4641 luit
1446 4565 1611 4644 similiter
1635 4567 1816 4644 violentus
1842 4577 1880 4644 et

711 4682 976 4774 fraudulentus,
1001 4681 1065 4776 qui
1092 4683 1265 4758 recedens
1295 4683 1430 4759 furtive
1462 4685 1509 4759 de
1541 4693 1666 4762 monte
1697 4688 1879 4764 loesulano

711 4803 794 4879 lecit
818 4801 948 4876 ferrari
974 4822 1090 4896 equos
1115 4823 1201 4876 suus
1226 4803 1451 4900 retrograde,
1468 4808 1558 4879 cd'ei
1578 4811 1653 4901 fece
1668 4810 1725 4881 del
1741 4812 1880 4898 marulo

773 4990 800 5054 (¹)
817 4990 848 5040 lt.
863 4989 932 5040 idum
947 4991 1018 5052 dicit,
1035 4990 1134 5042 sollium
1145 4991 1224 5055 quod.
1409 4990 1436 5054 (Ἴ
1453 4993 1483 5044 Ε
1498 4996 1644 5058 uplauma.

774 5068 802 5132 (¹)
819 5067 844 5119 S.
861 5067 946 5119 uddlta
962 5067 1034 5120 furtu
1050 5069 1283 5134 cupreum-13.
1300 5069 1398 5122 adlecta
1414 5073 1570 5136 supersim.
