<?xml version="1.0" encoding="UTF-8"?>
<!DOCTYPE html PUBLIC "-//W3C//DTD XHTML 1.0 Transitional//EN"
    "http://www.w3.org/TR/xhtml1/DTD/xhtml1-transitional.dtd">
<html xmlns="http://www.w3.org/1999/xhtml" xml:lang="en" lang="en">
 <head>
  <title>
</title>
<meta http-equiv="Content-Type" content="text/html;charset=utf-8" />
  <meta name='ocr-system' content='tesseract 3.04.00' />
  <meta name='ocr-capabilities' content='ocr_page ocr_carea ocr_par ocr_line ocrx_word'/>
</head>
<body>
  <div class='ocr_page' id='page_1' title='image "./comentumsuperda01benvgoog_0170.png"; bbox 0 0 4534 6842; ppageno 0'>
   <div class='ocr_carea' id='block_1_1' title="bbox 786 955 1634 1024">
    <p class='ocr_par' dir='ltr' id='par_1_1' title="bbox 786 955 1634 1024">
     <span class='ocr_line' id='line_1_1' title="bbox 786 955 1634 1024; baseline 0 -2"><span class='ocrx_word' id='word_1_1' title='bbox 786 966 927 1023; x_wconf 77' lang='lat' dir='ltr'>caurus</span> <span class='ocrx_word' id='word_1_2' title='bbox 952 967 1143 1024; x_wconf 82' lang='lat' dir='ltr'>vruusrnus</span> <span class='ocrx_word' id='word_1_3' title='bbox 1167 969 1330 1024; x_wconf 83' lang='lat' dir='ltr'>rnurrus.</span> <span class='ocrx_word' id='word_1_4' title='bbox 1567 955 1634 1024; x_wconf 82' lang='lat'>161</span> 
     </span>
    </p>
   </div>
   <div class='ocr_carea' id='block_1_2' title="bbox 461 1112 1641 1689">
    <p class='ocr_par' dir='ltr' id='par_1_2' title="bbox 461 1112 1641 1689">
     <span class='ocr_line' id='line_1_2' title="bbox 465 1112 1639 1211; baseline 0.001 -25"><span class='ocrx_word' id='word_1_5' title='bbox 465 1112 495 1186; x_wconf 88' lang='lat' dir='ltr'>si</span> <span class='ocrx_word' id='word_1_6' title='bbox 524 1129 644 1186; x_wconf 86' lang='lat' dir='ltr'>essem</span> <span class='ocrx_word' id='word_1_7' title='bbox 674 1131 793 1186; x_wconf 92' lang='lat' dir='ltr'>uuum</span> <span class='ocrx_word' id='word_1_8' title='bbox 830 1115 1041 1209; x_wconf 68' lang='lat' dir='ltr'>speculum</span> <span class='ocrx_word' id='word_1_9' title='bbox 1075 1115 1157 1211; x_wconf 91' lang='lat' dir='ltr'>lege</span> <span class='ocrx_word' id='word_1_10' title='bbox 1198 1113 1251 1189; x_wconf 89' lang='lat' dir='ltr'>sic</span> <span class='ocrx_word' id='word_1_11' title='bbox 1290 1113 1459 1189; x_wconf 79' lang='lat' dir='ltr'>literam:</span> <span class='ocrx_word' id='word_1_12' title='bbox 1492 1135 1512 1187; x_wconf 87' lang='lat' dir='ltr'>c</span> <span class='ocrx_word' id='word_1_13' title='bbox 1547 1117 1639 1208; x_wconf 79' lang='lat' dir='ltr'>poci,</span> 
     </span>
     <span class='ocr_line' id='line_1_3' title="bbox 465 1229 1639 1329; baseline 0.002 -25"><span class='ocrx_word' id='word_1_14' title='bbox 465 1230 567 1328; x_wconf 79' lang='lat' dir='ltr'>idest,</span> <span class='ocrx_word' id='word_1_15' title='bbox 594 1240 631 1306; x_wconf 89' lang='lat' dir='ltr'>et</span> <span class='ocrx_word' id='word_1_16' title='bbox 656 1232 717 1308; x_wconf 89' lang='lat' dir='ltr'>ille</span> <span class='ocrx_word' id='word_1_17' title='bbox 741 1232 912 1328; x_wconf 80' lang='lat' dir='ltr'>Virgilius</span> <span class='ocrx_word' id='word_1_18' title='bbox 938 1234 1142 1329; x_wconf 83' lang='lat' dir='ltr'>respondit:</span> <span class='ocrx_word' id='word_1_19' title='bbox 1166 1236 1203 1308; x_wconf 88' lang='lat' dir='ltr'>io</span> <span class='ocrx_word' id='word_1_20' title='bbox 1227 1255 1300 1307; x_wconf 87' lang='lat' dir='ltr'>non</span> <span class='ocrx_word' id='word_1_21' title='bbox 1322 1235 1456 1308; x_wconf 73' lang='lat' dir='ltr'>barret</span> <span class='ocrx_word' id='word_1_22' title='bbox 1468 1229 1530 1327; x_wconf 72' lang='lat' dir='ltr'>poll</span> <span class='ocrx_word' id='word_1_23' title='bbox 1550 1239 1639 1306; x_wconf 73' lang='lat' dir='ltr'>msto</span> 
     </span>
     <span class='ocr_line' id='line_1_4' title="bbox 464 1352 1638 1450; baseline 0.001 -24"><span class='ocrx_word' id='word_1_24' title='bbox 464 1373 567 1426; x_wconf 85' lang='lat' dir='ltr'>ome</span> <span class='ocrx_word' id='word_1_25' title='bbox 590 1357 629 1428; x_wconf 85' lang='lat' dir='ltr'>di</span> <span class='ocrx_word' id='word_1_26' title='bbox 650 1357 749 1448; x_wconf 70' lang='lat' dir='ltr'>litor,</span> <span class='ocrx_word' id='word_1_27' title='bbox 776 1352 879 1447; x_wconf 89' lang='lat' dir='ltr'>idest,</span> <span class='ocrx_word' id='word_1_28' title='bbox 904 1374 979 1428; x_wconf 93' lang='lat' dir='ltr'>uon</span> <span class='ocrx_word' id='word_1_29' title='bbox 1005 1355 1190 1431; x_wconf 83' lang='lat' dir='ltr'><strong>traherem</strong></span> <span class='ocrx_word' id='word_1_30' title='bbox 1217 1361 1320 1430; x_wconf 89' lang='lat' dir='ltr'>tuam</span> <span class='ocrx_word' id='word_1_31' title='bbox 1338 1355 1537 1450; x_wconf 81' lang='lat' dir='ltr'>imaginem</span> <span class='ocrx_word' id='word_1_32' title='bbox 1555 1374 1638 1429; x_wconf 91' lang='lat' dir='ltr'>cor·</span> 
     </span>
     <span class='ocr_line' id='line_1_5' title="bbox 464 1474 1641 1570; baseline 0.002 -24"><span class='ocrx_word' id='word_1_33' title='bbox 464 1474 626 1568; x_wconf 87' lang='lat' dir='ltr'>poralem</span> <span class='ocrx_word' id='word_1_34' title='bbox 654 1474 889 1568; x_wconf 81' lang='lat' dir='ltr'>exteriorem,</span> <span class='ocrx_word' id='word_1_35' title='bbox 908 1474 1002 1551; x_wconf 90' lang='lat' dir='ltr'>sicut</span> <span class='ocrx_word' id='word_1_36' title='bbox 1022 1482 1078 1549; x_wconf 84' lang='lat' dir='ltr'>est</span> <span class='ocrx_word' id='word_1_37' title='bbox 1098 1475 1145 1549; x_wconf 91' lang='lat' dir='ltr'>de</span> <span class='ocrx_word' id='word_1_38' title='bbox 1170 1483 1303 1550; x_wconf 88' lang='lat' dir='ltr'>natura</span> <span class='ocrx_word' id='word_1_39' title='bbox 1329 1475 1479 1570; x_wconf 84' lang='lat' dir='ltr'>speculi,</span> <span class='ocrx_word' id='word_1_40' title='bbox 1496 1477 1556 1548; x_wconf 84' lang='lat' dir='ltr'>obe</span> <span class='ocrx_word' id='word_1_41' title='bbox 1571 1479 1641 1548; x_wconf 85' lang='lat' dir='ltr'>im-</span> 
     </span>
     <span class='ocr_line' id='line_1_6' title="bbox 461 1587 1638 1689; baseline 0.002 -24"><span class='ocrx_word' id='word_1_42' title='bbox 461 1600 577 1684; x_wconf 82' lang='lat' dir='ltr'>petro,</span> <span class='ocrx_word' id='word_1_43' title='bbox 602 1592 704 1688; x_wconf 80' lang='lat' dir='ltr'>idest,</span> <span class='ocrx_word' id='word_1_44' title='bbox 730 1593 906 1689; x_wconf 82' lang='lat' dir='ltr'>concipio,</span> <span class='ocrx_word' id='word_1_45' title='bbox 931 1593 1214 1689; x_wconf 84' lang='lat' dir='ltr'>comprehendo,</span> <span class='ocrx_word' id='word_1_46' title='bbox 1232 1597 1370 1686; x_wconf 69' lang='lat' dir='ltr'>detero,</span> <span class='ocrx_word' id='word_1_47' title='bbox 1391 1587 1571 1686; x_wconf 76' lang='lat' dir='ltr'>scilicetl¹l</span> <span class='ocrx_word' id='word_1_48' title='bbox 1592 1613 1638 1668; x_wconf 84' lang='lat' dir='ltr'>ex</span> 
     </span>
    </p>
   </div>
   <div class='ocr_carea' id='block_1_3' title="bbox 348 1705 1637 1810">
    <p class='ocr_par' dir='ltr' id='par_1_3' title="bbox 348 1705 1637 1810">
     <span class='ocr_line' id='line_1_7' title="bbox 348 1705 1637 1810; baseline 0.002 -24"><span class='ocrx_word' id='word_1_49' title='bbox 348 1705 352 1712; x_wconf 79' lang='grc'><strong>’</strong></span> <span class='ocrx_word' id='word_1_50' title='bbox 465 1712 590 1787; x_wconf 87' lang='lat' dir='ltr'>animo</span> <span class='ocrx_word' id='word_1_51' title='bbox 617 1732 712 1807; x_wconf 91' lang='lat' dir='ltr'>meo,</span> <span class='ocrx_word' id='word_1_52' title='bbox 738 1716 866 1806; x_wconf 81' lang='lat' dir='ltr'>puello,</span> <span class='ocrx_word' id='word_1_53' title='bbox 890 1713 1026 1790; x_wconf 91' lang='lat' dir='ltr'>scilicet</span> <span class='ocrx_word' id='word_1_54' title='bbox 1048 1713 1344 1810; x_wconf 81' lang='lat' dir='ltr'>imaginationem</span> <span class='ocrx_word' id='word_1_55' title='bbox 1360 1705 1398 1807; x_wconf 78' lang='lat'>(²)</span> <span class='ocrx_word' id='word_1_56' title='bbox 1426 1714 1637 1808; x_wconf 86' lang='lat' dir='ltr'>mentalem,</span> 
     </span>
    </p>
   </div>
   <div class='ocr_carea' id='block_1_4' title="bbox 465 1831 1636 1930">
    <p class='ocr_par' dir='ltr' id='par_1_4' title="bbox 465 1831 1636 1930">
     <span class='ocr_line' id='line_1_8' title="bbox 465 1831 1636 1930; baseline 0.001 -26"><span class='ocrx_word' id='word_1_57' title='bbox 465 1851 503 1904; x_wconf 78' lang='lat' dir='ltr'>sc</span> <span class='ocrx_word' id='word_1_58' title='bbox 523 1835 613 1925; x_wconf 82' lang='lat' dir='ltr'>sossi</span> <span class='ocrx_word' id='word_1_59' title='bbox 634 1835 672 1906; x_wconf 83' lang='lat' dir='ltr'>di</span> <span class='ocrx_word' id='word_1_60' title='bbox 691 1834 870 1926; x_wconf 62' lang='lat' dir='ltr'>pendulo</span> <span class='ocrx_word' id='word_1_61' title='bbox 895 1839 1014 1926; x_wconf 63' lang='lat' dir='ltr'>vetrm·</span> <span class='ocrx_word' id='word_1_62' title='bbox 1039 1832 1143 1928; x_wconf 90' lang='lat' dir='ltr'>idest,</span> <span class='ocrx_word' id='word_1_63' title='bbox 1168 1833 1197 1908; x_wconf 88' lang='lat' dir='ltr'>si</span> <span class='ocrx_word' id='word_1_64' title='bbox 1224 1853 1295 1930; x_wconf 92' lang='lat' dir='ltr'>ego</span> <span class='ocrx_word' id='word_1_65' title='bbox 1319 1831 1492 1929; x_wconf 86' lang='lat' dir='ltr'>Virgilius</span> <span class='ocrx_word' id='word_1_66' title='bbox 1517 1853 1636 1908; x_wconf 70' lang='lat' dir='ltr'>msem</span> 
     </span>
    </p>
   </div>
   <div class='ocr_carea' id='block_1_5' title="bbox 326 1943 1637 2048">
    <p class='ocr_par' dir='ltr' id='par_1_5' title="bbox 326 1943 1637 2048">
     <span class='ocr_line' id='line_1_9' title="bbox 326 1943 1637 2048; baseline 0.001 -22"><span class='ocrx_word' id='word_1_67' title='bbox 326 2037 330 2043; x_wconf 85' lang='lat'><em>.</em></span> <span class='ocrx_word' id='word_1_68' title='bbox 467 1954 675 2046; x_wconf 76' lang='lat' dir='ltr'>speculum,</span> <span class='ocrx_word' id='word_1_69' title='bbox 697 1974 782 2028; x_wconf 91' lang='lat' dir='ltr'>uaru</span> <span class='ocrx_word' id='word_1_70' title='bbox 809 1954 1001 2048; x_wconf 90' lang='lat' dir='ltr'>speculum</span> <span class='ocrx_word' id='word_1_71' title='bbox 1028 1943 1117 2044; x_wconf 76' lang='lat' dir='ltr'>lit(³)</span> <span class='ocrx_word' id='word_1_72' title='bbox 1139 1973 1185 2028; x_wconf 82' lang='lat' dir='ltr'>ex</span> <span class='ocrx_word' id='word_1_73' title='bbox 1212 1952 1307 2027; x_wconf 89' lang='lat' dir='ltr'>vitro</span> <span class='ocrx_word' id='word_1_74' title='bbox 1332 1960 1370 2030; x_wconf 89' lang='lat' dir='ltr'>et</span> <span class='ocrx_word' id='word_1_75' title='bbox 1395 1953 1545 2048; x_wconf 93' lang='lat' dir='ltr'>plumbo</span> <span class='ocrx_word' id='word_1_76' title='bbox 1570 1974 1637 2048; x_wconf 90' lang='lat' dir='ltr'>ap-</span> 
     </span>
    </p>
   </div>
   <div class='ocr_carea' id='block_1_6' title="bbox 459 2061 1638 4693">
    <p class='ocr_par' dir='ltr' id='par_1_6' title="bbox 459 2061 1638 4693">
     <span class='ocr_line' id='line_1_10' title="bbox 466 2061 1638 2169; baseline -0.001 -22"><span class='ocrx_word' id='word_1_77' title='bbox 466 2073 586 2167; x_wconf 89' lang='lat' dir='ltr'>plicito</span> <span class='ocrx_word' id='word_1_78' title='bbox 611 2074 678 2148; x_wconf 92' lang='lat' dir='ltr'>sibi</span> <span class='ocrx_word' id='word_1_79' title='bbox 703 2095 790 2148; x_wconf 93' lang='lat' dir='ltr'>cum</span> <span class='ocrx_word' id='word_1_80' title='bbox 817 2095 890 2149; x_wconf 88' lang='lat' dir='ltr'>uua</span> <span class='ocrx_word' id='word_1_81' title='bbox 916 2073 1152 2169; x_wconf 85' lang='lat' dir='ltr'>coniectione,</span> <span class='ocrx_word' id='word_1_82' title='bbox 1178 2080 1215 2148; x_wconf 91' lang='lat' dir='ltr'>et</span> <span class='ocrx_word' id='word_1_83' title='bbox 1246 2073 1331 2168; x_wconf 84' lang='lat' dir='ltr'>quia</span> <span class='ocrx_word' id='word_1_84' title='bbox 1361 2061 1555 2169; x_wconf 90' lang='lat' dir='ltr'>plumbum</span> <span class='ocrx_word' id='word_1_85' title='bbox 1581 2079 1638 2147; x_wconf 83' lang='lat' dir='ltr'>est</span> 
     </span>
     <span class='ocr_line' id='line_1_11' title="bbox 466 2194 1637 2291; baseline 0 -23"><span class='ocrx_word' id='word_1_86' title='bbox 466 2213 599 2290; x_wconf 87' lang='lat' dir='ltr'>eorpus</span> <span class='ocrx_word' id='word_1_87' title='bbox 623 2215 793 2291; x_wconf 91' lang='lat' dir='ltr'>opacum,</span> <span class='ocrx_word' id='word_1_88' title='bbox 817 2196 900 2271; x_wconf 92' lang='lat' dir='ltr'>ideo</span> <span class='ocrx_word' id='word_1_89' title='bbox 925 2195 1063 2290; x_wconf 87' lang='lat' dir='ltr'>species</span> <span class='ocrx_word' id='word_1_90' title='bbox 1088 2194 1234 2269; x_wconf 88' lang='lat' dir='ltr'>visibilis</span> <span class='ocrx_word' id='word_1_91' title='bbox 1251 2215 1335 2290; x_wconf 84' lang='lat' dir='ltr'>quae</span> <span class='ocrx_word' id='word_1_92' title='bbox 1353 2202 1637 2290; x_wconf 69' lang='lat' dir='ltr'>representatur</span> 
     </span>
     <span class='ocr_line' id='line_1_12' title="bbox 466 2313 1637 2410; baseline -0.001 -23"><span class='ocrx_word' id='word_1_93' title='bbox 466 2314 502 2387; x_wconf 90' lang='lat' dir='ltr'>iu</span> <span class='ocrx_word' id='word_1_94' title='bbox 519 2333 675 2410; x_wconf 91' lang='lat' dir='ltr'>corpore</span> <span class='ocrx_word' id='word_1_95' title='bbox 691 2315 836 2390; x_wconf 87' lang='lat' dir='ltr'>diaiano</span> <span class='ocrx_word' id='word_1_96' title='bbox 855 2335 928 2389; x_wconf 95' lang='lat' dir='ltr'>non</span> <span class='ocrx_word' id='word_1_97' title='bbox 945 2320 1111 2410; x_wconf 88' lang='lat' dir='ltr'>penetrat</span> <span class='ocrx_word' id='word_1_98' title='bbox 1132 2315 1229 2390; x_wconf 90' lang='lat' dir='ltr'>ultra</span> <span class='ocrx_word' id='word_1_99' title='bbox 1246 2315 1451 2410; x_wconf 88' lang='lat' dir='ltr'>plumbum,</span> <span class='ocrx_word' id='word_1_100' title='bbox 1465 2315 1529 2390; x_wconf 92' lang='lat' dir='ltr'>sed</span> <span class='ocrx_word' id='word_1_101' title='bbox 1547 2313 1637 2389; x_wconf 88' lang='lat' dir='ltr'>radii</span> 
     </span>
     <span class='ocr_line' id='line_1_13' title="bbox 466 2433 1638 2530; baseline 0 -22"><span class='ocrx_word' id='word_1_102' title='bbox 466 2434 752 2529; x_wconf 89' lang='lat' dir='ltr'>multiplicantur</span> <span class='ocrx_word' id='word_1_103' title='bbox 775 2434 836 2528; x_wconf 94' lang='lat' dir='ltr'>ibi,</span> <span class='ocrx_word' id='word_1_104' title='bbox 854 2443 891 2508; x_wconf 90' lang='lat' dir='ltr'>et</span> <span class='ocrx_word' id='word_1_105' title='bbox 909 2433 1067 2510; x_wconf 92' lang='lat' dir='ltr'>reddunt</span> <span class='ocrx_word' id='word_1_106' title='bbox 1083 2433 1193 2508; x_wconf 91' lang='lat' dir='ltr'>talem</span> <span class='ocrx_word' id='word_1_107' title='bbox 1213 2434 1423 2530; x_wconf 86' lang='lat' dir='ltr'>imaginem,</span> <span class='ocrx_word' id='word_1_108' title='bbox 1441 2435 1534 2509; x_wconf 90' lang='lat' dir='ltr'>sicut</span> <span class='ocrx_word' id='word_1_109' title='bbox 1551 2455 1638 2529; x_wconf 89' lang='lat' dir='ltr'>pro·</span> 
     </span>
     <span class='ocr_line' id='line_1_14' title="bbox 466 2553 1637 2650; baseline 0.001 -22"><span class='ocrx_word' id='word_1_110' title='bbox 466 2553 576 2628; x_wconf 90' lang='lat' dir='ltr'>batur</span> <span class='ocrx_word' id='word_1_111' title='bbox 602 2554 639 2628; x_wconf 94' lang='lat' dir='ltr'>in</span> <span class='ocrx_word' id='word_1_112' title='bbox 665 2555 909 2650; x_wconf 83' lang='lat' dir='ltr'>perspectiva3</span> <span class='ocrx_word' id='word_1_113' title='bbox 927 2564 965 2630; x_wconf 88' lang='lat' dir='ltr'>et</span> <span class='ocrx_word' id='word_1_114' title='bbox 989 2559 1044 2628; x_wconf 88' lang='lat' dir='ltr'>est</span> <span class='ocrx_word' id='word_1_115' title='bbox 1068 2553 1288 2629; x_wconf 79' lang='lat' dir='ltr'>conveniens</span> <span class='ocrx_word' id='word_1_116' title='bbox 1313 2554 1522 2648; x_wconf 88' lang='lat' dir='ltr'>similitudo,</span> <span class='ocrx_word' id='word_1_117' title='bbox 1549 2555 1637 2647; x_wconf 89' lang='lat' dir='ltr'>quia</span> 
     </span>
     <span class='ocr_line' id='line_1_15' title="bbox 467 2662 1638 2770; baseline 0.001 -23"><span class='ocrx_word' id='word_1_118' title='bbox 467 2674 605 2770; x_wconf 81' lang='lat' dir='ltr'>species</span> <span class='ocrx_word' id='word_1_119' title='bbox 629 2695 758 2750; x_wconf 89' lang='lat' dir='ltr'>rerum</span> <span class='ocrx_word' id='word_1_120' title='bbox 773 2662 809 2768; x_wconf 60' lang='lat' dir='ltr'>(V</span> <span class='ocrx_word' id='word_1_121' title='bbox 837 2675 1001 2750; x_wconf 86' lang='lat' dir='ltr'>visarum</span> <span class='ocrx_word' id='word_1_122' title='bbox 1026 2684 1112 2751; x_wconf 89' lang='lat' dir='ltr'>sunt</span> <span class='ocrx_word' id='word_1_123' title='bbox 1137 2674 1174 2747; x_wconf 93' lang='lat' dir='ltr'>in</span> <span class='ocrx_word' id='word_1_124' title='bbox 1195 2675 1319 2748; x_wconf 90' lang='lat' dir='ltr'>animo</span> <span class='ocrx_word' id='word_1_125' title='bbox 1334 2667 1371 2766; x_wconf 73' lang='lat'>(⁸)</span> <span class='ocrx_word' id='word_1_126' title='bbox 1388 2675 1482 2752; x_wconf 89' lang='lat' dir='ltr'>sicut</span> <span class='ocrx_word' id='word_1_127' title='bbox 1499 2675 1536 2748; x_wconf 94' lang='lat' dir='ltr'>iu</span> <span class='ocrx_word' id='word_1_128' title='bbox 1553 2695 1638 2770; x_wconf 88' lang='lat' dir='ltr'>spe·</span> 
     </span>
     <span class='ocr_line' id='line_1_16' title="bbox 466 2794 1638 2892; baseline 0.001 -24"><span class='ocrx_word' id='word_1_129' title='bbox 466 2795 562 2868; x_wconf 91' lang='lat' dir='ltr'>culo.</span> <span class='ocrx_word' id='word_1_130' title='bbox 590 2794 673 2868; x_wconf 90' lang='lat' dir='ltr'>Vult</span> <span class='ocrx_word' id='word_1_131' title='bbox 698 2815 788 2892; x_wconf 90' lang='lat' dir='ltr'>ergo</span> <span class='ocrx_word' id='word_1_132' title='bbox 823 2794 993 2892; x_wconf 87' lang='lat' dir='ltr'>Virgilius</span> <span class='ocrx_word' id='word_1_133' title='bbox 1024 2794 1158 2888; x_wconf 92' lang='lat' dir='ltr'>dicere,</span> <span class='ocrx_word' id='word_1_134' title='bbox 1186 2794 1284 2888; x_wconf 89' lang='lat' dir='ltr'>quod</span> <span class='ocrx_word' id='word_1_135' title='bbox 1310 2795 1431 2868; x_wconf 89' lang='lat' dir='ltr'>statim</span> <span class='ocrx_word' id='word_1_136' title='bbox 1466 2795 1638 2891; x_wconf 84' lang='lat' dir='ltr'>coguovit</span> 
     </span>
     <span class='ocr_line' id='line_1_17' title="bbox 466 2913 1637 3010; baseline -0.001 -22"><span class='ocrx_word' id='word_1_137' title='bbox 466 2913 665 3010; x_wconf 89' lang='lat' dir='ltr'>cogitatum</span> <span class='ocrx_word' id='word_1_138' title='bbox 691 2935 777 2989; x_wconf 90' lang='lat' dir='ltr'>curn</span> <span class='ocrx_word' id='word_1_139' title='bbox 804 2915 886 2989; x_wconf 88' lang='lat' dir='ltr'>iecit</span> <span class='ocrx_word' id='word_1_140' title='bbox 910 2914 1044 3009; x_wconf 90' lang='lat' dir='ltr'>ipsum,</span> <span class='ocrx_word' id='word_1_141' title='bbox 1069 2919 1107 2988; x_wconf 92' lang='lat' dir='ltr'>et</span> <span class='ocrx_word' id='word_1_142' title='bbox 1130 2914 1302 2990; x_wconf 91' lang='lat' dir='ltr'>timorem</span> <span class='ocrx_word' id='word_1_143' title='bbox 1329 2936 1440 3009; x_wconf 88' lang='lat' dir='ltr'>quem</span> <span class='ocrx_word' id='word_1_144' title='bbox 1471 2913 1637 3009; x_wconf 84' lang='lat' dir='ltr'>concepit</span> 
     </span>
     <span class='ocr_line' id='line_1_18' title="bbox 467 3033 1636 3132; baseline 0 -24"><span class='ocrx_word' id='word_1_145' title='bbox 467 3053 513 3108; x_wconf 80' lang='lat' dir='ltr'>er</span> <span class='ocrx_word' id='word_1_146' title='bbox 539 3033 616 3129; x_wconf 90' lang='lat' dir='ltr'>ipso</span> <span class='ocrx_word' id='word_1_147' title='bbox 640 3034 812 3130; x_wconf 89' lang='lat' dir='ltr'>cogitatu.</span> <span class='ocrx_word' id='word_1_148' title='bbox 839 3033 882 3107; x_wconf 85' lang='lat' dir='ltr'>Et</span> <span class='ocrx_word' id='word_1_149' title='bbox 907 3033 1028 3108; x_wconf 88' lang='lat' dir='ltr'>subdit</span> <span class='ocrx_word' id='word_1_150' title='bbox 1053 3033 1222 3129; x_wconf 87' lang='lat' dir='ltr'>Virgilius</span> <span class='ocrx_word' id='word_1_151' title='bbox 1248 3033 1434 3127; x_wconf 86' lang='lat' dir='ltr'>quomodo</span> <span class='ocrx_word' id='word_1_152' title='bbox 1456 3033 1636 3132; x_wconf 88' lang='lat' dir='ltr'>cogitatus</span> 
     </span>
     <span class='ocr_line' id='line_1_19' title="bbox 467 3143 1637 3250; baseline 0.002 -23"><span class='ocrx_word' id='word_1_153' title='bbox 467 3154 660 3248; x_wconf 87' lang='lat' dir='ltr'>utriusque</span> <span class='ocrx_word' id='word_1_154' title='bbox 685 3155 967 3249; x_wconf 84' lang='lat' dir='ltr'>concurrebant,</span> <span class='ocrx_word' id='word_1_155' title='bbox 993 3175 1091 3228; x_wconf 91' lang='lat' dir='ltr'>nuuc</span> <span class='ocrx_word' id='word_1_156' title='bbox 1105 3143 1141 3246; x_wconf 55' lang='grc' dir='ltr'>(θ)</span> <span class='ocrx_word' id='word_1_157' title='bbox 1169 3155 1252 3231; x_wconf 90' lang='lat' dir='ltr'>ideo</span> <span class='ocrx_word' id='word_1_158' title='bbox 1284 3156 1330 3230; x_wconf 90' lang='lat' dir='ltr'>de</span> <span class='ocrx_word' id='word_1_159' title='bbox 1360 3155 1528 3250; x_wconf 89' lang='lat' dir='ltr'>utrisque</span> <span class='ocrx_word' id='word_1_160' title='bbox 1553 3155 1637 3230; x_wconf 88' lang='lat' dir='ltr'>lecit</span> 
     </span>
     <span class='ocr_line' id='line_1_20' title="bbox 468 3274 1636 3372; baseline 0 -23"><span class='ocrx_word' id='word_1_161' title='bbox 468 3295 583 3350; x_wconf 91' lang='lat' dir='ltr'>uuum</span> <span class='ocrx_word' id='word_1_162' title='bbox 610 3275 819 3372; x_wconf 82' lang='lat' dir='ltr'>consilium3</span> <span class='ocrx_word' id='word_1_163' title='bbox 845 3274 927 3350; x_wconf 92' lang='lat' dir='ltr'>ideo</span> <span class='ocrx_word' id='word_1_164' title='bbox 951 3275 1052 3350; x_wconf 91' lang='lat' dir='ltr'>dicit:</span> <span class='ocrx_word' id='word_1_165' title='bbox 1073 3295 1147 3368; x_wconf 84' lang='lat' dir='ltr'>por</span> <span class='ocrx_word' id='word_1_166' title='bbox 1176 3297 1233 3349; x_wconf 86' lang='lat' dir='ltr'>mo</span> <span class='ocrx_word' id='word_1_167' title='bbox 1263 3279 1412 3350; x_wconf 73' lang='lat' dir='ltr'>ondam</span> <span class='ocrx_word' id='word_1_168' title='bbox 1440 3279 1454 3349; x_wconf 82' lang='lat' dir='ltr'>i</span> <span class='ocrx_word' id='word_1_169' title='bbox 1479 3280 1527 3350; x_wconf 84' lang='lat' dir='ltr'>toi</span> <span class='ocrx_word' id='word_1_170' title='bbox 1548 3297 1636 3369; x_wconf 85' lang='lat' dir='ltr'>pen·</span> 
     </span>
     <span class='ocr_line' id='line_1_21' title="bbox 466 3380 1637 3491; baseline 0.003 -23"><span class='ocrx_word' id='word_1_171' title='bbox 466 3415 523 3468; x_wconf 82' lang='lat' dir='ltr'>scr</span> <span class='ocrx_word' id='word_1_172' title='bbox 548 3402 606 3468; x_wconf 85' lang='lat' dir='ltr'>tro</span> <span class='ocrx_word' id='word_1_173' title='bbox 630 3399 698 3470; x_wconf 86' lang='lat' dir='ltr'>met</span> <span class='ocrx_word' id='word_1_174' title='bbox 720 3417 787 3470; x_wconf 89' lang='lat' dir='ltr'>oon</span> <span class='ocrx_word' id='word_1_175' title='bbox 809 3398 903 3469; x_wconf 79' lang='lat' dir='ltr'>simil</span> <span class='ocrx_word' id='word_1_176' title='bbox 921 3380 1006 3486; x_wconf 88' lang='lat' dir='ltr'>otto,</span> <span class='ocrx_word' id='word_1_177' title='bbox 1024 3393 1125 3490; x_wconf 87' lang='lat' dir='ltr'>idest,</span> <span class='ocrx_word' id='word_1_178' title='bbox 1147 3394 1252 3470; x_wconf 94' lang='lat' dir='ltr'>simili</span> <span class='ocrx_word' id='word_1_179' title='bbox 1275 3395 1479 3491; x_wconf 90' lang='lat' dir='ltr'>suspicione</span> <span class='ocrx_word' id='word_1_180' title='bbox 1504 3403 1541 3470; x_wconf 92' lang='lat' dir='ltr'>et</span> <span class='ocrx_word' id='word_1_181' title='bbox 1565 3395 1637 3471; x_wconf 93' lang='lat' dir='ltr'>du·</span> 
     </span>
     <span class='ocr_line' id='line_1_22' title="bbox 467 3515 1634 3614; baseline 0.003 -25"><span class='ocrx_word' id='word_1_182' title='bbox 467 3515 650 3609; x_wconf 85' lang='lat' dir='ltr'>bitatione,</span> <span class='ocrx_word' id='word_1_183' title='bbox 668 3537 687 3588; x_wconf 88' lang='lat' dir='ltr'>e</span> <span class='ocrx_word' id='word_1_184' title='bbox 702 3537 769 3589; x_wconf 83' lang='lat' dir='ltr'>oon</span> <span class='ocrx_word' id='word_1_185' title='bbox 784 3519 894 3590; x_wconf 64' lang='lat' dir='ltr'>emite</span> <span class='ocrx_word' id='word_1_186' title='bbox 907 3519 1046 3610; x_wconf 69' lang='grc' dir='ltr'>[αωὶας</span> <span class='ocrx_word' id='word_1_187' title='bbox 1063 3516 1165 3610; x_wconf 72' lang='lat' dir='ltr'>idest,</span> <span class='ocrx_word' id='word_1_188' title='bbox 1185 3515 1292 3591; x_wconf 91' lang='lat' dir='ltr'>simili</span> <span class='ocrx_word' id='word_1_189' title='bbox 1309 3517 1440 3612; x_wconf 88' lang='lat' dir='ltr'>iorma,</span> <span class='ocrx_word' id='word_1_190' title='bbox 1458 3518 1545 3612; x_wconf 90' lang='lat' dir='ltr'>quia</span> <span class='ocrx_word' id='word_1_191' title='bbox 1563 3537 1634 3614; x_wconf 87' lang='lat' dir='ltr'>ego</span> 
     </span>
     <span class='ocr_line' id='line_1_23' title="bbox 465 3634 1637 3714; baseline 0.003 -5"><span class='ocrx_word' id='word_1_192' title='bbox 465 3634 630 3710; x_wconf 87' lang='lat' dir='ltr'>simililer</span> <span class='ocrx_word' id='word_1_193' title='bbox 654 3635 820 3712; x_wconf 89' lang='lat' dir='ltr'>dicebam</span> <span class='ocrx_word' id='word_1_194' title='bbox 854 3635 892 3710; x_wconf 92' lang='lat' dir='ltr'>in</span> <span class='ocrx_word' id='word_1_195' title='bbox 923 3643 1048 3711; x_wconf 84' lang='lat' dir='ltr'>mente</span> <span class='ocrx_word' id='word_1_196' title='bbox 1078 3658 1181 3713; x_wconf 83' lang='lat' dir='ltr'>mea:</span> <span class='ocrx_word' id='word_1_197' title='bbox 1212 3637 1270 3711; x_wconf 93' lang='lat' dir='ltr'>isti</span> <span class='ocrx_word' id='word_1_198' title='bbox 1304 3644 1390 3713; x_wconf 89' lang='lat' dir='ltr'>sunt</span> <span class='ocrx_word' id='word_1_199' title='bbox 1422 3638 1637 3714; x_wconf 89' lang='lat' dir='ltr'>naturaliter</span> 
     </span>
     <span class='ocr_line' id='line_1_24' title="bbox 459 3747 1635 3853; baseline -0.005 -17"><span class='ocrx_word' id='word_1_200' title='bbox 459 3755 629 3849; x_wconf 82' lang='lat' dir='ltr'>pruriet</span> <span class='ocrx_word' id='word_1_201' title='bbox 659 3755 930 3831; x_wconf 89' lang='lat' dir='ltr'>accidentaliter</span> <span class='ocrx_word' id='word_1_202' title='bbox 944 3747 980 3849; x_wconf 69' lang='grc' dir='ltr'>ζ’)</span> <span class='ocrx_word' id='word_1_203' title='bbox 1015 3755 1109 3853; x_wconf 92' lang='lat' dir='ltr'>irati,</span> <span class='ocrx_word' id='word_1_204' title='bbox 1134 3755 1223 3851; x_wconf 88' lang='lat' dir='ltr'>ideo</span> <span class='ocrx_word' id='word_1_205' title='bbox 1241 3757 1447 3852; x_wconf 91' lang='lat' dir='ltr'>periculum</span> <span class='ocrx_word' id='word_1_206' title='bbox 1483 3765 1549 3852; x_wconf 90' lang='lat' dir='ltr'>est,</span> <span class='ocrx_word' id='word_1_207' title='bbox 1575 3757 1635 3833; x_wconf 93' lang='lat' dir='ltr'>cui</span> 
     </span>
     <span class='ocr_line' id='line_1_25' title="bbox 464 3875 1633 3974; baseline 0.002 -24"><span class='ocrx_word' id='word_1_208' title='bbox 464 3875 615 3952; x_wconf 76' lang='lat' dir='ltr'>eutelio</span> <span class='ocrx_word' id='word_1_209' title='bbox 644 3875 921 3970; x_wconf 85' lang='lat' dir='ltr'>providendum,</span> <span class='ocrx_word' id='word_1_210' title='bbox 952 3895 999 3950; x_wconf 90' lang='lat' dir='ltr'>ue</span> <span class='ocrx_word' id='word_1_211' title='bbox 1028 3875 1250 3952; x_wconf 79' lang='lat' dir='ltr'>verecundia</span> <span class='ocrx_word' id='word_1_212' title='bbox 1275 3875 1321 3954; x_wconf 90' lang='lat' dir='ltr'>sit</span> <span class='ocrx_word' id='word_1_213' title='bbox 1346 3877 1449 3952; x_wconf 89' lang='lat' dir='ltr'>uobis</span> <span class='ocrx_word' id='word_1_214' title='bbox 1483 3878 1633 3974; x_wconf 86' lang='lat' dir='ltr'>gravior</span> 
     </span>
     <span class='ocr_line' id='line_1_26' title="bbox 463 3990 1636 4090; baseline 0.003 -23"><span class='ocrx_word' id='word_1_215' title='bbox 463 3993 611 4090; x_wconf 87' lang='lat' dir='ltr'>damno,</span> <span class='ocrx_word' id='word_1_216' title='bbox 636 3994 728 4070; x_wconf 86' lang='lat' dir='ltr'>sicut</span> <span class='ocrx_word' id='word_1_217' title='bbox 754 3996 863 4090; x_wconf 88' lang='lat' dir='ltr'>paulo</span> <span class='ocrx_word' id='word_1_218' title='bbox 889 4005 974 4072; x_wconf 88' lang='lat' dir='ltr'>aute</span> <span class='ocrx_word' id='word_1_219' title='bbox 999 3994 1129 4069; x_wconf 89' lang='lat' dir='ltr'>accidit</span> <span class='ocrx_word' id='word_1_220' title='bbox 1146 3993 1239 4090; x_wconf 83' lang='lat' dir='ltr'>ipsis</span> <span class='ocrx_word' id='word_1_221' title='bbox 1263 3995 1348 4070; x_wconf 92' lang='lat' dir='ltr'>ldeo</span> <span class='ocrx_word' id='word_1_222' title='bbox 1373 3997 1477 4072; x_wconf 87' lang='lat' dir='ltr'>dicit:</span> <span class='ocrx_word' id='word_1_223' title='bbox 1495 3990 1525 4070; x_wconf 83' lang='lat' dir='ltr'>si</span> <span class='ocrx_word' id='word_1_224' title='bbox 1541 3999 1636 4070; x_wconf 83' lang='lat' dir='ltr'>cb&#39;to</span> 
     </span>
     <span class='ocr_line' id='line_1_27' title="bbox 461 4113 1635 4212; baseline 0.004 -26"><span class='ocrx_word' id='word_1_225' title='bbox 461 4116 511 4208; x_wconf 81' lang='lat' dir='ltr'>sei</span> <span class='ocrx_word' id='word_1_226' title='bbox 533 4135 582 4188; x_wconf 86' lang='lat' dir='ltr'>un</span> <span class='ocrx_word' id='word_1_227' title='bbox 604 4117 661 4190; x_wconf 84' lang='lat' dir='ltr'>sot</span> <span class='ocrx_word' id='word_1_228' title='bbox 682 4117 850 4207; x_wconf 66' lang='lat' dir='ltr'>conugtio</span> <span class='ocrx_word' id='word_1_229' title='bbox 874 4118 908 4188; x_wconf 80' lang='lat' dir='ltr'>d</span> <span class='ocrx_word' id='word_1_230' title='bbox 922 4113 1105 4206; x_wconf 64' lang='lat' dir='ltr'>mamb,</span> <span class='ocrx_word' id='word_1_231' title='bbox 1131 4113 1278 4208; x_wconf 88' lang='lat' dir='ltr'>scilicet,</span> <span class='ocrx_word' id='word_1_232' title='bbox 1304 4117 1502 4190; x_wconf 91' lang='lat' dir='ltr'>amborum</span> <span class='ocrx_word' id='word_1_233' title='bbox 1534 4116 1635 4212; x_wconf 87' lang='lat' dir='ltr'>cogi-</span> 
     </span>
     <span class='ocr_line' id='line_1_28' title="bbox 466 4233 1635 4331; baseline -0.002 -19"><span class='ocrx_word' id='word_1_234' title='bbox 466 4235 657 4331; x_wconf 84' lang='lat' dir='ltr'>uminum,</span> <span class='ocrx_word' id='word_1_235' title='bbox 683 4237 819 4312; x_wconf 86' lang='lat' dir='ltr'>scilicet</span> <span class='ocrx_word' id='word_1_236' title='bbox 843 4235 916 4310; x_wconf 92' lang='lat' dir='ltr'>mei</span> <span class='ocrx_word' id='word_1_237' title='bbox 942 4240 980 4309; x_wconf 92' lang='lat' dir='ltr'>et</span> <span class='ocrx_word' id='word_1_238' title='bbox 1005 4235 1069 4308; x_wconf 88' lang='lat' dir='ltr'>tui.</span> <span class='ocrx_word' id='word_1_239' title='bbox 1091 4235 1135 4308; x_wconf 85' lang='lat' dir='ltr'>Et</span> <span class='ocrx_word' id='word_1_240' title='bbox 1160 4233 1341 4330; x_wconf 85' lang='lat' dir='ltr'>specificat</span> <span class='ocrx_word' id='word_1_241' title='bbox 1357 4233 1562 4330; x_wconf 88' lang='lat' dir='ltr'>consilium,</span> <span class='ocrx_word' id='word_1_242' title='bbox 1580 4235 1635 4310; x_wconf 89' lang='lat' dir='ltr'>di-</span> 
     </span>
     <span class='ocr_line' id='line_1_29' title="bbox 464 4355 1635 4453; baseline 0 -21"><span class='ocrx_word' id='word_1_243' title='bbox 464 4375 563 4452; x_wconf 88' lang='lat' dir='ltr'>cens,</span> <span class='ocrx_word' id='word_1_244' title='bbox 588 4358 687 4453; x_wconf 88' lang='lat' dir='ltr'>quod</span> <span class='ocrx_word' id='word_1_245' title='bbox 713 4355 886 4432; x_wconf 85' lang='lat' dir='ltr'>recedent</span> <span class='ocrx_word' id='word_1_246' title='bbox 911 4355 994 4430; x_wconf 91' lang='lat' dir='ltr'>inde</span> <span class='ocrx_word' id='word_1_247' title='bbox 1019 4361 1055 4430; x_wconf 87' lang='lat' dir='ltr'>et</span> <span class='ocrx_word' id='word_1_248' title='bbox 1077 4355 1298 4432; x_wconf 90' lang='lat' dir='ltr'>descendent</span> <span class='ocrx_word' id='word_1_249' title='bbox 1323 4355 1359 4430; x_wconf 94' lang='lat' dir='ltr'>iu</span> <span class='ocrx_word' id='word_1_250' title='bbox 1384 4361 1526 4431; x_wconf 75' lang='lat' dir='ltr'>sermm</span> <span class='ocrx_word' id='word_1_251' title='bbox 1551 4357 1635 4432; x_wconf 93' lang='lat' dir='ltr'>bul-</span> 
     </span>
     <span class='ocr_line' id='line_1_30' title="bbox 464 4475 1633 4574; baseline 0.001 -23"><span class='ocrx_word' id='word_1_252' title='bbox 464 4477 562 4573; x_wconf 87' lang='lat' dir='ltr'>giam</span> <span class='ocrx_word' id='word_1_253' title='bbox 589 4488 817 4574; x_wconf 90' lang='lat' dir='ltr'>sequentem,</span> <span class='ocrx_word' id='word_1_254' title='bbox 843 4477 873 4550; x_wconf 94' lang='lat' dir='ltr'>si</span> <span class='ocrx_word' id='word_1_255' title='bbox 898 4481 1023 4552; x_wconf 89' lang='lat' dir='ltr'>tamen</span> <span class='ocrx_word' id='word_1_256' title='bbox 1048 4475 1127 4572; x_wconf 91' lang='lat' dir='ltr'>ripa</span> <span class='ocrx_word' id='word_1_257' title='bbox 1144 4475 1190 4552; x_wconf 85' lang='lat' dir='ltr'>sit</span> <span class='ocrx_word' id='word_1_258' title='bbox 1205 4476 1333 4552; x_wconf 88' lang='lat' dir='ltr'>babilis</span> <span class='ocrx_word' id='word_1_259' title='bbox 1350 4478 1397 4552; x_wconf 93' lang='lat' dir='ltr'>ad</span> <span class='ocrx_word' id='word_1_260' title='bbox 1413 4476 1633 4573; x_wconf 83' lang='lat' dir='ltr'>possendum</span> 
     </span>
     <span class='ocr_line' id='line_1_31' title="bbox 465 4597 1633 4693; baseline 0.003 -22"><span class='ocrx_word' id='word_1_261' title='bbox 465 4597 696 4674; x_wconf 79' lang='lat' dir='ltr'>descendere</span> <span class='ocrx_word' id='word_1_262' title='bbox 724 4597 816 4673; x_wconf 90' lang='lat' dir='ltr'>llicit</span> <span class='ocrx_word' id='word_1_263' title='bbox 841 4617 951 4693; x_wconf 87' lang='lat' dir='ltr'>ergo:</span> <span class='ocrx_word' id='word_1_264' title='bbox 976 4599 1038 4670; x_wconf 87' lang='lat' dir='ltr'>noi</span> <span class='ocrx_word' id='word_1_265' title='bbox 1065 4599 1218 4692; x_wconf 73' lang='lat' dir='ltr'>fnpiren</span> <span class='ocrx_word' id='word_1_266' title='bbox 1243 4599 1474 4690; x_wconf 81' lang='lat' dir='ltr'>t’imuptnuto</span> <span class='ocrx_word' id='word_1_267' title='bbox 1502 4602 1633 4693; x_wconf 74' lang='lat' dir='ltr'>omno,</span> 
     </span>
    </p>
   </div>
   <div class='ocr_carea' id='block_1_7' title="bbox 526 4867 1590 5165">
    <p class='ocr_par' dir='ltr' id='par_1_7' title="bbox 526 4867 1313 4934">
     <span class='ocr_line' id='line_1_32' title="bbox 526 4867 1313 4934; baseline 0.001 -13"><span class='ocrx_word' id='word_1_268' title='bbox 526 4870 554 4932; x_wconf 80' lang='lat'>(¹)</span> <span class='ocrx_word' id='word_1_269' title='bbox 571 4870 602 4921; x_wconf 79' lang='lat' dir='ltr'>B.</span> <span class='ocrx_word' id='word_1_270' title='bbox 617 4884 633 4921; x_wconf 82' lang='lat' dir='ltr'>a</span> <span class='ocrx_word' id='word_1_271' title='bbox 648 4871 674 4922; x_wconf 80' lang='lat' dir='ltr'>S.</span> <span class='ocrx_word' id='word_1_272' title='bbox 690 4871 790 4922; x_wconf 80' lang='lat' dir='ltr'>scillcet</span> <span class='ocrx_word' id='word_1_273' title='bbox 806 4871 832 4920; x_wconf 86' lang='lat' dir='ltr'>in</span> <span class='ocrx_word' id='word_1_274' title='bbox 848 4870 935 4922; x_wconf 79' lang='lat' dir='ltr'>salmo</span> <span class='ocrx_word' id='word_1_275' title='bbox 949 4883 1019 4922; x_wconf 83' lang='lat' dir='ltr'>meo.</span> <span class='ocrx_word' id='word_1_276' title='bbox 1074 4867 1102 4932; x_wconf 74' lang='lat'>(¹)</span> <span class='ocrx_word' id='word_1_277' title='bbox 1119 4869 1150 4920; x_wconf 81' lang='lat' dir='ltr'>ll.</span> <span class='ocrx_word' id='word_1_278' title='bbox 1165 4871 1313 4934; x_wconf 58' lang='lat' dir='ltr'>lmapnem.</span> 
     </span>
    </p>

    <p class='ocr_par' dir='ltr' id='par_1_8' title="bbox 527 4945 1453 5012">
     <span class='ocr_line' id='line_1_33' title="bbox 527 4945 1453 5012; baseline -0.002 -12"><span class='ocrx_word' id='word_1_279' title='bbox 527 4947 555 5012; x_wconf 81' lang='lat'>(¹)</span> <span class='ocrx_word' id='word_1_280' title='bbox 571 4947 601 5000; x_wconf 85' lang='lat' dir='ltr'>B.</span> <span class='ocrx_word' id='word_1_281' title='bbox 617 4947 646 5000; x_wconf 87' lang='lat' dir='ltr'>llt</span> <span class='ocrx_word' id='word_1_282' title='bbox 661 4961 694 5000; x_wconf 80' lang='lat' dir='ltr'>ex</span> <span class='ocrx_word' id='word_1_283' title='bbox 710 4947 818 5012; x_wconf 88' lang='lat' dir='ltr'>plumbo</span> <span class='ocrx_word' id='word_1_284' title='bbox 834 4945 961 5012; x_wconf 79' lang='lat' dir='ltr'>applicato</span> <span class='ocrx_word' id='word_1_285' title='bbox 977 4961 1038 4999; x_wconf 72' lang='lat' dir='ltr'>arm</span> <span class='ocrx_word' id='word_1_286' title='bbox 1053 4949 1123 4999; x_wconf 78' lang='lat' dir='ltr'>vitro</span> <span class='ocrx_word' id='word_1_287' title='bbox 1139 4960 1201 4998; x_wconf 86' lang='lat' dir='ltr'>cum</span> <span class='ocrx_word' id='word_1_288' title='bbox 1215 4961 1267 4998; x_wconf 82' lang='lat' dir='ltr'>uua</span> <span class='ocrx_word' id='word_1_289' title='bbox 1282 4947 1453 5000; x_wconf 81' lang='lat' dir='ltr'>coniectione.</span> 
     </span>
    </p>

    <p class='ocr_par' dir='ltr' id='par_1_9' title="bbox 527 5024 1283 5088">
     <span class='ocr_line' id='line_1_34' title="bbox 527 5024 1283 5088; baseline 0 -12"><span class='ocrx_word' id='word_1_290' title='bbox 527 5024 555 5088; x_wconf 78' lang='lat'>(⁸)</span> <span class='ocrx_word' id='word_1_291' title='bbox 571 5025 602 5077; x_wconf 78' lang='lat' dir='ltr'>ll.</span> <span class='ocrx_word' id='word_1_292' title='bbox 619 5038 709 5076; x_wconf 86' lang='lat' dir='ltr'>rorum</span> <span class='ocrx_word' id='word_1_293' title='bbox 725 5029 793 5076; x_wconf 80' lang='lat' dir='ltr'>suut.</span> <span class='ocrx_word' id='word_1_294' title='bbox 1073 5025 1100 5088; x_wconf 83' lang='lat'>(¹)</span> <span class='ocrx_word' id='word_1_295' title='bbox 1118 5028 1174 5086; x_wconf 75' lang='lat' dir='ltr'>llo,</span> <span class='ocrx_word' id='word_1_296' title='bbox 1190 5025 1283 5076; x_wconf 76' lang='lat' dir='ltr'>arrlma.</span> 
     </span>
    </p>

    <p class='ocr_par' dir='ltr' id='par_1_10' title="bbox 526 5099 1590 5165">
     <span class='ocr_line' id='line_1_35' title="bbox 526 5099 1590 5165; baseline 0 -13"><span class='ocrx_word' id='word_1_297' title='bbox 526 5100 554 5165; x_wconf 78' lang='lat'>(⁸)</span> <span class='ocrx_word' id='word_1_298' title='bbox 570 5101 600 5152; x_wconf 78' lang='lat' dir='ltr'>R</span> <span class='ocrx_word' id='word_1_299' title='bbox 617 5113 687 5153; x_wconf 81' lang='lat' dir='ltr'>nunc</span> <span class='ocrx_word' id='word_1_300' title='bbox 704 5115 766 5154; x_wconf 78' lang='lat' dir='ltr'>vero</span> <span class='ocrx_word' id='word_1_301' title='bbox 781 5102 822 5154; x_wconf 82' lang='lat' dir='ltr'>da.</span> <span class='ocrx_word' id='word_1_302' title='bbox 1072 5099 1100 5164; x_wconf 67' lang='grc' dir='ltr'>Ρ)</span> <span class='ocrx_word' id='word_1_303' title='bbox 1116 5101 1147 5153; x_wconf 70' lang='lat' dir='ltr'>lt</span> <span class='ocrx_word' id='word_1_304' title='bbox 1164 5101 1356 5153; x_wconf 77' lang='lat' dir='ltr'>accidentaliter</span> <span class='ocrx_word' id='word_1_305' title='bbox 1371 5102 1467 5162; x_wconf 77' lang='lat' dir='ltr'>anuli,</span> <span class='ocrx_word' id='word_1_306' title='bbox 1483 5105 1510 5152; x_wconf 83' lang='lat' dir='ltr'>el</span> <span class='ocrx_word' id='word_1_307' title='bbox 1525 5101 1590 5152; x_wconf 79' lang='lat' dir='ltr'>ideo.</span> 
     </span>
    </p>
   </div>
   <div class='ocr_carea' id='block_1_8' title="bbox 595 5210 1498 5256">
    <p class='ocr_par' dir='ltr' id='par_1_11' title="bbox 595 5210 1498 5256">
     <span class='ocr_line' id='line_1_36' title="bbox 595 5210 1498 5256; baseline -0.003 0"><span class='ocrx_word' id='word_1_308' title='bbox 595 5210 623 5256; x_wconf 85' lang='lat'>11·</span> <span class='ocrx_word' id='word_1_309' title='bbox 1472 5211 1498 5254; x_wconf 83' lang='lat' dir='ltr'>u</span> 
     </span>
    </p>
   </div>
   <div class='ocr_carea' id='block_1_9' title="bbox 0 0 2272 6838">
    <p class='ocr_par' dir='ltr' id='par_1_12' title="bbox 0 0 2272 6838">
     <span class='ocr_line' id='line_1_37' title="bbox 0 0 2272 6838; baseline 0 0"><span class='ocrx_word' id='word_1_310' title='bbox 0 0 2272 6838; x_wconf 95' lang='lat' dir='ltr'> </span> 
     </span>
    </p>
   </div>
  </div>
 </body>
</html>
