4606 6840
700 951 770 1018 290
1090 963 1294 1024 cononum
1317 969 1468 1024 mrenur

700 1110 803 1203 quasi
827 1110 941 1186 dieat:
968 1110 998 1186 si
1023 1115 1216 1207 hucusque
1241 1114 1458 1210 expendistis
1486 1134 1552 1214 per
1586 1121 1640 1189 tot
1668 1133 1784 1190 annos
1809 1113 1867 1188 vi·

699 1235 775 1304 tam
801 1231 838 1304 in
862 1230 966 1305 hellis
990 1237 1027 1304 et
1051 1231 1238 1306 laboribus
1259 1233 1427 1310 maximis
1443 1254 1512 1329 pro
1530 1234 1681 1326 honore,
1701 1231 1812 1308 laude
1829 1239 1869 1308 et

698 1349 828 1446 gloria,
853 1370 927 1424 non
955 1349 1072 1425 velitis
1103 1371 1275 1428 recusare
1288 1345 1325 1447 (⁴)
1361 1355 1558 1450 parvulum
1589 1353 1767 1447 laborem,
1799 1372 1867 1447 per

700 1489 812 1562 quem
839 1469 1102 1564 consequimini
1127 1472 1320 1565 praemium
1342 1479 1473 1550 vestrae
1491 1472 1623 1568 quietis
1640 1472 1722 1549 cito.
1742 1471 1796 1546 lta
1811 1471 1868 1544 di-

700 1589 806 1663 cebat
829 1588 947 1664 Eneas
971 1590 1076 1666 sociis
1100 1591 1176 1665 suis
1195 1612 1282 1666 cum
1305 1600 1400 1667 esset
1416 1593 1454 1670 in
1470 1612 1606 1688 magna
1631 1595 1866 1687 tempestate:

705 1711 856 1799 opossi
885 1712 1072 1801 praviora,
1101 1711 1199 1784 dabit
1224 1715 1318 1784 Deus
1348 1714 1401 1784 tis
1431 1731 1565 1808 quoque
1595 1713 1711 1803 fineen.
1740 1710 1785 1785 Et
1815 1707 1867 1784 sic

700 1827 783 1902 vide
800 1829 898 1922 quod
915 1829 1071 1923 captatio
1087 1829 1350 1907 benevolentia
1371 1851 1444 1906 non
1464 1831 1586 1906 solum
1611 1830 1652 1904 lit
1672 1850 1739 1925 per
1755 1847 1868 1904 eror-

699 1948 814 2043 dium,
840 1949 904 2022 sed
928 1949 1039 2024 etiam
1064 1969 1130 2044 per
1154 1957 1306 2025 ceteras
1330 1958 1453 2046 partes
1478 1949 1663 2026 orationis.
1681 1950 1743 2025 Fst
1767 1946 1866 2024 enim

699 2067 802 2142 velut
825 2069 973 2165 sanguis
997 2068 1150 2144 dillusus
1175 2089 1241 2164 per
1265 2071 1389 2145 omnia
1414 2071 1583 2146 membra
1606 2068 1792 2145 vivificans
1809 2074 1867 2142 to-

701 2196 780 2262 tum
806 2207 940 2283 corpus
965 2187 1149 2262 orationis.
1175 2189 1220 2263 lit
1244 2189 1351 2265 dicit:
1377 2193 1511 2266 diretro
1528 2194 1567 2264 ot
1580 2194 1647 2282 sol,
1665 2192 1722 2263 del
1736 2190 1866 2262 mondo

699 2327 808 2380 senza
838 2313 949 2397 peno,
983 2307 1086 2401 idest,
1118 2307 1164 2382 ad
1197 2306 1296 2383 aliud
1328 2310 1589 2406 hemisperium
1626 2308 1790 2400 imerius,
1819 2305 1867 2381 ad

701 2427 799 2520 quod
824 2427 878 2500 sol
901 2426 1041 2501 accedit
1064 2427 1212 2521 quando
1237 2428 1374 2504 recedit
1398 2449 1422 2503 a
1447 2429 1566 2523 nobis;
1588 2429 1646 2503 vel
1663 2425 1866 2502 secuudum

699 2548 815 2620 alium
845 2555 1000 2639 textum,
1026 2549 1159 2621 dirotro
1183 2551 1222 2622 ol
1243 2553 1332 2642 suot,
1362 2548 1465 2644 idest,
1490 2550 1537 2624 ad
1568 2549 1700 2642 solum,
1726 2545 1791 2620 ubi
1821 2544 1868 2620 de

701 2667 755 2742 rei
780 2667 935 2743 veritate
959 2667 1058 2740 nulla
1072 2657 1110 2759 (²)
1128 2686 1219 2763 gens
1236 2669 1384 2762 habitat,
1409 2677 1452 2743 ut
1467 2670 1609 2745 dicetur
1627 2669 1746 2764 primo
1770 2663 1869 2760 oapi·

700 2789 779 2862 tulo
812 2786 1028 2882 Purgatorit.
1064 2786 1201 2862 Deinde
1232 2788 1317 2864 lacit
1351 2787 1678 2881 confirmationem,
1718 2786 1866 2861 dicens:

700 2907 917 2980 cmcriderotc
940 2909 976 2978 ia
1001 2914 1125 2980 nostra
1147 2927 1324 2998 senense,
1341 2906 1443 3000 idest,
1463 2906 1690 2981 nobilitatem
1715 2904 1869 2980 excelsae
2013 2917 2017 2926 ’

701 3033 843 3102 naturae
868 3027 1052 3120 humane,
1071 3025 1174 3121 quia:
1193 3047 1265 3102 noa
1278 3032 1367 3121 [oste
1383 3029 1464 3121 sata
1487 3045 1583 3100 come
1607 3025 1700 3098 mii
1716 3045 1740 3096 a
1757 3027 1867 3113 viver,

700 3145 802 3240 idest,
833 3165 907 3219 uon
937 3145 1057 3219 solum
1092 3151 1134 3218 ut
1162 3145 1334 3236 viveretis
1366 3143 1586 3239 simpliciter,
1621 3143 1716 3218 sicut
1746 3143 1868 3235 bruta,

700 3266 765 3342 sed
789 3272 831 3338 ul
855 3264 1022 3340 laceretis
1046 3265 1182 3359 aliquid
1196 3256 1233 3358 (Β)
1268 3266 1487 3361 praclamm
1520 3264 1558 3338 in
1583 3263 1659 3339 vita
1686 3283 1773 3338 cum
1807 3281 1869 3334 ra·

702 3387 800 3461 tione
825 3386 928 3459 vobis
952 3385 1048 3479 data,
1074 3405 1139 3479 per
1164 3386 1263 3478 quod
1288 3385 1450 3460 viveritis
1466 3385 1576 3460 etiam
1603 3389 1683 3480 post
1707 3388 1867 3457 mortem

700 3505 869 3602 gloriose.
896 3504 998 3578 Unde
1022 3504 1128 3580 dicit:
1155 3525 1215 3576 ma
1234 3525 1303 3596 per
1325 3507 1443 3596 nequir
1459 3507 1869 3590 macaronesum,

702 3645 786 3718 quae
816 3623 901 3699 lacit
934 3623 1031 3697 viam
1065 3623 1112 3700 ad
1145 3622 1365 3698 felicitatem.
1399 3623 1443 3696 Et
1479 3621 1662 3697 concludit
1699 3621 1870 3696 ellectum

701 3742 869 3818 mirabile
902 3741 1006 3816 istius
1036 3741 1268 3838 pulcerrimae
1292 3739 1547 3837 persuasionis,
1573 3739 1719 3814 dicens:
1742 3742 1807 3834 sed
1820 3741 1871 3830 io,
1968 3745 1970 3750 '

702 3862 838 3938 scilicet
863 3882 932 3959 ego
956 3862 1101 3962 Ulyxes,
1127 3863 1153 3934 ti
1176 3863 1256 3936 miei
1278 3863 1465 3954 rompopni
1487 3852 1518 3934 si
1542 3862 1635 3934 oculi
1659 3862 1698 3932 oi
1720 3861 1872 3948 conano,

702 3982 804 4075 idest,
830 3993 906 4059 tam
931 4001 1103 4058 aooensos
1127 3986 1165 4056 ct
1189 3991 1375 4075 promptos
1399 3980 1447 4054 ad
1471 3979 1633 4054 arduum
1664 3979 1747 4073 iter,
1772 3977 1872 4073 quod

702 4122 907 4196 numquam
932 4101 1026 4178 alius
1051 4101 1200 4195 lecerat,
1216 4121 1282 4174 con
1298 4107 1418 4192 questo
1439 4103 1592 4173 orozion
1606 4101 1769 4192 monela,
1786 4117 1871 4193 quae

702 4219 824 4296 brevis
839 4209 876 4315 θ)
902 4220 1025 4295 verbis
1054 4226 1109 4294 est
1133 4240 1268 4316 magna
1292 4219 1482 4314 sententia,
1503 4222 1590 4292 cl'o
1602 4237 1698 4310 peno
1722 4220 1748 4291 a·
1771 4218 1872 4288 avrel

700 4343 840 4414 monuit
857 4343 994 4432 pescia,
1020 4339 1122 4433 idest,
1148 4339 1208 4418 vix
1235 4338 1469 4413 retrusissem
1487 4359 1550 4413 eos
1569 4337 1617 4411 ab
1642 4337 1710 4410 isto
1736 4355 1870 4430 propo-

701 4461 791 4556 sito;
817 4461 880 4535 sed
911 4465 1012 4534 certe
1043 4459 1154 4533 credo
1179 4457 1278 4551 quod
1307 4458 1444 4552 optime
1477 4458 1619 4532 lecisset
1649 4455 1867 4552 oppositum.

701 4581 794 4656 Nam
828 4581 939 4655 debes
977 4588 1107 4655 notare
1142 4578 1240 4671 quod
1270 4578 1403 4672 Ulyxes
1431 4577 1500 4652 luit
1537 4575 1869 4670 eloquentissimus,

701 4699 796 4773 sicut
820 4697 1017 4794 sepissime
1041 4703 1140 4792 patet
1163 4695 1262 4792 apud
1286 4697 1491 4771 Homerum
1522 4717 1588 4791 per
1614 4702 1728 4771 totam
1754 4695 1871 4792 Odys·

703 4837 818 4912 seam,
843 4823 879 4892 et
904 4817 1002 4912 apud
1026 4814 1195 4892 Ovidium
1213 4817 1291 4889 ΧΠ]
1317 4815 1477 4911 majoris,
1496 4816 1558 4890 ubi
1578 4815 1712 4891 diserte
1732 4816 1871 4893 descri-

764 5006 792 5068 (¹)
808 5005 839 5056 B.
854 5005 972 5056 excusari
988 5017 1036 5068 per
1050 5003 1127 5054 lllnm
1141 5001 1268 5053 laborem.
1459 5003 1487 5068 (¹)
1503 5004 1535 5055 Β.
1551 5017 1645 5068 magua
1660 5017 1731 5068 qens

765 5081 793 5147 θ)
808 5083 839 5134 B.
855 5081 960 5147 aliquod
977 5080 1214 5146 praeimumopm
1229 5078 1338 5130 ratione.
1458 5081 1487 5144 (⁸)
1502 5081 1533 5132 E.
1549 5081 1670 5134 brevibus
1684 5079 1778 5131 verbis.
