4534 6842
1518 951 1587 1020 189

418 1283 582 1351 CANTUS
611 1281 843 1350 VIGESIMUS
873 1281 1083 1363 QUARTUS,
1110 1283 1148 1347 in
1176 1301 1236 1365 quo
1265 1285 1381 1346 modat
1407 1280 1489 1345 siud
1519 1299 1589 1346 cum

495 1396 602 1462 labore
614 1397 751 1468 maximo
768 1393 974 1460 ascenderunt
988 1398 1130 1471 montem,
1147 1397 1178 1458 et
1185 1396 1300 1474 posteo
1314 1391 1538 1457 descenderunt
1552 1391 1589 1456 io

494 1507 659 1590 septimam
683 1505 830 1590 desipiam,
853 1505 909 1571 ubi
933 1505 1119 1570 invenerunt
1140 1503 1230 1586 sures
1255 1505 1370 1570 cinctos
1390 1501 1588 1585 serpentibus

493 1617 551 1684 sub
573 1617 664 1683 litatio
685 1615 863 1694 multorum,
887 1621 917 1681 et
938 1617 1075 1681 maxime
1097 1613 1220 1681 Verania
1237 1613 1350 1680 Fuceii
1370 1613 1410 1680 dc
1431 1613 1584 1692 Pistoris,

494 1747 563 1796 eum
583 1747 644 1813 qrto
664 1727 765 1794 muita
786 1730 1040 1811 recepturam·
1064 1745 1101 1793 ac
1123 1727 1218 1792 etiam
1239 1724 1278 1792 de
1298 1724 1420 1807 [atoma
1440 1723 1543 1791 rebus.

491 1993 570 2159 ΙΝ
591 2085 705 2175 quella
726 2091 830 2176 parte
845 2085 903 2156 det
915 2085 1106 2174 moverem
1122 2105 1228 2156 anno.
1247 2083 1444 2177 Postquam
1465 2083 1502 2157 iu
1520 2103 1584 2158 su·

416 2203 551 2302 periuri
577 2203 736 2299 capitulo
760 2203 929 2298 proxime
948 2203 1167 2298 praecedenti
1184 2211 1293 2278 autor
1310 2211 1434 2279 noster
1450 2210 1584 2278 tracta·

415 2325 467 2400 rit
483 2332 521 2400 et
537 2324 795 2399 determinavit
811 2323 858 2398 de
874 2344 984 2419 poena
1000 2325 1286 2420 hypocritarum,
1300 2325 1363 2418 qui
1381 2326 1584 2419 puniuntur

414 2445 452 2520 in
470 2451 573 2520 sexta
591 2443 728 2539 bulgla,
746 2464 845 2517 nunc
861 2451 1128 2538 consequenter
1145 2445 1182 2518 iu
1198 2446 1267 2519 isto
1283 2445 1441 2540 capitulo
1458 2444 1584 2518 llllllll

415 2566 492 2661 agit
508 2571 545 2639 et
561 2569 693 2638 tractat
710 2563 757 2637 de
773 2583 881 2657 poena
900 2563 1036 2658 iurum,
1063 2565 1125 2658 qui
1151 2565 1354 2659 puniuntur
1374 2564 1410 2637 in
1428 2563 1581 2658 septima

417 2809 579 2896 quatuor
603 2809 724 2897 partes
749 2802 939 2898 generales
947 2825 957 2896 ;
984 2802 1021 2874 in
1045 2802 1164 2896 prima
1195 2823 1355 2896 quarum
1380 2809 1489 2877 autor
1520 2803 1584 2877 de-

416 2921 541 2996 scribit
556 2921 824 3016 dispositionem
833 2920 980 3017 Virgilii,
995 2928 1031 2995 et
1049 2940 1234 2995 recessum
1254 2940 1384 2996 eorum
1399 2903 1580 2996 difficilem

414 3062 438 3116 a
463 3041 634 3137 praedicta
659 3041 784 3139 bulgia
809 3049 925 3135 sexta,
942 3048 980 3116 et
1004 3041 1194 3116 introitum
1219 3041 1402 3116 difficilem
1427 3042 1474 3116 ad
1499 3042 1582 3115 bul-

413 3162 512 3259 giam
549 3167 791 3256 sequentem3
829 3181 942 3254 quam
981 3161 1175 3236 materiam
1202 3162 1371 3258 Virgilius
1402 3162 1469 3235 sibi
1502 3179 1582 3234 ma-

412 3281 544 3378 gnilica
560 3275 596 3372 (¹)
623 3280 790 3355 oratioue
814 3279 1003 3374 persuasit.
1029 3282 1070 3354 lu
1095 3282 1255 3356 secunda
1280 3281 1450 3356 describit
1474 3301 1580 3354 suam

411 3400 681 3496 dispositionem
695 3400 741 3474 ad
754 3399 859 3472 istam
878 3400 1070 3474 materiam
1089 3400 1187 3495 furti,
1202 3407 1239 3476 et
1251 3421 1398 3495 poenam
1416 3401 1578 3496 ipsorum

411 3520 536 3612 iurum
563 3520 600 3594 in
625 3518 800 3616 generali,
823 3518 894 3593 ibi:
921 3524 969 3593 Su
989 3542 1057 3612 per
1081 3524 1116 3593 to
1139 3524 1280 3612 eceptio.
1306 3521 1347 3594 ln
1373 3520 1479 3594 tertia
1503 3519 1580 3616 agit

411 3646 448 3714 et
473 3645 605 3716 tractat
630 3639 677 3713 de
700 3639 820 3734 prima
845 3639 965 3733 specie
990 3640 1127 3734 lurum,
1154 3641 1191 3714 in
1216 3660 1291 3735 qua
1309 3639 1477 3715 describit
1493 3637 1580 3714 satis

410 3757 542 3833 diffuse
567 3779 684 3832 unum
711 3758 893 3833 famosum
920 3758 1041 3834 iurem
1067 3760 1301 3855 modernum,
1322 3759 1394 3835 ibi:
1421 3765 1466 3832 El
1488 3779 1576 3832 ecco.

413 3877 453 3950 ln
478 3884 611 3970 quarta
627 3884 665 3952 et
683 3878 811 3952 ultima
835 3879 896 3953 ille
921 3878 980 3951 lur
1005 3879 1211 3957 manifestat
1235 3899 1275 3955 se
1300 3887 1338 3954 et
1362 3878 1578 3976 suum-iur-

414 4001 507 4090 tum‚
532 4003 569 4072 et
593 3999 812 4092 prenuntiat
837 3999 1078 4073 mutationem
1096 4005 1211 4073 status
1228 4019 1306 4073 suae
1322 4000 1487 4093 civitatis,
1505 3999 1577 4072 ibi:

412 4119 462 4188 Lo
479 4119 570 4190 duco
589 4119 616 4191 il
637 4109 814 4192 dimcndd.
832 4117 887 4192 nd
904 4118 1059 4212 primam
1079 4138 1170 4214 ergo
1187 4119 1348 4212 veniens,
1364 4118 1458 4212 dico,
1479 4117 1578 4211 quod

410 4241 519 4310 autor
545 4237 762 4312 continuans
786 4257 826 4312 se
850 4236 897 4312 ad
921 4237 1163 4332 praecedentia
1187 4237 1357 4312 describit
1376 4235 1579 4332 dispositio-

410 4375 495 4430 nem
522 4357 657 4454 Virgilii
684 4379 750 4453 per
776 4379 889 4432 uuam
914 4359 1224 4454 comparationem
1249 4357 1497 4433 domesticam.
1524 4355 1579 4432 Ad

409 4475 515 4550 cuius
540 4475 815 4575 intelligentiam
841 4485 896 4552 est
920 4479 1210 4574 praenotandum,
1228 4479 1326 4574 quud
1345 4485 1456 4554 autor
1480 4499 1576 4573 prae-

409 4596 518 4669 mittit
543 4618 661 4671 unum
687 4618 829 4692 casum,
854 4605 891 4672 et
915 4599 1176 4674 sententialiter
1200 4599 1237 4674 in
1263 4599 1397 4675 ellectu
1423 4599 1502 4675 rult
1522 4599 1578 4674 di-

409 4733 505 4809 cere,
537 4717 636 4810 quod
667 4717 760 4792 sicut
792 4717 889 4792 circa
923 4719 1084 4793 medium
1113 4719 1276 4813 januarii
1307 4719 1482 4816 contingit
1511 4719 1578 4794 ali·

408 4835 566 4931 quando,
591 4835 691 4931 quod
717 4837 876 4912 rusticus
900 4838 1147 4934 pauperculus
1179 4839 1304 4913 videus
1318 4829 1356 4930 (²)
1387 4838 1435 4913 de
1464 4857 1576 4915 mane

470 5089 887 5156 t‘lssbmnlsstttaontlm
1078 5089 1351 5154 mandentum.
