4534 6842
647 914 715 980 16⁰
1035 925 1237 980 comtum
1261 925 1411 978 inanum

646 1077 835 1162 tamquam
860 1067 907 1142 ad
932 1068 1047 1143 basim
1074 1069 1184 1143 totius
1210 1069 1305 1162 vitm,
1331 1075 1369 1143 et
1393 1067 1475 1142 ideo
1491 1066 1572 1161 pori
1588 1065 1708 1141 carnis
1724 1085 1814 1140 eon-

645 1187 885 1284 stringuntur,
911 1193 949 1261 et
973 1207 1039 1281 per
1070 1207 1299 1282 consequens
1330 1188 1525 1284 eriguntur
1554 1185 1615 1280 pili
1640 1185 1704 1281 qui
1729 1191 1815 1260 sunt

645 1309 682 1381 in
706 1308 777 1402 eis;
804 1307 886 1382 ideo
910 1307 1018 1412 dicit:
1042 1311 1089 1380 dc
1113 1312 1149 1382 lo
1171 1316 1358 1400 perarmet
1378 1309 1520 1383 ideo:e
1543 1315 1645 1382 stuou
1664 1310 1815 1382 mdtelro

644 1431 785 1517 inuam,
802 1427 936 1502 scillcet
953 1427 982 1500 si
1000 1427 1174 1502 sentirem
1192 1447 1256 1502 eos
1273 1428 1411 1522 venire,
1429 1429 1515 1521 quia
1532 1429 1706 1524 putabam
1726 1447 1816 1502 con·

558 1617 562 1624 .
646 1547 749 1624 unuo
774 1547 912 1622 habore
942 1566 1006 1622 eos
1040 1546 1086 1621 ad
1117 1553 1282 1643 tergum3
1314 1557 1351 1623 et
1379 1548 1537 1642 explicat
1561 1567 1672 1622 suum
1702 1566 1816 1642 pavo·

648 1687 728 1742 rem
744 1659 781 1758 (¹)
807 1665 967 1762 Virgilio,
986 1673 1028 1742 ut
1047 1667 1236 1761 provideat
1252 1667 1324 1740 cito
1343 1666 1389 1742 de
1407 1667 1569 1742 remedio
1591 1673 1815 1762 opportnn03

646 1787 745 1862 unde
769 1787 876 1862 dicit:
903 1789 1045 1878 quondo
1069 1789 1179 1860 duni:
1203 1809 1226 1859 o
1252 1793 1416 1878 moeson,
1442 1787 1585 1880 inesto
1612 1787 1761 1883 Virgilii,
1781 1790 1816 1860 io

642 1914 794 1999 pnoento
818 1910 856 1980 di
882 1908 1135 1996 Moubrnncle,
1162 1907 1263 2002 idest,
1279 1909 1326 1982 de
1348 1907 1575 1982 damonibus
1601 1908 1817 1984 habentibus

650 2027 762 2102 malas
788 2027 967 2102 brancnas
991 2047 1040 2102 ne
1065 2027 1197 2102 iaciant
1223 2027 1337 2123 nobis,
1358 2027 1451 2102 sicut
1474 2029 1583 2122 paulo
1608 2033 1695 2102 ante
1719 2027 1817 2102 lece-

647 2154 735 2222 runt
759 2147 956 2242 Ciampolo,
974 2154 1011 2221 et
1028 2168 1095 2221 nos
1120 2147 1345 2222 nesciremus
1361 2139 1398 2240 (²)
1420 2148 1542 2223 lacere
1559 2147 1753 2222 vindictam
1771 2146 1818 2223 de

648 2267 711 2360 eis,
738 2267 832 2342 sicut
857 2267 940 2342 lecit
965 2267 1174 2363 Ciampolus
1199 2269 1484 2363 valenensem
1503 2272 1566 2342 celi
1588 2277 1620 2342 te
1643 2291 1662 2342 e
1686 2290 1740 2344 nto
1764 2277 1818 2342 to-

646 2397 830 2462 stumente:
853 2396 891 2462 et
916 2409 1005 2464 vere
1029 2409 1123 2483 opus
1148 2395 1203 2463 est
1228 2389 1382 2485 refugio,
1401 2390 1486 2483 quia
1508 2393 1568 2462 noi
1592 2393 1741 2463 tionem
1757 2381 1819 2481 pta

650 2512 785 2602 mcum
811 2517 849 2584 et
871 2510 1032 2605 assignat
1047 2501 1084 2601 (³)
1111 2529 1260 2584 causam
1287 2510 1373 2602 qula
1403 2509 1518 2585 credit
1542 2509 1577 2584 id
1609 2530 1690 2586 esse
1719 2511 1817 2604 quod

652 2649 724 2703 uon
749 2635 814 2722 eet,
841 2649 926 2703 cum
952 2627 1060 2703 dicit:
1086 2632 1121 2702 io
1147 2632 1172 2702 li
1194 2632 1349 2720 imupiuo
1373 2621 1415 2720 si,
1441 2628 1532 2704 idest
1561 2639 1636 2705 tam
1663 2631 1815 2726 fortiter,

652 2751 712 2823 cle
735 2739 797 2840 pul
821 2751 847 2821 li
868 2755 979 2840 amm,
1003 2749 1090 2842 quia
1115 2748 1325 2845 imaginatio
1350 2749 1434 2824 lacit
1459 2770 1600 2844 casum,
1627 2757 1667 2824 ut
1692 2751 1818 2826 dicunt

651 2869 797 2965 physici,
830 2869 977 2962 quaudo
1010 2869 1108 2944 enim
1140 2870 1262 2943 anima
1294 2870 1515 2966 imaginatur
1546 2871 1619 2946 lire
1651 2879 1689 2946 et
1720 2878 1820 2946 recte

651 3009 730 3064 rem
746 2978 795 3082 (⁴).
810 2995 904 3062 -Ε
926 2993 1012 3081 quer.
1038 2989 1103 3064 Hic
1128 2997 1238 3064 autor
1254 2991 1354 3085 ponit
1372 2992 1644 3086 responsionem
1668 2991 1820 3087 Virgilii,

650 3111 713 3204 qui
737 3109 822 3186 dicit
847 3129 887 3184 se
911 3109 1032 3183 subito
1057 3110 1265 3204 concepisse
1293 3110 1330 3183 in
1364 3117 1487 3186 mente
1519 3112 1817 3208 imaginationem

648 3229 797 3306 autoris.
824 3229 900 3304 Hoc
923 3236 1050 3304 autem
1076 3229 1159 3304 dicit
1185 3229 1355 3325 Virgilius
1379 3231 1498 3306 velate
1533 3232 1603 3306 sub
1634 3231 1742 3306 nobili
1770 3231 1819 3305 si-

650 3349 864 3440 militudine,
889 3354 926 3422 et
952 3357 1008 3424 est
1032 3347 1136 3423 litera
1162 3349 1281 3441 lortis3
1302 3349 1401 3423 unde
1426 3350 1573 3426 attende
1590 3351 1688 3445 quod
1705 3351 1817 3443 aliqui

652 3475 839 3564 exponunt
856 3467 961 3544 istam
980 3467 1123 3542 literam
1143 3476 1242 3543 recte
1259 3488 1325 3562 per
1347 3470 1564 3564 oppositum,
1579 3471 1666 3564 quia
1683 3469 1820 3563 dicunt,

651 3587 748 3681 quod
774 3587 803 3660 si
829 3587 963 3660 Dantes
988 3593 1083 3661 esset
1108 3588 1298 3681 speculum
1324 3609 1396 3662 non
1415 3590 1576 3664 traheret
1594 3591 1700 3664 citius
1719 3590 1765 3664 ad
1782 3609 1822 3664 se

653 3707 850 3803 imaginem
870 3705 1028 3801 Virgilil3
1046 3712 1082 3780 et
1099 3706 1208 3780 debet
1227 3707 1346 3802 potius
1362 3708 1431 3782 dici
1453 3711 1686 3784 econtrario.
1709 3709 1821 3802 Unde,

653 3833 694 3899 ut
719 3828 818 3901 clare
843 3827 1021 3924 intelligas
1051 3828 1188 3902 iactum
1204 3819 1253 3922 (⁵),
1289 3828 1491 3925 imaginare
1520 3829 1619 3922 quod
1652 3831 1822 3927 Virgilius

652 3947 697 4020 sit
722 3967 838 4020 uuum
864 3946 1068 4042 speculum,
1085 3954 1123 4020 et
1148 3947 1281 4022 Dantes
1296 3938 1333 4038 (⁶)
1351 3948 1457 4022 vivus
1474 3969 1559 4022 oum
1578 3969 1733 4044 corpore
1750 3959 1822 4025 stet

652 4087 697 4141 ex
724 4067 887 4161 opposito
918 4067 1018 4160 eius3
1044 4067 1139 4142 bene
1168 4067 1237 4142 scis
1270 4067 1369 4160 qnod
1398 4067 1521 4163 imago
1551 4067 1675 4144 Dantis
1700 4070 1822 4144 subito

653 4195 980 4283 repraesentaretur
1014 4189 1050 4261 in
1081 4189 1241 4282 speculo.
1274 4188 1379 4264 llodo
1410 4189 1457 4263 ad
1490 4189 1715 4284 propositum
1743 4191 1822 4266 vult

652 4308 774 4383 dicere
788 4308 977 4404 Virgilius:
997 4329 1067 4404 ego
1091 4308 1212 4382 statim
1236 4307 1385 4404 concepi
1403 4309 1699 4406 imaginationem
1718 4317 1820 4386 tuam

652 4448 738 4503 cum
765 4427 877 4501 iecisti
908 4447 1005 4520 eam,
1030 4427 1123 4500 sicut
1155 4427 1275 4502 statim
1301 4447 1471 4523 caperem
1498 4429 1695 4526 imaginem
1717 4439 1820 4507 tuam

713 4653 741 4713 (¹)
759 4658 812 4714 llo.
830 4659 959 4704 umorem
975 4655 1016 4706 rel
1033 4669 1166 4718 perorem.
1320 4658 1348 4720 (¹)
1364 4658 1394 4710 ll.
1411 4661 1548 4712 antelmus.

714 4728 740 4792 (¹)
758 4732 811 4790 nto,
827 4731 919 4780 uteru
934 4745 1039 4782 emnam
1054 4745 1144 4796 quare.

715 4805 741 4868 (l)
759 4809 813 4866 lto.
831 4819 896 4868 rem,
913 4809 987 4859 enlm
1004 4810 1161 4872 principium
1169 4811 1202 4862 nit
1211 4811 1239 4862 ln
1254 4825 1366 4875 corpore
1377 4813 1471 4866 mollit
1480 4827 1563 4874 ems.
1573 4811 1755 4864 metemus
1767 4814 1824 4864 talla

653 4885 842 4948 imaginationis
852 4891 959 4948 propter
968 4888 1173 4940 convenientiam
1189 4901 1266 4953 quam
1283 4890 1359 4941 habet
1376 4892 1461 4944 mim
1476 4903 1538 4944 eun
1553 4893 1744 4954 turpem-B
1759 4892 1824 4956 qut

713 4963 740 5024 (⁸)
757 4963 788 5012 Ε.
805 4961 912 5024 metum,
928 4964 1006 5016 mbos
1021 4966 1171 5028 magiam.

714 5037 741 5102 ς’)
758 5037 789 5090 Β.
807 5038 902 5090 Μία
917 5042 950 5091 ntt
966 5042 1039 5092 vlnus
1055 5055 1116 5094 cnm
1132 5055 1244 5106 corpore
1259 5049 1287 5096 et
1301 5050 1360 5098 atet.
