4550 6844
674 920 745 988 392
994 977 998 984 .
1075 927 1280 986 COMENTUH
1304 931 1457 986 mnnnnr

673 1075 865 1150 introitum
889 1071 1042 1148 alterius
1066 1074 1185 1168 pontis
1208 1075 1353 1152 decimi.
1378 1077 1424 1152 Et
1448 1074 1552 1150 dicit:
1571 1093 1609 1148 se
1624 1069 1688 1167 piat
1711 1076 1802 1146 lunae
1819 1074 1856 1146 oi

671 1201 766 1291 sorae
790 1200 873 1268 tutto
898 1195 949 1268 acl
971 1196 1052 1266 into.
1080 1192 1166 1268 Vult
1191 1195 1325 1290 (licere,
1353 1194 1453 1290 quod
1478 1194 1526 1269 de
1551 1192 1620 1270 isto
1646 1201 1759 1289 ponte
1788 1192 1855 1268 le-

674 1316 782 1409 cimo,
796 1313 843 1388 acl
864 1331 977 1407 quem
996 1313 1140 1389 noviter
1165 1317 1385 1411 appulerant
1400 1307 1448 1409 (¹),
1463 1319 1585 1410 posset
1611 1312 1729 1388 videri
1748 1311 1855 1407 quid·

675 1434 764 1529 qun
789 1442 845 1510 est
870 1433 908 1506 tn
934 1433 1046 1510 sunno
1072 1433 1168 1508 rmus
1192 1435 1296 1511 vatus
1320 1434 1507 1529 surrectis,
1525 1433 1557 1508 sa
1581 1432 1632 1507 m
1659 1439 1756 1508 esset
1775 1431 1857 1526 pus

676 1553 824 1628 luminis
849 1573 963 1646 quam
989 1551 1052 1647 sit;
1073 1560 1111 1629 et
1136 1554 1232 1630 bene
1248 1554 1362 1651 lingit,
1381 1553 1469 1648 quia
1489 1553 1557 1627 isla
1574 1551 1718 1628 decima
1730 1551 1856 1648 bulgia

677 1665 783 1766 estl¹l
811 1673 973 1748 maxime
997 1674 1168 1768 obscura,
1185 1674 1274 1767 quia
1300 1675 1337 1748 in
1363 1693 1409 1750 ea
1429 1673 1635 1770 puniuntur
1654 1671 1856 1764 falsatores,

677 1796 772 1870 sicut
796 1793 920 1869 statim
945 1793 1099 1870 dicetur.

756 1917 904 2004 οιιαηάο
929 1918 991 1988 noi
1010 1919 1155 2009 mmmm
1181 1916 1252 1990 lsta
1278 1921 1333 1990 est
1358 1913 1520 1990 secum
1545 1932 1630 2010 pars
1659 1911 1855 2009 generalis,

678 2037 716 2110 in
742 2057 816 2130 qua
842 2041 951 2111 autor
978 2042 1110 2110 tractat
1133 2036 1181 2112 de
1206 2035 1370 2133 generali
1388 2054 1498 2130 poena
1514 2034 1741 2126 falsatorum,
1760 2051 1856 2126 quo-

680 2177 765 2232 rum
792 2156 920 2230 multae
944 2161 1030 2230 sunt
1060 2156 1209 2252 species.
1241 2155 1296 2230 ld
1329 2155 1436 2231 cuius
1465 2155 1521 2230 rei
1552 2153 1773 2230 evidentiam
1799 2157 1856 2228 est

680 2276 894 2369 notandum,
920 2276 1021 2369 quod
1045 2283 1156 2352 autor
1180 2275 1241 2350 dat
1268 2275 1438 2350 meritam
1467 2293 1616 2370 poenam
1648 2273 1724 2347 istis
1747 2272 1857 2346 falsa·-

681 2396 834 2471 toribus.
860 2396 980 2492 Fingit
996 2395 1093 2471 enim
1115 2395 1216 2490 quod
1232 2415 1361 2470 omnes
1378 2398 1465 2468 sunt
1481 2391 1603 2470 allecti
1619 2392 1730 2466 variis
1753 2409 1857 2466 mor·
2005 2407 2010 2420 ·

681 2516 748 2609 bis,
773 2514 1013 2610 languoribus
1047 2521 1085 2590 et
1119 2514 1357 2610 passionibus,
1385 2513 1482 2589 sicut
1507 2513 1627 2607 lepra,
1659 2509 1857 2607 hydropisi,

683 2635 814 2728 ethica,
832 2634 939 2728 furia,
964 2633 1084 2729 febre3
1110 2641 1148 2710 et
1172 2634 1224 2708 sic
1248 2653 1378 2709 omnes
1393 2645 1481 2710 sunt
1500 2631 1662 2726 corrupti
1680 2631 1718 2704 in
1744 2649 1857 2705 mnne

682 2775 751 2830 sua
776 2755 814 2827 in
838 2753 1112 2830 dissolutionem
1132 2773 1210 2828 suae
1228 2761 1382 2846 naturae‚
1402 2772 1470 2847 per
1486 2751 1585 2845 qnod
1605 2749 1740 2847 figurat
1757 2747 1857 2843 quod

682 2873 740 2948 isti
765 2872 955 2948 falsatores
986 2873 1150 2968 corrupti
1175 2877 1311 2966 mente,
1337 2876 1586 2966 corruperunt
1603 2859 1641 2962 (³)
1667 2869 1792 2943 omnia
1817 2867 1855 2942 in

681 2992 969 3068 destructionem
996 2999 1140 3067 naturae
1164 2992 1328 3086 ipsarum
1355 3009 1502 3084 rerum;
1528 2996 1566 3064 et
1589 3010 1637 3064 ex
1662 2987 1857 3063 infirmita-

682 3112 779 3186 tibus
812 3121 849 3188 et
885 3111 1181 3206 corruptionibus
1215 3111 1290 3185 istis
1328 3116 1503 3186 emanant
1538 3109 1661 3205 magni
1696 3109 1858 3199 soemrm,

682 3232 771 3326 quia
795 3231 853 3306 isti
878 3239 1159 3327 corrumpentes
1191 3231 1373 3306 naturalia
1406 3238 1444 3306 et
1476 3229 1679 3304 artificialia
1703 3228 1798 3303 diota
1822 3233 1861 3302 et

682 3351 778 3426 facta
802 3350 967 3426 inliciunt
991 3351 1092 3444 alos,
1119 3357 1306 3426 eteorum
1327 3350 1428 3425 labes
1447 3349 1659 3446 contagiosa
1675 3348 1806 3444 polluit
1822 3336 1860 3439 (⁸)

683 3491 812 3546 aerem
837 3469 1012 3564 ricinum,
1038 3470 1140 3563 idest,
1166 3477 1295 3566 gentes
1321 3470 1473 3564 vicinas3
1502 3477 1541 3544 et
1564 3489 1662 3564 saepe
1685 3467 1796 3564 pestis
1820 3485 1862 3542 so

685 3589 847 3666 extendit
880 3589 927 3664 ad
960 3589 1056 3664 bene
1087 3590 1318 3686 longinquos,
1352 3590 1447 3664 sicut
1477 3589 1644 3664 videmus
1675 3589 1722 3665 de
1753 3588 1862 3680 facto,

686 3708 786 3804 quod
810 3728 886 3782 una
911 3728 972 3782 ars
997 3709 1056 3784 vel
1082 3709 1284 3784 mercautla
1300 3716 1476 3805 corrupta
1493 3709 1590 3784 ultra
1608 3714 1763 3802 montes,
1790 3707 1863 3782 cito

686 3828 815 3903 transit
839 3829 931 3904 citra
956 3835 1113 3923 montes,
1146 3835 1183 3905 et
1214 3829 1381 3905 similiter
1413 3836 1588 3924 corrupta
1622 3831 1715 3904 citra
1745 3849 1862 3921 mare,

686 3951 758 4025 cito
785 3949 915 4025 transit
941 3949 1036 4025 ultra
1062 3970 1179 4044 mare,
1205 3957 1243 4026 et
1260 3971 1283 4027 c
1303 3971 1494 4027 converso.
1520 3951 1641 4047 Magni
1665 3951 1777 4026 etiam
1794 3950 1862 4024 do-

685 4072 782 4146 lores
799 4070 1002 4146 audiuntur
1022 4071 1092 4166 bic,
1118 4071 1206 4165 quia
1223 4073 1314 4148 tales
1333 4072 1523 4147 falsatores
1542 4071 1790 4146 communiter
1807 4070 1864 4144 in·

686 4197 844 4268 currunt
869 4210 1004 4286 magna
1030 4192 1141 4285 mala,
1172 4192 1345 4287 pericula,
1381 4197 1419 4267 et
1446 4191 1595 4286 damna,
1624 4189 1759 4286 quibus
1788 4209 1863 4262 non

686 4317 741 4386 est
773 4311 977 4386 remedium
1013 4310 1081 4384 nisi
1113 4310 1228 4405 dolor,
1261 4311 1440 4406 planctus,
1474 4312 1659 4407 lacrymae,
1694 4308 1862 4406 suspiria,

686 4430 861 4524 querelae,
887 4429 983 4504 sicut
1000 4430 1137 4524 patebit
1153 4430 1247 4504 infra
1265 4430 1302 4504 in
1319 4430 1471 4527 singulis
1487 4431 1678 4525 speciebus
1694 4430 1862 4505 istrorum.

688 4549 730 4622 lit
755 4548 848 4624 sicut
874 4567 1013 4644 genera
1037 4547 1299 4644 aegritudinum
1325 4556 1363 4624 et
1387 4549 1527 4646 species
1547 4550 1758 4646 passionum
1776 4555 1865 4624 sunt

751 4809 778 4871 (Ι)
795 4809 820 4860 S.
837 4807 1003 4872 appulerunt.
1014 4811 1083 4861 -Ε,
1100 4811 1264 4875 appulerant,
1278 4817 1381 4876 possem
1398 4811 1495 4864 ridere.

753 4887 780 4950 (¹)
797 4887 828 4938 B.
842 4893 882 4938 ert
898 4887 973 4937 ralia
989 4887 1109 4950 obscura,
1125 4889 1239 4940 maxime
1255 4890 1325 4952 quia.

752 4961 778 5024 (⁸)
796 4963 828 5013 B.
844 4969 1051 5027 corrumpuntur
1067 4965 1148 5016 anam
1163 4965 1190 5016 in
1206 4965 1420 5018 imuucuonem.

754 5039 781 5100 ι’)
797 5039 828 5090 Β.
845 5039 921 5092 solvit
936 5053 1034 5093 aerem.
