4534 6842
701 904 770 970 142
1089 911 1292 968 ΕΟΜΕΝΤΠΜ
1316 911 1467 966 INFERNI

691 1062 837 1154 portati,
855 1059 946 1133 idest
962 1059 1191 1155 repacificati,
1207 1058 1398 1152 requietati
1408 1050 1446 1148 (¹)
1465 1075 1554 1152 erga
1571 1054 1686 1150 illum,
1702 1054 1739 1128 in
1756 1053 1863 1129 cuius

697 1179 979 1254 destructionem
1005 1179 1288 1255 coniuraverant
1313 1197 1453 1270 omnes,
1475 1178 1530 1249 citi
1549 1178 1589 1269 su
1609 1177 1711 1265 colui,
1737 1177 1786 1248 du
1810 1178 1865 1248 cad

696 1301 813 1372 di'clte
833 1303 956 1393 [aresti
980 1302 1075 1372 mala
1096 1303 1257 1392 partita?
1277 1297 1363 1392 quia
1381 1296 1516 1370 scilicet
1535 1296 1630 1368 male
1655 1315 1723 1389 pro
1750 1300 1785 1369 te
1804 1315 1864 1370 re-
1985 1359 1995 1378 ,
2054 1333 2058 1340 ⁴

696 1418 829 1492 cessisti
856 1421 903 1493 ab
928 1439 985 1514 eo,
1012 1419 1099 1513 quia
1124 1420 1256 1494 melius
1281 1419 1406 1494 suisset
1432 1417 1495 1492 tibi
1520 1416 1642 1490 adhuc
1674 1435 1753 1491 asse
1778 1435 1863 1490 cum

697 1560 742 1613 en
767 1539 836 1612 sub
861 1539 940 1633 pice
965 1540 1059 1614 inter
1082 1539 1297 1634 baratarios,
1323 1558 1434 1631 quam
1462 1557 1542 1611 esse
1567 1536 1624 1611 hic
1647 1536 1740 1610 inter
1766 1536 1864 1629 istos,

692 1680 760 1752 per
786 1661 902 1731 oenoe
926 1681 950 1732 o
970 1661 1111 1752 proda‚·
1137 1659 1238 1752 idest,
1269 1659 1314 1732 ad
1345 1657 1615 1733 extremitatem
1646 1657 1732 1752 picis
1758 1655 1864 1751 juxta

700 1785 847 1852 terram.
869 1779 913 1850 ut
929 1777 1049 1850 subdit
1066 1777 1338 1873 responsionem
1356 1776 1530 1870 Giampoti
1550 1776 1596 1850 ad
1618 1775 1782 1871 quaesita,
1801 1773 1864 1868 qui

698 1896 877 1991 specificat
891 1887 929 1989 (²)
954 1898 1035 1991 quis
1061 1898 1171 1973 suerit
1188 1898 1248 1972 iiie
1265 1896 1403 1972 sardus.
1422 1895 1475 1970 dd
1493 1895 1598 1970 cuius
1619 1895 1863 1991 cognitionem

698 2022 753 2090 est
777 2016 976 2110 sciendum,
1008 2018 1105 2111 quud
1135 2017 1203 2092 iste
1233 2018 1345 2092 irater
1377 2016 1531 2110 Gemitu,
1564 2015 1611 2090 de
1641 2035 1716 2109 quo
1741 2016 1782 2089 nt
1806 2015 1865 2090 hic

698 2135 844 2228 mentio,
871 2135 937 2209 suit
962 2136 1121 2212 vicarius
1147 2143 1184 2212 et
1208 2137 1460 2212 locumtenans
1481 2134 1613 2231 judicis
1638 2135 1719 2208 Nini
1746 2135 1864 2210 Pisani

696 2252 734 2325 in
759 2253 934 2348 Sardinia,
961 2276 1129 2329 summus
1154 2255 1371 2348 baratarius,
1398 2274 1507 2348 quem
1535 2253 1689 2329 finaliter
1707 2253 1783 2349 ipse
1803 2253 1866 2328 Ni-

698 2393 767 2446 nus
792 2373 874 2447 iecit
891 2375 1071 2469 suspendi,
1090 2375 1176 2470 quia
1198 2376 1428 2452 relaxaverat
1449 2381 1486 2449 et
1506 2373 1726 2450 liberaverat
1746 2378 1865 2450 certos

663 2477 666 2483 Δ
701 2491 864 2566 inimicos
889 2493 968 2567 eius
994 2514 1086 2586 quos
1115 2493 1272 2569 habebat
1305 2494 1374 2568 sub
1399 2491 1574 2588 custodia,
1600 2494 1754 2588 pecunia
1780 2513 1864 2568 cor-

699 2619 839 2707 ruptus.
869 2613 972 2688 Unde
1003 2620 1039 2688 te
1068 2619 1210 2710 oportet
1240 2613 1392 2688 ulterius
1423 2614 1526 2708 scire,
1557 2612 1655 2708 quod
1690 2614 1777 2688 olim
1806 2613 1866 2709 ja·

699 2753 858 2809 nuenses
883 2739 919 2808 et
944 2733 1068 2828 pisani,
1085 2734 1159 2808 duo
1176 2733 1412 2830 potentissimi
1439 2733 1559 2829 populi
1585 2734 1621 2807 in
1647 2733 1753 2828 mari,
1775 2755 1863 2808 con-

700 2851 864 2926 ioederati
890 2851 984 2927 inter
1008 2873 1048 2927 se
1073 2873 1206 2949 magna
1227 2853 1342 2928 classe
1367 2859 1681 2946 recuperaverunt
1706 2853 1864 2927 insulam

699 2969 900 3044 Sardiniam
917 2961 954 3063 (³)
980 2971 1027 3046 de
1052 2971 1221 3046 munibus
1242 2970 1485 3045 harbarorum
1506 2971 1705 3046 infidelium
1723 2972 1863 3046 Airicae.

699 3090 820 3165 insula
845 3097 1061 3186 recuperata
1086 3101 1339 3166 convenerunt
1362 3089 1457 3168 inter
1477 3111 1530 3184 se,
1548 3090 1646 3184 quud
1666 3093 1866 3187 januenses

699 3209 794 3285 avidi
816 3211 948 3305 praedae
965 3215 1194 3306 asportarent
1210 3208 1384 3306 quidquid
1402 3210 1533 3307 praedae
1551 3217 1645 3285 esset
1663 3232 1773 3306 super
1790 3217 1867 3286 ter-

700 3351 793 3425 ram,
818 3329 931 3425 pisani
956 3349 1046 3404 vero
1060 3318 1097 3422 (⁸)
1124 3331 1242 3404 solum
1269 3329 1446 3405 haberent
1472 3329 1612 3405 nudum
1634 3332 1863 3420 solomona

701 3449 795 3526 iacto
820 3448 946 3544 pisani,
959 3455 1127 3543 reparata
1148 3455 1184 3523 et
1202 3448 1400 3523 reformata
1416 3447 1544 3544 insuia,
1563 3450 1764 3526 diviserunt
1781 3471 1864 3526 eam

700 3570 737 3641 in
762 3573 921 3661 quatuor
946 3575 1078 3662 partes,
1097 3589 1189 3662 quas
1205 3569 1482 3663 appellaverunt
1496 3569 1699 3665 judicatus3
1726 3577 1763 3646 et
1780 3591 1869 3644 con·

703 3689 900 3763 stituerunt
925 3695 1085 3780 quatuor
1112 3694 1285 3783 rectores,
1304 3709 1397 3782 quos
1416 3690 1693 3784 appellaverunt
1714 3689 1867 3786 judices.

700 3806 853 3880 Nomina
879 3812 1003 3880 autem
1026 3805 1259 3901 judicatuum
1277 3814 1361 3880 sunt
1381 3807 1464 3884 ista:
1483 3809 1624 3903 primus
1645 3815 1797 3884 vocatus
1815 3814 1870 3883 est

701 3927 903 4018 Lopodoro,
927 3925 1019 3999 idest
1044 3925 1145 4000 locus
1170 3945 1319 4020 aureus,
1338 3926 1424 4021 quia
1441 3929 1508 4001 ista
1529 3933 1584 4002 est
1608 3948 1693 4023 pars
1719 3927 1870 4002 fertilior

701 4053 739 4122 et
762 4045 961 4139 amoenior3
988 4046 1182 4139 secundus,
1203 4048 1359 4139 omno,
1376 4053 1413 4120 et
1430 4052 1485 4121 est
1510 4068 1645 4122 nomen
1671 4047 1866 4141 antiquum

701 4172 885 4243 retentum
925 4163 985 4260 ibi,
1024 4186 1108 4239 nam
1151 4169 1306 4259 chalmi,
1340 4165 1408 4243 suit
1444 4166 1532 4240 olirn
1567 4167 1706 4242 iamosa
1743 4167 1869 4243 civitas

700 4285 762 4380 ibi,
792 4291 834 4359 ut
862 4283 946 4360 dicit
979 4285 1200 4381 Pomponius
1231 4285 1343 4380 Mela3
1374 4286 1504 4360 tertius
1530 4285 1717 4380 judicatus
1751 4286 1868 4360 dictus

701 4415 756 4481 est
772 4406 955 4499 Arborea5
981 4411 1135 4498 quartus
1161 4412 1198 4480 et
1223 4405 1374 4482 ultimus
1403 4407 1563 4498 Gutture,
1590 4405 1642 4480 sic
1667 4413 1866 4482 vocatusa

701 4525 892 4600 comitibus
923 4523 1067 4620 pisaniS,
1093 4525 1227 4620 quibus
1257 4523 1364 4598 datus
1394 4523 1460 4597 suit
1489 4515 1556 4599 iste
1582 4525 1778 4622 judicatus,
1804 4526 1868 4621 qui

702 4651 848 4741 portant
871 4642 1009 4741 gallum
1036 4665 1103 4740 pro
1128 4649 1330 4738 armatura,
1352 4644 1398 4718 de
1423 4644 1557 4737 quibus
1583 4644 1651 4718 init
1674 4645 1869 4741 praedictus

698 4763 811 4862 judex
837 4764 961 4858 Ninus,
988 4763 1073 4838 olim
1100 4763 1273 4858 expulsus
1297 4764 1343 4838 de
1372 4763 1518 4838 civitate
1542 4763 1686 4860 pisana;
1716 4763 1762 4840 de
1793 4785 1869 4859 quo

1865 1754 1886 1813 Ἰ

763 4947 792 5011 (¹)
808 4949 838 5000 B.
855 4949 936 5013 quieti
951 4963 1023 5014 arga.
1313 4947 1383 5013 (Ἢ.
1400 4951 1526 5016 significat
1541 4953 1586 5018 qni
1602 4953 1691 5005 ruent.

764 5024 790 5088 θ)
807 5027 860 5086 itu,
876 5023 1014 5078 Sardium.
1314 5027 1341 5088 (¹)
1357 5027 1388 5078 li.
1404 5041 1468 5081 varo
1484 5028 1609 5080 hobarum
1625 5029 1710 5082 mum
1728 5029 1836 5080 undum.
