4526 6836
742 947 880 1004 CANTUS
904 948 1062 1008 ominus
1085 948 1257 1004 OCTAVUS.
1544 937 1585 1002 11

414 1098 565 1191 frustra,
591 1096 689 1174 unde
719 1095 827 1170 dicit:
860 1117 920 1170 mu
942 1117 1035 1190 poco
1064 1099 1090 1170 ιι·
1120 1099 1239 1170 nahe:
1271 1095 1359 1190 quia
1374 1089 1411 1188 (¹)
1445 1101 1588 1172 motum

414 1216 611 1314 recognovi
635 1237 741 1310 eum3
758 1237 824 1312 per
841 1217 940 1312 qnod
956 1223 1058 1292 notat
1078 1216 1178 1311 quod
1202 1215 1284 1310 quis
1309 1237 1383 1290 non
1400 1223 1518 1312 potest
1535 1216 1590 1290 uti

415 1343 517 1413 tauta
541 1343 634 1432 arte,
660 1337 759 1432 quod
784 1358 857 1413 non
882 1343 1125 1434 cognoscatur
1150 1337 1222 1413 tale
1243 1337 1387 1432 vitium,
1405 1337 1492 1432 quia
1516 1339 1589 1414 cito

414 1457 563 1534 infamia
590 1458 732 1534 laborat
756 1463 884 1534 contra
908 1465 1079 1534 autorem
1105 1457 1186 1532 salu
1211 1457 1360 1552 fraudis,
1378 1464 1416 1534 et
1437 1465 1492 1534 est
1509 1480 1589 1536 ma-

415 1579 516 1654 xima
540 1599 625 1674 pars
649 1597 727 1652 suae
752 1599 884 1676 poenae,
904 1578 1002 1652 ols'io
1027 1581 1173 1652 desim
1198 1585 1233 1654 tu
1249 1580 1309 1652 elo
1324 1586 1411 1670 pecu
1435 1582 1589 1654 somnio

413 1721 438 1773 a
464 1707 575 1790 terra,
601 1719 677 1795 prae
693 1689 729 1792 (²)
757 1699 990 1794 verecundia,
1010 1705 1045 1774 tu
1064 1700 1113 1772 sie
1137 1702 1289 1772 Venetico
1310 1702 1590 1794 Caenonemr'c05

413 1819 478 1894 sed
515 1840 588 1895 non
621 1825 724 1915 potes
762 1819 946 1914 expellere
979 1818 1167 1894 infamiam
1202 1818 1364 1896 maxime
1402 1819 1588 1895 inimicam

415 1938 498 2032 tibi;
524 1945 562 2013 et
587 1939 657 2013 hoe
679 1939 786 2013 diuo:
818 1961 855 2012 re
880 1941 912 2014 le
937 1941 1075 2035 sercou,
1100 1939 1192 2014 idest
1222 1939 1442 2016 lineamenta
1472 1939 1587 2036 faciei,

414 2077 499 2153 quae
526 2057 635 2134 aliter
659 2057 832 2133 dicuntur
855 2063 1018 2152 sauezze,
1035 2099 1084 2114 -
1100 2061 1160 2132 cie
1180 2062 1278 2151 porti
1301 2079 1374 2134 uon
1397 2079 1464 2134 son
1485 2064 1586 2154 saise.

413 2181 491 2254 Hoc
515 2199 582 2275 pro
608 2185 710 2254 [anto
733 2179 819 2254 dicit
833 2169 884 2274 (³),
902 2179 989 2274 quia
1009 2199 1107 2274 soepe
1132 2177 1328 2254 similitudo
1345 2179 1475 2254 iormae
1499 2147 1603 2256 salii?

416 2299 614 2394 hominem,
631 2306 674 2373 ut
691 2300 856 2376 Valerius
876 2299 1033 2378 ostendit
1055 2299 1093 2374 in
1110 2298 1182 2374 fine
1199 2299 1256 2373 sui
1274 2299 1356 2374 libri
1374 2320 1439 2395 per
1457 2321 1587 2378 exem-

416 2421 475 2516 pla
500 2421 724 2514 multorum3
751 2421 856 2515 quasi
881 2421 994 2496 dicat:
1022 2441 1094 2495 non
1120 2420 1244 2515 accepi
1265 2427 1302 2496 te
1317 2421 1356 2520 in
1382 2422 1585 2497 scambium

414 2562 483 2636 pro
509 2540 592 2636 alio,
624 2540 711 2636 quia
740 2541 942 2618 certissime
971 2547 1009 2616 te
1043 2561 1265 2638 recognosco
1280 2528 1317 2634 (⁴)
1348 2541 1427 2617 siue
1459 2562 1589 2618 errore

415 2661 549 2758 aliquo.
575 2662 678 2738 Unde
702 2661 826 2738 audivi
850 2661 950 2756 quod
981 2661 1049 2737 iste
1077 2660 1248 2736 dominus
1279 2661 1475 2738 veneticus
1500 2684 1590 2738 oon-

415 2782 510 2878 oepit
539 2801 654 2878 grave
681 2781 808 2857 odium
840 2788 969 2856 contra
1002 2781 1171 2875 Dantem,
1205 2786 1243 2856 et
1275 2782 1486 2876 procuravit
1518 2782 1587 2858 ali-

415 2901 563 2998 quando
587 2901 722 2978 laedere
746 2921 852 2995 eum;
878 2901 978 2996 quod
1002 2901 1108 2976 sisic
1133 2901 1200 2976 suit
1225 2901 1352 2977 habuit
1382 2902 1587 2997 obliquum,

416 3010 496 3098 tum
522 3021 609 3116 quia
633 3027 743 3098 autor
768 3041 902 3098 verum
920 3021 1017 3116 dicit,
1035 3026 1116 3095 tum
1136 3020 1223 3116 quia
1243 3042 1448 3117 numquam
1469 3023 1585 3119 parcit

413 3142 523 3218 alicui
549 3163 622 3218 non
646 3142 809 3238 principi,
835 3162 909 3216 non
934 3162 1047 3237 papae,
1074 3161 1149 3219 non
1177 3141 1315 3238 patriae,
1346 3163 1419 3219 non
1451 3164 1608 3242 paren-4

416 3263 524 3338 tibus.
550 3265 595 3338 Et
618 3263 707 3359 petit
729 3269 840 3338 autor
865 3260 911 3337 de
936 3283 1048 3338 cansa
1073 3267 1148 3336 tam
1175 3261 1290 3358 turpis
1307 3283 1426 3357 poenae
1442 3262 1584 3342 dicens:

414 3389 478 3458 Mu
502 3385 562 3458 cie
586 3387 612 3457 n·
636 3405 738 3458 nrerro
771 3404 796 3460 u
823 3375 854 3458 ri
880 3385 1051 3476 meno
1077 3385 1199 3456 sune?
1228 3381 1282 3457 Ad
1311 3382 1600 3480 intelligentiam*

414 3503 523 3578 huius
548 3503 675 3598 uteru,
702 3509 743 3576 ut
768 3503 893 3578 rideas
918 3509 1010 3598 quot
1025 3508 1112 3576 sunt
1134 3503 1279 3578 occulta
1305 3509 1342 3578 et
1366 3502 1532 3598 ignorata
1548 3497 1584 3598 (⁵)

414 3622 451 3697 in
476 3622 545 3698 isto
571 3622 675 3717 libro,
702 3623 786 3698 volo
811 3629 848 3698 te
872 3623 978 3716 scire,
999 3621 1098 3718 quod
1114 3625 1213 3696 Sace
1237 3629 1293 3698 est
1317 3622 1467 3717 quidam
1485 3626 1588 3702 locus

414 3743 586 3818 Bononiae
612 3763 796 3819 concavus
826 3749 864 3817 et
893 3742 1056 3818 declivus
1085 3747 1191 3818 extra
1222 3741 1407 3820 civitatem
1439 3751 1520 3840 post
1550 3753 1589 3822 et

414 3883 529 3958 prope
545 3867 709 3938 sanctam
726 3861 877 3938 Mariam
896 3862 933 3936 in
953 3864 1085 3956 Monte,
1106 3861 1143 3936 in
1160 3881 1273 3956 quem
1291 3863 1457 3939 solebant
1480 3865 1586 3941 abici

414 4003 568 4078 corpora
592 3982 883 4077 desperatorum,
902 3982 1183 4076 feneratorum,
1199 3987 1237 4058 et
1254 3981 1410 4058 aliorum
1429 3983 1586 4060 iniamu-

415 4113 549 4180 torum.
576 4103 679 4180 Unde
703 4103 899 4196 aliquando
919 4101 1041 4177 andivi
1066 4121 1202 4197 pueros
1227 4103 1399 4178 Bononie
1423 4103 1585 4182 nicenus

413 4245 530 4300 unum
556 4222 662 4298 alteri
686 4220 732 4296 ad
758 4220 1045 4316 improperium:
1073 4221 1174 4296 Tuus
1190 4229 1294 4317 pater
1313 4222 1381 4296 fuit
1399 4223 1584 4318 proiectus

412 4346 458 4420 ad
478 4343 608 4420 Salsas.
626 4341 681 4418 rid
698 4341 924 4438 propositum
951 4361 1041 4438 ergo
1058 4348 1168 4418 autor
1185 4344 1264 4417 vult
1280 4341 1420 4418 dicere:
1438 4343 1531 4432 Quid
1546 4335 1584 4438 (ὅ)

411 4463 511 4540 ducit
537 4472 573 4540 ce
597 4463 644 4538 ad
669 4463 802 4539 vallem
829 4468 904 4536 tam
930 4461 1118 4557 infamem,
1139 4462 1233 4538 sicut
1257 4469 1313 4538 est
1337 4463 1438 4540 vallis
1463 4463 1585 4542 Salsa·

412 4605 499 4659 rum
523 4583 621 4679 apud
647 4584 801 4679 patriam
835 4587 967 4657 tuam?
992 4583 1072 4656 Non
1102 4602 1193 4678 ergo
1223 4581 1344 4678 capias
1375 4583 1432 4658 hic
1464 4584 1585 4660 Salsas

413 4726 480 4801 pro
502 4723 644 4799 sapore,
661 4703 755 4778 sicut
771 4701 1019 4777 communiter
1035 4721 1165 4776 omnes
1182 4709 1381 4798 exponunt,
1399 4703 1486 4797 quia
1504 4725 1584 4779 me·

474 4933 503 4997 (¹)
520 4937 574 4998 sse,
591 4935 651 5000 quu
668 4940 754 4986 tamen
768 4935 916 5000 recognovi.
1050 4933 1079 4996 (¹)
1096 4937 1150 4995 111,
1167 4947 1215 4997 pro
1231 4933 1394 4986 remmus

474 5010 504 5074 (Ἴ
520 5010 550 5062 ln
567 5011 634 5062 oleo.
1053 5010 1079 5070 (⁸)
1095 5008 1122 5062 S.
1138 5023 1154 5062 e
1170 5013 1225 5072 111,
1242 5023 1379 5074 cognosco.

476 5085 503 5150 (¹)
520 5091 565 5139 111
581 5099 597 5137 e
613 5085 643 5138 E.
660 5087 797 5152 incognita.
1051 5086 1079 5150 (⁸)
1095 5087 1125 5138 E.
1143 5087 1187 5151 qui
1204 5087 1283 5140 uuus.
