4566 6844
717 953 855 1010 murus
878 952 1091 1008 rmousmus
1115 951 1278 1007 ruamus.
1509 938 1578 1005 53¹1

409 1100 556 1196 sentire,
582 1099 666 1175 licet
696 1105 792 1174 esset
824 1099 941 1174 iactus
975 1097 1081 1193 quasi
1111 1095 1326 1172 insensibilis
1357 1115 1434 1192 prae
1469 1095 1581 1170 nimio

409 1221 556 1317 frigore.
591 1219 683 1295 Dicit
723 1240 836 1316 ergo:
871 1225 904 1292 Ε
933 1209 995 1311 pid
1029 1221 1077 1291 mi
1105 1238 1220 1310 parea
1252 1220 1379 1291 ambre
1411 1220 1580 1309 alquanto

410 1347 522 1430 emto,
548 1340 636 1434 quia
659 1339 975 1435 appropinquabat
1000 1338 1046 1413 ad
1071 1338 1193 1412 locum
1221 1336 1318 1412 uude
1345 1337 1578 1432 procedebat,

407 1481 546 1551 noeman
570 1463 629 1534 olto
654 1461 792 1534 mussan
818 1462 1018 1534 sedimento
1042 1479 1162 1532 ovasse
1185 1455 1577 1550 reconsecratum,

408 1579 600 1654 stationam
618 1586 656 1654 et
676 1578 922 1672 residentiam,
940 1581 998 1652 del
1012 1580 1081 1652 mio
1105 1581 1193 1670 cbo,
1211 1576 1313 1672 idest,
1331 1596 1354 1651 a
1370 1577 1463 1652 facie
1480 1594 1576 1670 mea,

405 1720 471 1791 per
496 1703 532 1773 lu
554 1701 743 1794 fracidam,
768 1719 791 1774 a
816 1691 981 1792 simili,si
1005 1718 1101 1771 coma
1116 1699 1212 1771 dnn
1227 1699 1319 1771 collo
1334 1691 1384 1791 ('),
1402 1696 1466 1790 qui
1486 1696 1575 1771 uibil

407 1819 532 1893 sentit:
560 1825 614 1894 est
638 1819 737 1894 enim
763 1820 877 1894 callus
901 1818 1052 1893 durities
1077 1817 1196 1892 carnis
1225 1823 1263 1891 et
1291 1816 1385 1892 cutis
1415 1817 1464 1890 ibi
1488 1837 1578 1912 sup·

407 1938 543 2033 positae.
579 1940 623 2013 Et
656 1944 780 2014 movet
814 1937 1053 2031 quaestionem
1087 1935 1253 2034 Virgilio,
1288 1935 1386 2010 uude
1419 1935 1577 2010 babebat

406 2057 588 2154 originem
614 2065 746 2133 ventus
762 2057 840 2152 iste,
857 2057 1000 2132 diceus:
1015 2058 1132 2149 percl'
1145 2057 1194 2147 to,
1211 2055 1357 2148 scilicet,
1375 2056 1461 2150 diui,
1479 2077 1577 2130 moe·

406 2185 481 2253 stro
506 2181 589 2270 mio,
613 2181 668 2252 old
694 2198 816 2251 mnooe
845 2183 989 2270 quoto?
1012 2176 1158 2270 scilieet,
1184 2181 1357 2269 ventum3
1391 2182 1429 2251 et
1455 2175 1575 2251 statim

405 2297 538 2394 arguit,
565 2296 663 2392 quod
688 2295 737 2369 ibi
762 2316 836 2370 nou
860 2296 1017 2373 debebat
1030 2287 1067 2389 (¹)
1093 2315 1200 2391 posse
1232 2314 1315 2370 esse
1347 2300 1490 2390 uentus,
1520 2295 1577 2370 di·

406 2437 510 2493 ceus:
539 2437 610 2490 non
636 2410 673 2490 dc
696 2419 890 2508 qnapqiusn
906 2418 991 2508 opni
1007 2435 1138 2510 vapore
1156 2421 1303 2509 sponte?
1328 2415 1432 2510 quasi
1458 2415 1572 2491 dicat:
1723 2445 1735 2470 ·

405 2543 573 2613 cessante
603 2557 714 2612 causa
747 2543 864 2612 cessat
888 2537 1060 2631 allectus3
1090 2536 1153 2611 sed
1186 2536 1245 2612 bic
1276 2556 1350 2611 uon
1379 2543 1435 2612 est
1463 2556 1576 2612 causa

410 2655 519 2750 venti,
546 2677 636 2754 ergo
652 2676 722 2731 nec
738 2662 893 2731 ventus:
919 2662 1029 2751 patet,
1048 2655 1134 2750 quia
1159 2662 1292 2730 ventus
1310 2662 1574 2752 generaturos

405 2795 545 2871 vapore
570 2775 667 2850 sicco
691 2777 834 2850 clevato
857 2798 880 2850 a
905 2776 1001 2870 sole3
1019 2776 1083 2850 sed
1108 2776 1145 2849 in
1171 2775 1239 2852 isto
1256 2783 1383 2850 centro
1408 2797 1482 2851 nou
1507 2797 1573 2872 po-

407 2901 477 2969 test
500 2893 631 2989 aliquis
656 2914 771 2990 vapor
801 2895 1001 2970 ascendere
1031 2901 1072 2970 ut
1104 2894 1310 2970 resolvatur
1339 2895 1376 2969 in
1410 2902 1574 2972 ventum.

407 3017 451 3089 Et
474 3015 576 3111 ponit
601 3015 874 3110 responsionem
902 3015 1038 3111 Virgilii
1063 3015 1109 3090 ad
1138 3034 1244 3089 suam
1270 3015 1493 3110 petitionem,
1518 3015 1574 3090 di·

406 3157 516 3212 ceus:
547 3137 628 3208 mad
641 3137 699 3208 elli
728 3156 753 3206 a
781 3156 848 3228 me,
878 3134 1014 3210 scilicet
1045 3134 1214 3232 Virgilius
1247 3134 1429 3230 respondit
1462 3135 1573 3211 mihi:

406 3256 549 3328 nummo
573 3256 670 3327 seror·
696 3256 798 3345 dove,
823 3253 926 3348 idest,
951 3253 1023 3328 cito
1048 3253 1121 3328 eris
1145 3253 1182 3326 in
1212 3254 1293 3328 loco
1320 3253 1393 3349 ubi,
1419 3257 1572 3328 locatio

407 3364 541 3470 tisord
565 3376 601 3447 lu
625 3377 778 3466 nbposta
807 3376 846 3447 di
876 3366 943 3465 oid,
968 3373 1073 3467 quasi
1105 3373 1223 3453 dicat:
1254 3373 1392 3448 videbis
1421 3372 1575 3450 oculan-

406 3501 463 3571 ter
476 3483 527 3588 (³),
546 3495 723 3586 vappendo
737 3496 774 3566 lo
791 3495 919 3585 capon
934 3495 994 3566 cle
1006 3495 1032 3566 'l
1050 3497 1137 3586 plato
1153 3496 1267 3586 plone,
1286 3493 1388 3587 idest,
1406 3515 1491 3588 quae
1508 3515 1575 3592 ge·

405 3620 512 3689 uerat
536 3619 700 3708 ventum,
718 3613 804 3706 quia
830 3612 965 3688 scilicet
990 3611 1153 3707 procedit
1172 3631 1195 3686 a
1216 3612 1384 3688 Lucifero
1410 3613 1572 3710 principe

403 3732 682 3808 daemouiornm.
704 3731 758 3806 Ad
783 3731 882 3826 quod
907 3737 964 3806 est
988 3731 1047 3806 bic
1072 3731 1167 3809 boue
1190 3730 1457 3809 advertendum
1476 3733 1575 3827 quod

404 3861 513 3928 autor
539 3852 718 3926 subtiliter
747 3851 851 3948 lingit
880 3853 979 3926 buuc
1008 3857 1162 3926 ventum
1196 3852 1336 3948 spirare
1370 3853 1439 3946 bic,
1474 3855 1572 3949 quia,

403 3969 718 4065 quemadmodum
743 3991 766 4044 a
791 3990 938 4044 summo
956 3970 1032 4044 Deo
1053 3969 1215 4063 procedit
1231 3971 1384 4066 Spiritus
1409 3979 1569 4068 sauctus,

402 4091 466 4185 qui
483 4089 645 4163 immittit
662 4089 784 4186 iguem
803 4088 940 4162 amoris
957 4094 994 4162 et
1010 4088 1170 4164 caritatis
1187 4090 1224 4164 in
1241 4091 1353 4166 corda
1368 4092 1571 4188 bominum,

404 4210 502 4285 uude
527 4208 682 4305 Spiritus
709 4215 859 4284 sauctus
887 4209 1109 4284 assimilatur
1129 4216 1267 4304 austro,
1293 4211 1343 4286 ita
1372 4232 1394 4285 a
1424 4233 1572 4291 summo

402 4331 559 4426 diabolo,
585 4329 720 4406 scilicet
744 4329 924 4424 Lucifero,
952 4329 1114 4423 procedit
1138 4330 1284 4425 spiritus
1310 4330 1460 4427 frigidus
1487 4333 1574 4431 odii,

404 4452 469 4546 qui
484 4439 521 4544 (⁸)
539 4455 672 4525 ventus
697 4449 867 4546 inglaciat
892 4449 941 4524 ita
961 4450 1073 4525 corda
1094 4469 1314 4544 pravorum3
1335 4450 1434 4543 quod
1454 4453 1574 4528 extin-

403 4571 483 4668 guit
507 4589 657 4645 omnem
682 4568 855 4645 ardorem
880 4570 1052 4663 caritatis,
1070 4575 1109 4644 et
1124 4589 1274 4644 omnem
1295 4589 1461 4646 amorem
1480 4573 1573 4649 ami-

459 4833 488 4898 (¹)
506 4839 560 4897 tte,
576 4836 649 4893 mlle,
666 4834 732 4885 idest
747 4835 815 4886 sicut
828 4835 914 4887 omnis
928 4849 1018 4888 semus
1032 4837 1138 4888 remit
1154 4848 1170 4887 ι
1185 4837 1262 4898 callo,
1278 4839 1324 4902 qul
1339 4839 1404 4890 nibli
1418 4839 1504 4892 mttt.

459 4911 486 4974 β)
502 4911 534 4961 Β.
550 4923 565 4961 e
581 4909 606 4960 S.
624 4910 734 4962 debebat
749 4925 805 4963 essa
822 4917 923 4963 vontus.
1078 4912 1105 4976 (b
1121 4914 1152 4963 li.
1168 4915 1320 4966 oculariter.

459 4986 485 5048 (¹)
502 4987 532 5037 rt
549 4987 594 5051 qui
611 4991 743 5051 umquam
757 4993 848 5041 ventus
864 4989 1045 5053 frigidissimus
1060 4989 1181 5054 degluciat
1196 4991 1232 5041 ita
1242 4991 1321 5042 corda
1332 5003 1473 5055 pravorum
1483 4992 1570 5045 bomi-

398 5077 470 5126 num‚
487 5062 557 5128 quod
572 5062 708 5128 extinguit.
