4534 6842
763 961 901 1018 murus
925 961 1116 1018 usrsnrus
1140 961 1303 1020 rasurus.
1543 957 1610 1026 181

443 1129 484 1184 se
509 1107 679 1183 habuerit
704 1107 873 1204 -Gayphas
902 1107 980 1182 viso
1009 1113 1153 1204 autore,
1185 1108 1330 1184 dicens:
1357 1111 1417 1187 ilie
1447 1129 1617 1188 summus

444 1229 645 1326 hypocrita,
676 1235 759 1300 tutto
792 1231 824 1300 st
854 1229 1015 1318 dr'storse,
1046 1227 1131 1304 licet
1162 1235 1258 1303 esset
1291 1229 1340 1304 ita
1377 1229 1546 1305 firmatos
1580 1231 1617 1305 in

443 1357 554 1444 terra,
581 1350 723 1440 prendo
756 1351 805 1420 mi
837 1349 927 1439 ude,
959 1348 1105 1442 scilicet,
1129 1368 1177 1423 ex
1209 1349 1337 1424 dolore
1370 1358 1408 1427 et
1437 1349 1503 1446 ira,
1530 1352 1617 1446 quia

441 1476 552 1545 autor
577 1475 658 1543 erat
683 1467 911 1561 christianus,
930 1468 1006 1563 ipse
1021 1461 1057 1560 (¹)
1080 1467 1268 1563 hebraeus;
1285 1475 1394 1546 autor
1410 1478 1492 1545 erat
1509 1470 1615 1548 vivus

444 1596 482 1664 et
506 1589 583 1662 sine
609 1606 722 1681 cappa
748 1586 1036 1683 hypocritarum,
1066 1587 1143 1682 ipse
1172 1608 1263 1662 vero
1297 1609 1465 1664 summus
1498 1591 1614 1685 hypo-

445 1707 534 1784 crita
551 1699 587 1799 (¹)
605 1705 641 1780 in
667 1725 852 1780 summam
871 1727 1017 1801 poenam
1036 1707 1214 1782 sentiebat
1230 1727 1324 1782 onus
1340 1709 1507 1782 omnium
1525 1729 1613 1805 cap-

443 1847 596 1925 parum;
621 1826 704 1901 ideo
727 1826 835 1901 dicit:
860 1829 1030 1917 sufflando
1062 1828 1154 1900 nella
1184 1827 1297 1900 barbo
1326 1831 1382 1900 coi
1408 1831 1549 1921 sospin',
1574 1829 1612 1904 in

445 1947 589 2043 signum
614 1945 782 2042 profundi
808 1945 952 2020 doloris.
971 1945 1015 2022 Et
1031 1945 1152 2020 subdit
1166 1937 1203 2039 (³)
1220 1946 1405 2040 quomodo
1422 1948 1535 2024 irater
1552 1948 1613 2024 ille

444 2066 728 2142 manifestaverit
753 2085 841 2140 curn
866 2065 933 2140 sibi
958 2065 1099 2140 dicens:
1123 2069 1158 2139 el
1177 2070 1271 2160 frate
1290 2059 1433 2140 cablon
1456 2071 1541 2141 ot'u
1557 2061 1612 2143 rid

442 2191 636 2275 daccorse,
657 2189 706 2258 mi
728 2188 844 2259 disse:
869 2189 948 2276 puel
970 2189 1107 2278 conficto
1131 2188 1192 2259 cte
1215 2192 1250 2259 tu
1274 2189 1368 2278 miri,
1390 2186 1492 2282 idest,
1518 2187 1612 2285 Cay-

444 2308 533 2402 pbas
559 2326 671 2399 quem
696 2313 739 2379 tu
765 2305 912 2401 respicis
943 2323 1030 2379 cum
1065 2305 1196 2380 maiori
1226 2297 1466 2382 admiratione
1498 2329 1612 2402 quam

443 2426 544 2520 aiios,
569 2425 663 2500 siout
688 2425 808 2499 statim
834 2424 930 2499 dicet
947 2423 1042 2499 idem
1063 2425 1110 2498 de
1131 2423 1290 2520 Virgilio,
1316 2418 1482 2516 consiplid
1507 2429 1520 2499 t
1542 2432 1615 2500 Fu·

443 2548 538 2637 risei,
564 2547 623 2617 che
646 2548 815 2618 converto
833 2565 947 2637 porro
971 2565 1018 2616 un
1042 2565 1123 2617 com
1143 2565 1211 2636 per
1236 2547 1270 2616 lo
1289 2549 1421 2636 popolo
1450 2550 1488 2618 ci
1512 2567 1613 2620 mar-

444 2657 513 2754 tiri,
540 2663 626 2756 quia
651 2663 786 2738 scilicet
810 2664 921 2738 dixit:
940 2663 1085 2758 expedit
1109 2670 1152 2738 ut
1176 2685 1272 2738 unus
1288 2653 1325 2756 (δ)
1344 2664 1525 2741 moriatur
1544 2687 1612 2762 pro

443 2782 589 2878 populo,
615 2801 662 2856 ne
687 2788 763 2856 tota
793 2803 884 2879 gens
912 2789 1057 2877 pereat;
1083 2789 1121 2857 et
1154 2783 1323 2878 Virgilius
1354 2777 1466 2858 dixit:
1494 2805 1611 2859 unum

440 2923 509 3000 pro
534 2902 658 2976 muitis
682 2901 827 2976 dabitur
851 2908 971 2997 caput.
990 2903 1035 2978 Et
1050 2903 1102 2978 sio
1123 2908 1208 2978 nota
1230 2904 1329 2998 quod
1353 2903 1421 2979 iste
1445 2905 1512 2978 suit
1530 2926 1611 2982 mn·

441 3023 563 3098 rimus
587 3022 754 3097 omnium
780 3023 1067 3118 hypocritarum,
1093 3023 1178 3117 quia
1208 3023 1365 3118 pessime
1395 3025 1538 3121 agebat,
1571 3032 1610 3100 et

439 3151 564 3219 tamen
590 3142 782 3217 videbatur
807 3143 945 3238 optime
970 3163 1082 3239 agere
1115 3149 1152 3218 et
1184 3142 1324 3236 dicere;
1350 3151 1387 3218 et
1412 3149 1536 3218 tamen
1561 3163 1609 3219 er

440 3263 574 3338 invidia
599 3263 788 3356 querebat
813 3269 971 3338 mortem
985 3255 1024 3354 (⁵)
1044 3262 1184 3339 Christi.
1203 3263 1247 3336 Et
1263 3263 1384 3337 subdit
1403 3263 1512 3338 aliam
1530 3283 1611 3360 pm-

444 3402 530 3456 nam
555 3381 809 3477 gravissimam
836 3381 991 3478 Cayphae
1006 3372 1055 3477 (⁶),
1081 3381 1226 3457 dicens:
1252 3389 1290 3457 et
1314 3382 1413 3477 ipse:
1434 3377 1611 3457 αιτναυεῗν-

440 3509 523 3575 suto
546 3521 566 3574 e
589 3503 684 3574 nudo
708 3497 746 3573 eb
769 3503 862 3574 netto
879 3505 950 3593 triu,
967 3521 1062 3574 coare
1087 3507 1124 3573 tu
1149 3504 1249 3594 vadi,-
1270 3501 1308 3576 in
1321 3491 1358 3594 (⁷)
1380 3501 1498 3577 torma
1523 3522 1611 3577 cru·

440 3620 536 3696 cifiri
549 3625 723 3695 extensus
736 3640 802 3714 per
814 3626 974 3714 terram;
991 3628 1024 3694 et
1039 3617 1076 3695 e'e
1092 3623 1222 3695 misam
1238 3624 1329 3696 ct'et
1344 3629 1457 3713 sento,
1475 3622 1610 3698 scilicet

440 3739 478 3813 in
513 3759 667 3833 corpore
704 3759 785 3832 suo,
811 3742 1005 3832 mutuaque
1031 3761 1140 3833 possa
1178 3761 1388 3834 composa
1418 3746 1524 3834 pn'u:
1555 3743 1612 3817 in-

441 3859 562 3954 tellige
576 3851 613 3951 (⁸)
646 3858 692 3934 de
729 3859 924 3955 hypocritis
962 3861 1060 3954 quod
1074 3852 1112 3952 (⁰)
1150 3881 1279 3936 omncs
1316 3868 1507 3936 transeunt
1543 3883 1609 3957 per

443 3978 580 4074 ipsum3
606 3999 692 4052 nam
718 3977 888 4074 Virgilius
913 3998 985 4053 non
1011 3985 1200 4075 gravasset
1224 3999 1323 4074 eum,
1350 3981 1437 4073 quia
1461 3981 1607 4075 spiritus

442 4103 533 4191 eret,
559 4117 627 4172 nec
652 4099 784 4174 Dentes
799 4091 851 4190 (Ν)
880 4098 1038 4172 multum
1063 4097 1251 4193 pressisset
1279 4119 1379 4194 eum,
1405 4099 1488 4175 ticet
1512 4107 1607 4176 esset

441 4237 528 4292 cum
554 4237 719 4314 corpore,
745 4219 832 4312 quia
862 4238 935 4293 non
970 4219 1127 4293 habebat
1156 4219 1372 4314 plumbum3
1398 4220 1460 4294 sed
1491 4223 1607 4317 hypo-

440 4337 542 4414 crite
570 4337 619 4411 ita
648 4337 836 4432 ponderati
868 4338 1069 4412 transibant
1102 4359 1240 4413 omnes.
1274 4339 1344 4414 Per
1377 4340 1447 4413 hoc
1479 4347 1605 4415 autem

440 4463 549 4532 autor
561 4456 687 4552 pulcre
699 4457 846 4553 figurat,
859 4459 958 4552 quod
973 4459 1171 4555 hypocrisis
1188 4459 1290 4533 istius
1305 4458 1373 4532 suit
1389 4459 1608 4536 tundamen-

501 4687 528 4750 (¹)
544 4686 574 4739 E.
585 4692 613 4738 st
622 4688 677 4751 ipss
687 4699 751 4740 vcro
761 4688 888 4740 hebrum.
943 4689 970 4753 (¹)
987 4690 1018 4741 Ε.
1030 4690 1165 4754 hypocrita
1177 4695 1204 4742 et
1214 4703 1352 4748 summanr.
1409 4691 1436 4754 (’)
1451 4692 1478 4744 8.
1488 4693 1608 4746 ostendit.

502 4764 529 4830 (⁸)
544 4769 599 4826 itt,
614 4765 685 4831 quod
702 4779 770 4816 nnus
786 4767 912 4818 moriatur
922 4781 971 4831 pro
985 4767 1082 4831 populo
1093 4781 1125 4818 ns
1135 4773 1205 4819 tsnts
1216 4781 1279 4832 gens
1289 4772 1386 4832 persas,
1396 4764 1463 4820 sicut
1475 4769 1609 4834 Virgilius.

501 4841 528 4902 θ)
544 4842 575 4893 B.
591 4847 705 4894 mortam
720 4841 860 4894 Sstsatoris
875 4845 958 4895 nostri
974 4844 1157 4908 pretiosissimi
1174 4845 1279 4895 Domini
1294 4844 1357 4894 Jesn
1372 4843 1476 4896 Christi·
1493 4844 1536 4897 Bt.

503 4917 530 4980 (“)
546 4917 577 4968 E.
594 4918 672 4980 ipsius
687 4915 805 4981 Csyphn.
1168 4920 1196 4982 (⁴¹)
1211 4920 1242 4971 Ε.
1259 4919 1365 4980 scilicet,
1382 4921 1408 4971 tn
1424 4921 1546 4972 sormam,

503 4991 531 5056 (¹)
547 4997 601 5052 tto.
619 4993 755 5058 inteiligas.
1168 4995 1195 5058 (¹)
1211 4995 1237 5046 S.
1253 4996 1322 5060 quis.

491 5071 529 5131 (”)
544 5070 570 5122 S.
587 5071 683 5122 Dsntss
697 5071 818 5132 multum.
835 5072 896 5137 qnia
909 5085 963 5124 non
978 5072 1088 5124 nsbsbu
1103 5073 1247 5136 mmmm.
