4566 6844
728 951 797 1016 550
1118 955 1320 1015 domm
1345 957 1496 1012 mmm

724 1105 808 1204 gilii.
823 1145 873 1162 -
886 1095 962 1179 ott.
988 1103 1054 1179 Hic
1077 1109 1187 1178 autor
1211 1101 1381 1178 describit
1406 1103 1563 1178 sormam
1594 1120 1713 1196 poeuae
1742 1101 1895 1176 ultimo·

724 1247 809 1300 rum
835 1223 1081 1320 proditorum3
1108 1229 1146 1298 et
1169 1221 1255 1298 dicit
1281 1222 1380 1317 quod
1404 1221 1591 1318 ingressus
1616 1221 1759 1296 curium
1788 1221 1895 1296 istius

726 1345 832 1442 regis,
850 1343 937 1419 vidit
955 1343 1097 1417 animes
1113 1341 1151 1415 io
1168 1347 1287 1419 totum
1306 1347 1419 1418 tentes
1435 1341 1505 1414 sub
1522 1340 1649 1437 glacie.
1668 1341 1761 1416 Dicit
1782 1360 1894 1438 ergo:

724 1456 785 1556 ptd
809 1485 871 1538 era
895 1453 932 1538 td
956 1465 1044 1536 dove
1060 1462 1215 1536 temore
1230 1483 1320 1538 mon
1336 1469 1416 1538 mite
1430 1467 1579 1554 cupere,
1599 1460 1662 1535 uhi
1683 1463 1756 1536 huc
1773 1482 1896 1555 usque

724 1587 916 1662 invenerat
931 1582 1073 1657 animas
1091 1602 1157 1677 pro
1174 1590 1279 1676 porte
1294 1582 1550 1676 discoopertas.
1569 1581 1640 1656 Sed
1660 1581 1737 1656 istae
1752 1576 1790 1673 (¹)
1808 1604 1897 1679 gru·
1984 1641 1987 1646 .

727 1707 807 1784 vius
830 1703 971 1780 ceteris
995 1702 1225 1798 deliquerant
1242 1703 1278 1778 iu
1295 1702 1508 1798 proditione,
1531 1723 1550 1776 e
1573 1695 1780 1795 rumonus
1800 1723 1898 1778 corne

723 1830 855 1921 festuca
879 1827 917 1898 tn
942 1829 1051 1913 veno,
1078 1822 1179 1917 idest,
1195 1823 1299 1916 ‚quia
1317 1821 1451 1912 ,anima
1483 1821 1677 1917 proditoris
1707 1821 1812 1897 vilior
1842 1823 1898 1898 ie-

726 1953 842 2038 stum,
876 1942 1069 2020 videbatur
1099 1943 1136 2018 in
1170 1943 1237 2018 istu
1267 1943 1385 2040 glaeie
1418 1941 1649 2035 lucidissimo,
1684 1941 1768 2017 tinet
1801 1951 1898 2018 esset

726 2070 918 2160 cooperte3
945 2063 1091 2138 etfacit
1120 2062 1378 2158 parenthesim,
1409 2062 1555 2138 dinem:
1581 2083 1600 2134 e
1628 2082 1695 2134 eon
1717 2083 1841 2154 potera
1870 2064 1899 2137 tt

726 2191 826 2260 nem
850 2187 885 2258 in
913 2191 1036 2275 metro,
1062 2183 1149 2277 quia
1176 2204 1280 2258 mens
1304 2185 1433 2258 horret
1449 2188 1486 2258 et
1504 2202 1637 2258 manus
1661 2184 1798 2278 tremit,
1814 2203 1896 2258 me-

726 2303 816 2380 trice
839 2303 1078 2379 describeudo
1103 2303 1181 2378 iste.
1208 2303 1254 2378 Et
1277 2302 1465 2399 distinguit
1480 2302 1643 2379 diverses
1659 2303 1797 2378 formas
1814 2323 1896 2398 poe-

726 2445 859 2500 narum
891 2423 1095 2500 secundum
1126 2423 1288 2498 diverses
1322 2423 1460 2498 formas
1484 2422 1716 2517 delictorum,
1749 2423 1894 2499 dicens:
1956 2479 1958 2484 ,

726 2548 815 2620 altre
838 2551 965 2618 stanno
989 2549 1074 2634 ere,
1100 2548 1137 2616 et
1161 2542 1315 2618 istarum
1342 2547 1541 2636 rectorum,
1567 2546 1681 2634 putta
1712 2546 1768 2616 cot
1795 2564 1899 2636 copo,

728 2664 830 2757 idest,
855 2663 978 2758 aliqua
1003 2667 1074 2736 stat
1091 2667 1223 2743 ,erecto
1239 2682 1326 2736 eum
1344 2661 1461 2756 eapite
1477 2660 1646 2756 desuper,
1664 2683 1683 2736 e
1699 2665 1813 2755 puelia
1830 2683 1898 2736 oon

728 2787 910 2877 teptonte,
937 2783 1038 2877 idest,
1067 2783 1191 2877 aliquo
1220 2788 1292 2858 stet
1321 2802 1408 2856 cum
1441 2782 1559 2876 eapite
1587 2782 1761 2858 deorsum
1793 2781 1899 2877 pinu-

728 2911 804 2980 tato
819 2895 868 2998 (¹),
893 2903 987 2978 sicut
1011 2922 1108 2998 saepe
1129 2902 1338 2998 plantantur
1357 2901 1561 2996 proditores
1586 2903 1624 2976 io
1649 2901 1788 2980 mundo
1805 2903 1897 2996 isto;

728 3027 824 3098 αῐινα
846 3027 975 3098 rivere
997 3024 1026 3097 u
1048 3025 1139 3096 vouo
1164 3026 1202 3096 at
1222 3025 1292 3115 pei,
1318 3021 1420 3115 iden,
1447 3022 1600 3098 retleetit
1624 3029 1734 3117 ceput
1758 3022 1806 3098 ud
1831 3043 1897 3118 pe-

727 3144 802 3238 des,
819 3165 915 3218 oonre
931 3163 1039 3236 areo;
1060 3149 1098 3218 et
1122 3143 1186 3216 toti
1207 3148 1331 3218 tumen
1352 3149 1449 3218 stunt
1464 3143 1535 3216 sub
1554 3142 1682 3238 glorie,
1700 3143 1786 3235 quin
1806 3143 1896 3218 tales

727 3269 812 3340 sunt
824 3263 976 3340 omnino
993 3261 1122 3358 perditi
1135 3263 1172 3336 in
1185 3261 1398 3356 proditioue.
1408 3301 1458 3316 -
1470 3264 1629 3350 Quando.
1648 3261 1892 3354 Noouanton

726 3391 872 3460 ostenso
885 3382 1072 3478 quomodo
1080 3382 1250 3478 Virgilius
1262 3373 1507 3474 ostenderitd)
1520 3381 1745 3478 sibiatonge
1756 3384 1833 3458 alas
1844 3371 1896 3476 (⁴),

727 3502 883 3580 ostendit
908 3502 1093 3597 quomodo
1118 3500 1316 3578 ostenderit
1341 3501 1408 3596 ipsi
1432 3500 1478 3576 de
1503 3519 1617 3595 prope
1641 3501 1760 3595 ipsum
1785 3503 1896 3578 Luci·

727 3624 873 3715 terum3
899 3629 936 3697 et
961 3621 1079 3716 primo
1109 3621 1266 3695 ostendit
1290 3619 1475 3714 quomodo
1505 3620 1674 3716 Virgilius
1699 3621 1897 3716 predispo-

729 3742 844 3818 suerit
864 3742 983 3837 ipsum
1000 3741 1047 3815 ad
1066 3739 1261 3816 videndum
1278 3747 1353 3814 tum
1372 3738 1570 3814 terribilem
1589 3759 1730 3835 regem,
1749 3740 1894 3816 diceus:

729 3864 874 3938 ditmnzi
898 3866 947 3936 mi
969 3864 1001 3936 si
1025 3864 1120 3951 totse,
1146 3860 1291 3954 seilicet,
1318 3859 1377 3934 iile
1402 3859 1585 3955 Virgilius
1612 3865 1654 3934 ut
1679 3860 1785 3937 deret
1806 3861 1896 3936 mihi

729 3985 851 4060 locum
877 3981 1020 4058 videndi
1045 4001 1132 4056 eum
1158 3999 1275 4056 essem
1308 3987 1391 4074 post
1419 3987 1523 4076 terga
1553 3978 1645 4074 eius,
1670 3983 1813 4072 quondo
1838 3985 1899 4056 out

725 4107 859 4198 suornm
881 4106 961 4197 {att
985 4109 1080 4178 tortio
1097 4108 1237 4190 ananie,
1254 4099 1356 4192 idest,
1378 4119 1465 4175 cum
1486 4103 1631 4174 tuntum
1657 4100 1897 4194 processisse-

730 4243 814 4298 mus
839 4243 969 4298 versus
992 4223 1053 4298 illu
1083 4221 1247 4318 insignia,
1277 4222 1380 4294 ott'ut
1407 4223 1477 4294 mio
1508 4227 1660 4296 meson
1685 4224 1836 4312 pineum
1859 4223 1898 4296 di

729 4345 933 4418 nmrtrarmi
957 4345 994 4416 ta
1022 4347 1188 4414 ereomra
1220 4342 1271 4415 rt'
1284 4339 1414 4412 etheit
1443 4340 1497 4413 bet
1523 4340 1724 4431 sentbinnte,
1750 4340 1897 4432 suilioet,

728 4463 952 4554 Luciferum,
969 4461 1033 4555 qui
1051 4461 1117 4534 iuit
1143 4459 1362 4554 pulcerrimo
1381 4464 1653 4553 creaturarum,
1671 4481 1691 4532 e
1707 4463 1744 4554 se
1768 4463 1898 4534 rotn-

730 4587 790 4673 nu',
816 4582 878 4657 ubi
904 4581 1006 4677 prius
1030 4579 1279 4672 ambulabunt,
1301 4586 1339 4653 et
1363 4579 1450 4672 quia
1471 4584 1653 4654 venerunt
1678 4579 1724 4654 ud
1746 4599 1894 4674 possum

730 4703 873 4796 torrem,
891 4701 972 4778 ideo
992 4701 1235 4778 firmaverunt
1251 4719 1302 4795 se,
1320 4702 1486 4774 dioendm
1503 4719 1581 4772 ereo
1599 4701 1691 4791 Dite,
1708 4699 1844 4776 seilicet
1860 4692 1897 4793 (⁵)

790 4932 818 4994 ε’)
834 4931 865 4982 s.
881 4933 937 4984 urs
952 4932 1044 4983 nrm
1060 4931 1172 4996 panus
1266 4929 1293 4992 (η
1309 4929 1340 4980 Ε.
1357 4942 1372 4980 ο
1389 4932 1444 4990 ur,
1461 4929 1582 4992 prmum
1700 4905 1703 4914 “

790 5009 816 5069 (“)
832 5009 862 5060 lt
879 5009 1082 5072 praesentent.
1268 5007 1295 5072 (¹)
1311 5007 1337 5056 S.
1353 5005 1419 5063 rias,
1432 5009 1458 5057 et
1474 5006 1507 5060 de
1522 5018 1604 5070 prope
1619 5005 1771 5060 Lnntsm
1787 5005 1879 5069 ippum,

791 5087 819 5149 (⁸)
835 5087 865 5137 E.
882 5086 980 5138 tediosi
997 5086 1074 5138 Pluto
1090 5099 1144 5136 rex.
