4580 6844
710 943 781 1012 38⁰
899 1005 908 1020 ,
1108 954 1315 1012 conmanunt
1339 954 1493 1012 ruranur

709 1100 862 1195 punitur
888 1099 966 1195 pari
1001 1119 1110 1194 poena
1144 1119 1284 1176 secum.
1317 1102 1363 1175 Et
1395 1101 1442 1199 ad
1473 1099 1720 1197 cognitionem
1746 1101 1893 1204 claram

710 1220 814 1295 istius
839 1219 984 1316 oportet
1008 1219 1172 1294 breviter
1196 1221 1292 1296 seire
1317 1221 1505 1298 historiam
1528 1221 1612 1316 qnae
1629 1219 1803 1296 scribitur
1826 1241 1887 1298 se-

709 1340 831 1416 cundo
856 1338 950 1412 iihro
976 1339 1120 1434 Regum
1147 1340 1254 1415 vaide
1273 1339 1416 1437 diiiuse,
1433 1340 1540 1416 cuius
1558 1341 1637 1416 hmo
1653 1350 1711 1416 est
1726 1361 1885 1416 summa.

709 1459 824 1534 David
854 1478 920 1533 rex
951 1458 1080 1532 hahuit
1103 1458 1221 1534 filium
1252 1460 1539 1557 primogenitum
1575 1459 1724 1534 nominc
1755 1459 1886 1556 hmon,

710 1578 774 1674 qui
809 1578 933 1652 infelix
968 1585 1096 1674 captus
1133 1587 1188 1656 est
1220 1599 1350 1656 amore
1383 1581 1518 1656 sororis
1551 1601 1641 1674 suae,
1673 1599 1757 1675 quoe
1791 1580 1886 1656 dicta

709 1699 870 1774 Thamar
894 1705 974 1774 crat
999 1700 1222 1794 pulcerrima
1248 1701 1446 1777 mulierum
1474 1721 1559 1795 qute
1589 1708 1678 1775 tunc
1702 1711 1824 1778 essent
1849 1701 1885 1775 in

709 1818 950 1912 Hierusalem,
971 1825 1009 1892 et
1026 1820 1255 1894 moriebatur
1271 1827 1421 1916 propter
1442 1820 1579 1916 ipsam3
1600 1839 1718 1914 quare
1733 1819 1781 1894 de
1796 1840 1886 1896 con·

709 1937 789 2013 sitio
814 1939 925 2012 unius
941 1939 1048 2014 amici
1065 1939 1253 2016 simulavit
1268 1959 1309 2016 se
1328 1951 1525 2037 aegrotum,
1547 1949 1585 2016 et
1603 1939 1718 2015 David
1741 1949 1884 2035 patrem

709 2057 772 2152 qui
799 2066 951 2134 venerat
977 2059 1162 2134 visitatum
1180 2079 1281 2153 eum,
1300 2059 1454 2156 rogavit,
1473 2065 1516 2132 ut
1536 2059 1698 2134 mitteret
1722 2059 1770 2134 ad
1795 2079 1883 2134 cum

710 2177 869 2252 Thamar
894 2198 1061 2255 sororem
1088 2200 1207 2274 snam,
1223 2181 1310 2274 hue
1335 2180 1473 2255 iaceret
1497 2179 1565 2254 sihi
1590 2178 1755 2275 epulum.
1780 2179 1886 2268 Quod

708 2316 795 2372 cum
813 2298 951 2373 iactum
972 2306 1068 2376 essct
1091 2300 1222 2394 hmou,
1241 2300 1391 2376 remotis
1406 2298 1555 2375 arbitris
1576 2307 1613 2374 et
1632 2301 1759 2375 clauso
1776 2299 1884 2395 ostio,

710 2418 747 2491 in
778 2426 922 2493 secreto
949 2419 1121 2496 cubiculo
1149 2420 1249 2494 iiiam
1282 2422 1467 2496 nolentem
1503 2425 1540 2496 et
1573 2420 1883 2495 contradicentem

710 2537 891 2614 violenter
915 2539 1109 2634 oppressit3
1135 2537 1199 2614 sed
1223 2538 1359 2636 flagitio
1384 2545 1606 2634 perpetrato,
1632 2538 1753 2614 statim
1777 2559 1886 2615 amor

711 2677 912 2732 conversus
937 2665 993 2733 ast
1016 2659 1053 2732 in
1078 2657 1204 2734 odium
1231 2659 1362 2754 maius,
1376 2667 1415 2734 et
1428 2652 1466 2752 (¹)
1486 2659 1602 2754 ipsam
1623 2658 1708 2736 iecit
1729 2657 1886 2754 turpiter

710 2777 853 2872 expetii.
879 2779 1038 2853 Thamar
1058 2769 1096 2870 (²)
1125 2777 1362 2854 reoedeosin
1386 2778 1514 2856 habitu
1540 2784 1672 2852 moesto
1696 2799 1784 2853 cum
1810 2779 1886 2853 cia·

711 2916 817 2972 more
842 2907 879 2974 et
904 2897 1056 2992 querela
1081 2897 1244 2973 occurrit
1267 2897 1425 2973 hhsalon
1439 2888 1476 2991 (θ)
1504 2897 1607 2972 tratri
1632 2918 1702 2972 suo
1727 2898 1884 2993 uterino,

710 3018 786 3112 qui,
807 3017 884 3092 visa
902 3038 944 3092 re
959 3005 997 3110 (⁸)
1022 3017 1150 3110 atroci,
1169 3027 1261 3112 tace,
1283 3018 1411 3113 inquit,
1430 3017 1545 3093 irater
1561 3024 1649 3092 tuus
1665 3027 1739 3113 est;
1757 3025 1796 3094 et
1811 3017 1885 3092 tiis·

710 3137 896 3212 simulavit
920 3137 1058 3212 iactum
1076 3156 1142 3232 per
1161 3136 1351 3211 biennium
1369 3157 1456 3211 cum
1475 3157 1611 3234 magno
1627 3136 1712 3212 odio
1727 3137 1882 3212 occuito.

704 3257 824 3333 David
849 3264 975 3333 autem
990 3247 1028 3350 (⁸)
1046 3258 1280 3333 contristatus
1305 3257 1423 3351 valde,
1442 3257 1559 3332 noluit
1578 3258 1796 3334 contristare
1813 3257 1886 3353 spi-

711 3377 824 3452 ritum
864 3377 995 3472 Amen,
1031 3397 1143 3472 quem
1181 3376 1354 3474 ditigebat
1392 3377 1535 3452 ratione
1572 3377 1883 3475 primogeniturae.

709 3496 882 3591 Absaion,
906 3497 1053 3591 quando
1078 3496 1230 3572 credidit
1254 3497 1407 3572 fratrem
1433 3496 1587 3571 ohiitum
1622 3497 1766 3572 iniuriae
1800 3498 1886 3573 iecit

710 3617 921 3694 convivium
948 3637 1126 3712 maguum
1152 3617 1190 3690 in
1215 3617 1297 3692 ioco
1322 3637 1391 3692 suo
1416 3623 1522 3692 extra
1547 3617 1693 3712 urhem,
1718 3617 1766 3692 ad
1785 3617 1885 3711 quod

711 3737 885 3812 inuitauitv
908 3744 1052 3833 patrem
1085 3744 1124 3813 et
1153 3757 1284 3814 omnes
1315 3738 1446 3814 iratres
1466 3727 1530 3832 (Ἣ
1562 3738 1609 3814 ad
1640 3737 1740 3832 quod
1770 3737 1886 3813 David

711 3858 839 3934 nolens
869 3857 1057 3952 accedere,
1084 3859 1182 3933 misit
1210 3857 1257 3934 ad
1292 3879 1421 3954 preces
1453 3858 1611 3933 hhsalon
1646 3859 1765 3933 Arnon
1798 3878 1884 3934 cum

711 3978 883 4054 omnihus
902 3969 941 4072 (⁷)
966 3977 1059 4073 titiis,
1090 3985 1128 4054 et
1159 3978 1196 4052 in
1227 3977 1300 4054 iinc
1330 3979 1499 4074 convivii,
1526 3999 1614 4054 cum
1639 3978 1759 4053 hmon
1790 3985 1886 4054 essct

710 4098 948 4193 temulentus,
974 4097 1079 4173 multi
1109 4098 1265 4174 ministri
1290 4098 1337 4173 ad
1366 4100 1437 4173 hoc
1462 4098 1580 4194 parati
1606 4097 1887 4175 trucidaverunt

709 4219 829 4294 Arnon
853 4219 949 4294 sicut
973 4219 1213 4296 maudaverat
1238 4219 1292 4293 eis
1310 4218 1487 4313 hhsaton3
1514 4225 1552 4294 et
1568 4217 1794 4314 fugientibus
1809 4218 1886 4294 ira·

711 4340 829 4418 tribus
844 4340 920 4415 suis
937 4360 1014 4436 prae
1031 4340 1177 4434 umore,
1194 4339 1462 4435 Ahsaton‘iugit
1478 4339 1515 4412 iu
1532 4338 1689 4434 Syriam,
1709 4339 1770 4414 uhi
1788 4339 1886 4414 stetit

710 4460 828 4535 trihus
843 4459 965 4554 annis3
980 4458 1127 4534 tandem
1142 4458 1234 4532 ioah
1252 4458 1315 4552 qui
1336 4467 1418 4534 erat
1433 4458 1601 4554 pmnceps
1619 4457 1758 4532 mititiae
1771 4457 1886 4533 David

710 4578 890 4674 sagaciter
915 4576 1161 4652 reconciliavit
1176 4577 1336 4652 Absaion
1352 4577 1446 4673 patri
1464 4599 1544 4674 suo,
1562 4597 1676 4674 opera
1692 4577 1885 4652 cuiusdam

773 4843 801 4906 (¹)
818 4843 849 4893 ii.
864 4841 934 4894 unde
948 4843 1039 4908 im.
1293 4841 1320 4906 (¹)
1338 4845 1368 4895 lt
1385 4843 1454 4898 iiiuc
1470 4845 1594 4897 Thamar.

774 4921 801 4984 θ)
818 4920 845 4971 S.
860 4920 995 4972 Ahaatom.
1294 4921 1322 4984 ι’)
1338 4921 1368 4972 B.
1384 4923 1423 4972 rei
1440 4924 1585 4984 atrocitate,
1603 4923 1695 4988 inquit.

773 5000 801 5062 ι’)
819 4999 849 5050 it
866 5003 953 5050 autem
968 5003 1150 5051 couuamatua
1165 4999 1192 5050 in
1208 4997 1295 5058 coris,
1306 4998 1382 5049 ratde
1393 4999 1474 5050 tristia
1489 4999 1574 5052 notuit
1590 4996 1737 5050 centustaai
1758 4993 1888 5058 spiritum.

774 5075 802 5140 ι’)
818 5076 849 5126 ii.
865 5075 973 5138 tratrem
989 5081 1017 5128 at
1032 5075 1122 5126 David.
1294 5073 1321 5136 ι’)
1338 5075 1369 5125 li.
1387 5075 1494 5140 rehquta
1509 5075 1569 5127 tiitia
1584 5076 1646 5137 anis,
1662 5080 1697 5125 et.
