4550 6844
740 973 813 1041 rer
1136 986 1339 1056 munerun
1364 989 1518 1044 mmm

738 1129 876 1206 cientis.
903 1131 947 1206 ut
970 1130 1057 1206 dicit
1080 1137 1210 1208 autor:
1227 1138 1264 1208 et
1288 1139 1332 1208 ut
1356 1133 1520 1210 breviter
1534 1131 1740 1209 describam
1767 1129 1831 1206 tibi
1853 1151 1913 1208 re-

739 1250 887 1326 siduum
912 1250 1086 1345 corporis,
1106 1253 1268 1327 ctoltn
1282 1273 1378 1345 ossa,
1394 1253 1498 1347 idest,
1519 1259 1558 1329 et
1574 1259 1710 1328 caetera
1727 1250 1912 1346 mambra,

739 1391 830 1445 oon
854 1391 878 1442 a
901 1391 968 1444 sua
988 1374 1241 1464 proportione,
1265 1372 1370 1468 idest,
1398 1371 1756 1470 proportionabiliter
1785 1389 1914 1446 corre·

738 1489 967 1585 spondebant
990 1490 1106 1566 faciei.
1132 1490 1178 1564 lit
1201 1491 1386 1588 specificat
1402 1491 1694 1590 magnitudinem
1714 1489 1828 1585 partis
1847 1510 1914 1585 ap-

739 1610 900 1705 parentis
934 1615 1040 1684 extra
1068 1617 1241 1706 puteum3
1273 1617 1310 1687 et
1342 1611 1429 1687 dicit
1458 1632 1535 1687 uno
1565 1611 1693 1705 verbo,
1720 1609 1819 1704 quod
1852 1609 1914 1684 illa

739 1730 916 1806 medietas
941 1749 1122 1826 apparens
1137 1731 1186 1804 ab
1203 1731 1377 1807 umbiiioo
1395 1753 1508 1827 supra
1532 1737 1613 1808 arat
1640 1730 1772 1824 maior,
1797 1749 1913 1824 quam

739 1858 860 1926 essent
885 1854 961 1926 tres
985 1850 1110 1945 magni
1135 1850 1304 1926 homines
1328 1851 1433 1946 positi
1459 1873 1556 1926 unus
1581 1869 1694 1946 super
1725 1840 1913 1942 alium3si

737 1971 798 2043 cte
828 1971 865 2042 to
893 1971 976 2062 ripa
1005 1971 1057 2042 ct'
1070 1990 1135 2042 era
1162 1971 1361 2063 perizoma,
1389 1969 1494 2064 idest,
1526 1967 1717 2063 tamquam
1743 1967 1855 2042 braca
1871 1960 1908 2059 (⁴)

736 2093 865 2184 tegens
885 2087 1069 2176 interiora,
1086 2088 1173 2183 quia
1198 2109 1221 2163 a
1247 2088 1368 2164 madio
1385 2088 1479 2164 inira
1499 2088 1619 2164 stabat
1635 2087 1732 2162 intra
1752 2092 1908 2181 puteum

735 2207 987 2283 absconditus:
1016 2208 1114 2282 unda
1146 2207 1320 2282 scribitur
1350 2208 1388 2282 in
1419 2207 1594 2304 principio
1628 2207 1779 2282 Genems
1810 2205 1908 2300 quod

735 2327 843 2424 primi
868 2333 1038 2423 parentes
1067 2326 1234 2404 iecerunt
1264 2327 1332 2402 sibi
1364 2327 1588 2422 perizomata
1619 2327 1666 2402 ad
1698 2326 1856 2423 tegenda
1869 2316 1908 2418 (¹)

736 2447 916 2543 pudenda,
942 2469 987 2521 ne
1010 2454 1192 2521 mestraim
1216 2447 1281 2522 ben
1305 2455 1402 2522 tanto
1426 2450 1465 2522 di
1487 2467 1612 2540 sopra,
1638 2447 1773 2522 scilicet
1801 2451 1908 2522 extra

736 2573 903 2664 puteum,
922 2569 982 2640 ebe
998 2573 1053 2642 tre
1065 2569 1195 2661 [risorri
1212 2570 1243 2641 ε’
1256 2570 1385 2642 omino
1407 2570 1491 2642 dcto
1517 2571 1592 2641 naal
1615 2575 1720 2641 vento
1745 2569 1783 2642 dt
1804 2569 1909 2659 pitto-

735 2708 819 2778 pcre
843 2707 868 2758 a
892 2689 929 2759 to
953 2707 1070 2777 conae,
1085 2685 1189 2781 idest,
1205 2687 1252 2762 ad
1269 2687 1389 2762 crines
1407 2687 1544 2782 capitis,
1562 2687 1667 2780 quasi
1682 2685 1792 2781 dicat,
1811 2685 1910 2781 quod

736 2825 810 2880 non
835 2806 1035 2901 potuissent
1058 2806 1209 2903 gloriari
1226 2806 1327 2902 quod
1342 2806 1631 2904 pertingerenta
1650 2806 1772 2881 medio
1790 2825 1911 2900 usque

734 2925 781 3000 ad
811 2931 932 3020 caput,
959 2933 1304 3020 quantumcumque
1335 2926 1407 3002 siut
1436 2925 1572 3022 magni.
1604 2925 1780 3014 Quamvis
1809 2925 1907 3000 enim

734 3044 919 3121 alemanni
934 3045 1153 3120 naturaiiter
1169 3052 1207 3122 et
1223 3045 1472 3121 communiter
1484 3046 1556 3120 sint
1568 3045 1704 3142 magni,
1717 3050 1842 3120 umen
1856 3044 1907 3118 illi

731 3163 779 3239 de
795 3164 947 3260 regione
959 3163 1083 3238 Frisiae
1099 3171 1187 3238 suut
1203 3164 1378 3260 marimi3
1395 3171 1432 3240 et
1447 3164 1611 3240 declarat
1626 3164 1766 3240 dictum
1780 3183 1905 3259 suum,

730 3283 872 3362 diceus:
896 3278 985 3377 perd
1010 3287 1111 3359 ct’r'o
1135 3305 1181 3357 ne
1209 3287 1318 3360 vedeo
1347 3293 1461 3360 trenta
1487 3307 1585 3377 pron
1606 3287 1719 3379 polnd
1742 3287 1806 3360 dcl
1829 3287 1905 3358 loco
1967 3351 1972 3364 .

730 3406 769 3478 in
784 3397 846 3495 piri
861 3424 926 3478 oue
944 3425 1050 3478 como
1070 3403 1208 3495 amidio
1232 3407 1260 3478 tt
1283 3411 1416 3498 monto,
1437 3404 1542 3499 quasi
1566 3404 1686 3482 dicat:
1711 3425 1734 3480 a
1760 3423 1906 3480 summo

731 3529 882 3619 pectore
907 3522 969 3596 ubi
994 3524 1107 3598 bomo
1132 3522 1300 3598 affibulat
1325 3524 1539 3599 mantellum
1565 3543 1685 3617 usque
1710 3523 1757 3598 ad
1784 3521 1908 3598 umbi·

732 3642 856 3716 licum.
870 3681 920 3696 —
935 3645 1073 3736 captet.
1099 3642 1166 3717 llic
1189 3651 1301 3719 autor
1324 3641 1495 3718 describit
1523 3641 1710 3736 loquelam
1737 3641 1907 3737 gigantis,

731 3765 775 3834 ut
799 3760 966 3836 ostendat
990 3761 1176 3857 quomodo
1201 3762 1270 3836 iste
1293 3760 1466 3857 superbia
1492 3780 1560 3834 sua
1586 3758 1653 3832 luit
1681 3765 1792 3834 autor
1816 3779 1908 3834 oon·

730 3879 881 3956 lusionis
906 3881 1139 3978 linguarum
1165 3881 1264 3958 unde
1297 3881 1406 3955 dicit:
1439 3882 1476 3954 ta
1502 3883 1585 3974 scra
1616 3879 1737 3971 bocco,
1771 3879 1907 3957 scilicet

729 4001 833 4078 istius
846 4003 971 4096 ¹feroci
988 4002 1203 4097 Nembrotb,
1221 4003 1277 4077 cui
1292 4023 1365 4076 raon
1380 4023 1419 4076 sc
1434 4003 1604 4076 maeonio
1616 3995 1680 4093 ptri
1696 4001 1788 4073 doct
1802 4002 1907 4074 soleri

729 4114 897 4197 comercid
930 4145 954 4197 a
986 4125 1129 4216 pridur,
1164 4129 1201 4198 et
1233 4122 1358 4198 dicere
1396 4122 1465 4196 ista
1496 4121 1629 4214 verba,
1663 4121 1798 4212 captet
1833 4109 1905 4192 mai

727 4245 849 4318 omont
872 4235 954 4318 nabi
977 4245 1072 4318 ulmi.
1099 4241 1153 4318 Ad
1178 4241 1284 4316 cuius
1305 4241 1581 4338 intelligentiam
1607 4246 1663 4315 est
1687 4238 1746 4314 bic
1771 4243 1903 4312 uolan-

727 4363 830 4460 dum,
857 4362 956 4458 quod
989 4363 1056 4438 ista
1082 4363 1196 4438 verba
1222 4381 1296 4436 non
1327 4368 1415 4436 sunt
1438 4359 1688 4459 significativa,
1718 4363 1756 4434 et
1784 4356 1903 4452 posito

727 4483 829 4580 qnod
852 4483 890 4558 iu
915 4503 955 4558 sc
978 4481 1116 4576 aliquid
1140 4480 1387 4578 significarent
1402 4471 1452 4576 (³),
1469 4481 1565 4556 sicut
1585 4478 1698 4574 aliqui
1720 4477 1903 4574 interpre-

726 4604 798 4678 tari
814 4610 1006 4695 conantur,
1023 4601 1145 4675 adbuc
1162 4599 1248 4675 nibil
1270 4600 1518 4698 significarent
1541 4600 1612 4695 bie,
1629 4598 1698 4673 nisi
1714 4597 1815 4692 quod
1834 4616 1903 4695 po·

729 4727 869 4796 uuntur
897 4720 945 4795 ad
973 4719 1250 4816 significandum
1281 4720 1380 4814 quod
1411 4719 1546 4796 idioma
1579 4719 1683 4794 istius
1718 4738 1791 4793 nou
1821 4724 1904 4794 erat

728 4840 952 4938 intelligibile
976 4839 1097 4934 alicui,
1115 4840 1368 4936 quiapropter
1393 4839 1473 4916 eius
1498 4838 1708 4936 superbiam
1731 4839 1827 4914 iacta
1848 4842 1904 4914 est

792 5029 819 5091 (¹)
835 5029 866 5081 lt
883 5027 987 5080 brachia
1003 5039 1097 5092 regens
1112 5026 1243 5078 inferiora.
1403 5027 1433 5092 (Ἴ
1448 5028 1479 5080 lt
1496 5028 1528 5080 nd
1545 5027 1693 5094 emtum.

793 5107 819 5171 (¹)
835 5107 861 5158 S.
877 5106 1057 5172 nignldmrcnt
1073 5105 1116 5156 bie
1131 5118 1184 5158 non
1199 5110 1333 5170 ponuntur
1347 5106 1396 5158 nbi
1412 5105 1444 5157 ad
1459 5105 1665 5172 significandum.
