4534 6842
696 870 835 926 caurus
859 872 1048 928 menemus
1073 871 1265 928 sncunnus.
1497 855 1565 924 143

403 1011 544 1088 dicetur
560 1013 766 1109 Purgatorii
783 1014 941 1112 capitulo
958 1016 1042 1090 vlu.
1062 1016 1106 1090 ut
1122 1015 1168 1099 de
1188 1014 1257 1090 isto
1268 1013 1434 1110 iudicatu
1450 1012 1517 1086 iuit
1528 1005 1588 1120 (¹2,

403 1132 596 1226 predictus
620 1133 732 1210 irater
756 1133 909 1210 Gcmiia.
937 1136 1042 1210 Nunc
1067 1134 1113 1211 ed
1138 1135 1302 1228 literam3
1327 1132 1411 1208 dicit
1435 1137 1564 1207 autor:

403 1255 500 1344 etei,
518 1252 620 1348 idest,
638 1260 675 1330 et
691 1254 751 1329 ilie
776 1255 995 1350 Ciampolus,
1011 1258 1163 1348 crispose:
1188 1254 1248 1330 ille
1272 1275 1295 1329 a
1320 1274 1395 1347 quc
1421 1251 1565 1346 recessi,

404 1372 601 1447 infortunio
615 1365 651 1466 (²)
679 1394 775 1468 mee,
790 1379 830 1469 su
847 1378 941 1469 frate
963 1379 1111 1450 domim.
1130 1375 1305 1450 Describit
1322 1373 1440 1469 ipsum
1458 1395 1482 1448 a
1500 1393 1568 1447 n0-

404 1491 503 1568 mine
521 1493 679 1588 proprio,
704 1515 727 1568 a
751 1495 843 1589 loco,
862 1500 898 1569 et
918 1515 942 1568 a
961 1495 1065 1588 viii03
1085 1493 1182 1569 unde
1206 1492 1310 1569 dicit:
1327 1495 1407 1585 puel
1420 1495 1459 1566 di
1481 1493 1567 1565 Gni-

404 1614 498 1704 dura,
523 1612 569 1688 de
593 1612 768 1708 Sardinia,
793 1616 891 1688 casei
912 1617 947 1688 d
959 1617 1043 1705 opni
1063 1617 1187 1708 siodn,
1213 1612 1317 1708 quasi
1342 1611 1459 1688 dicat:
1486 1616 1567 1687 erat

405 1737 502 1806 icius
537 1733 713 1808 conflatus
748 1753 793 1808 er
828 1733 928 1808 omni
963 1754 1100 1830 genere
1128 1733 1334 1827 fraudium,
1363 1731 1565 1806 armarium

404 1851 523 1926 omnis
547 1851 711 1946 maliiiae3
735 1851 817 1926 ideo
842 1862 922 1930 erat
946 1852 1076 1950 diguus
1101 1853 1221 1928 secius
1238 1851 1423 1946 Ciampoii,
1440 1849 1566 1924 solitus

405 1971 615 2046 conversari
640 1971 794 2047 libenter
818 1991 945 2046 secum
971 1973 1039 2046 suh
1064 1973 1153 2068 pice.
1172 1972 1215 2046 Et
1234 1970 1349 2068 tangit
1369 1969 1406 2043 in
1422 1969 1566 2064 speciali

405 2111 517 2165 unam
550 2091 785 2185 baratariam,
810 2111 894 2184 quae
925 2091 1096 2187 imposuit
1124 2091 1234 2168 finem
1263 2089 1451 2165 fraudibus
1476 2087 1566 2180 eius,

403 2209 488 2304 quia
515 2210 583 2288 iuit
606 2231 801 2306 suspensus
826 2231 913 2286 cum
940 2231 1014 2286 uno
1030 2210 1164 2288 uncino
1181 2210 1321 2306 ferreo,
1341 2209 1439 2284 unde
1462 2208 1566 2283 dicit:

406 2333 463 2402 ΟΝ
475 2330 555 2404 eide
577 2333 591 2403 i
613 2333 730 2404 medei
745 2334 783 2405 di
797 2352 861 2406 auo
877 2333 995 2406 domae
1014 2333 1052 2406 in
1071 2351 1190 2422 mane,
1212 2330 1313 2425 idest,
1325 2328 1458 2424 judicis
1474 2326 1566 2420 Nini,

402 2448 538 2523 domini
561 2449 619 2524 sui
644 2449 681 2524 in
705 2456 883 2545 potesiaie
907 2457 945 2526 et
969 2450 1076 2526 bailia
1101 2472 1178 2526 sua.
1205 2449 1308 2526 Sardi
1333 2449 1430 2524 enim
1456 2454 1494 2522 et
1518 2447 1568 2522 si-

404 2567 476 2642 culi
501 2575 633 2644 vocant
657 2568 822 2644 dominos
852 2589 939 2644 suos
966 2570 1117 2665 donnos,
1143 2571 1236 2646 sicut
1261 2575 1298 2644 et
1322 2567 1472 2664 hispani,
1498 2568 1567 2642 sub

403 2707 563 2780 quorum
588 2686 748 2762 dominio
773 2694 932 2782 utraque
956 2689 1073 2764 insula
1098 2688 1293 2782 aliquando
1313 2687 1390 2780 iuit,
1410 2693 1451 2762 ut
1471 2706 1567 2781 sepe

402 2806 547 2902 patebit
573 2807 658 2882 ideo
682 2814 791 2882 auter
816 2809 932 2882 utitur
956 2809 1103 2904 proprio
1129 2809 1308 2884 vocabulo
1332 2807 1461 2903 gentis,
1482 2827 1501 2880 e
1513 2810 1568 2900 see

403 2928 458 2998 lor
487 2919 531 3017 si,
556 2925 658 3020 idest,
683 2926 732 3002 iia
765 2927 861 3004 bene
893 2928 967 3026 egit
1000 2947 1086 3003 cum
1121 2928 1185 3023 eis,
1209 2931 1269 3002 cde
1298 2929 1437 3000 ᾱαεσιιη
1463 2947 1501 3000 se
1523 2947 1568 3000 ne

404 3049 499 3136 leda,
524 3046 610 3138 quia
634 3047 768 3122 scilicet
792 3047 926 3123 dimisit
956 3068 1020 3123 eos
1050 3048 1225 3124 recedere
1248 3047 1414 3143 impune:
1441 3053 1478 3122 ei
1501 3045 1567 3120 de-

403 3167 518 3242 clarat
533 3166 698 3260 modum,
714 3167 802 3260 quia
818 3187 891 3242 nen
917 3187 964 3244 er
989 3169 1133 3263 pietate,
1147 3167 1211 3244 sed
1235 3166 1448 3262 cupiditaie3
1470 3167 1567 3242 unde

402 3285 506 3360 dicit:
533 3289 651 3360 denar
676 3289 707 3362 si
731 3290 827 3377 tone,
852 3286 987 3380 quihus
1011 3287 1192 3383 frangitur
1208 3287 1326 3362 omnis
1342 3285 1441 3380 fides,
1459 3306 1478 3358 e
1494 3288 1567 3360 ins·

401 3408 480 3478 soiii
495 3407 532 3480 di
542 3409 666 3498 piane,
687 3427 734 3480 er
751 3411 857 3500 pacto
873 3406 985 3500 iact03
1007 3425 1054 3482 ne
1067 3397 1105 3499 (³)
1125 3405 1253 3482 credas
1270 3405 1369 3499 quod
1388 3405 1445 3479 isti
1461 3404 1568 3480 aliter

401 3525 584 3600 evaserint
600 3525 805 3620 rumpendo
822 3544 1010 3602 carcerem
1029 3527 1086 3603 vei
1103 3526 1374 3620 corrumpendo
1386 3525 1565 3618 custodes,

399 3643 494 3718 sicut
518 3645 610 3721 solet
634 3644 830 3738 aliquando
855 3645 1077 3742 contingere.
1096 3646 1140 3720 Ei
1157 3646 1236 3720 talis
1256 3652 1312 3721 esi
1331 3645 1419 3719 fides
1440 3644 1568 3719 sardo-

403 3783 499 3856 rum,
513 3769 556 3836 ιιι
579 3762 664 3840 dicit
687 3765 834 3858 Florus,
860 3772 897 3839 et
921 3765 1024 3840 dicit:
1050 3758 1081 3838 ri
1105 3785 1201 3840 come
1216 3767 1304 3857 dice,
1324 3763 1459 3840 scilicet
1478 3763 1566 3837 mihi

401 3888 438 3958 et
462 3881 540 3956 adis
565 3883 668 3958 sociis
693 3884 763 3958 suh
786 3884 877 3979 pice,
902 3885 990 3978 quia
1014 3883 1165 3977 quilibet
1189 3885 1345 3960 libenter
1364 3885 1506 3960 confert
1521 3884 1568 3960 de

399 4007 480 4078 arie
504 4021 584 4095 sua,
614 4000 685 4077 *et
716 4001 915 4096 unicuique
944 4009 1096 4097 experto
1127 4003 1165 4076 in
1194 4009 1275 4078 arie
1304 4024 1371 4078 sua
1384 4000 1405 4046 *
1419 3991 1456 4095 (⁴)
1483 4022 1566 4078 cre-

400 4119 560 4196 dendum
577 4130 643 4198 est.
664 4121 766 4195 Unus
791 4120 889 4197 enim
909 4120 1014 4196 dicit:
1032 4139 1102 4216 ego
1119 4119 1172 4194 iui
1191 4121 1354 4198 lucratus
1371 4131 1514 4198 tantum
1528 4112 1566 4212 (⁵)

403 4261 477 4316 unc
502 4241 638 4335 verb0;
663 4239 746 4314 uicit
771 4240 887 4315 alius:
913 4262 984 4338 ego
1008 4241 1089 4336 plus
1114 4241 1279 4318 lucratus
1303 4262 1385 4316 sum
1412 4240 1565 4316 iacendo

401 4380 513 4454 quam
544 4367 585 4435 tu
615 4361 816 4456 loquend03
842 4368 880 4438 et
907 4382 955 4437 ne
984 4361 1112 4438 credas
1144 4362 1254 4437 istum
1286 4362 1503 4438 infamatum
1528 4369 1566 4438 et

400 4481 614 4558 damnatum
640 4482 709 4560 isto
733 4483 811 4558 solo
836 4482 1000 4576 crimine,
1025 4481 1133 4556 dicit:
1160 4503 1179 4556 e
1203 4487 1245 4577 tir
1265 4487 1373 4558 mede
1397 4485 1567 4558 darnitier

400 4621 473 4676 nen
492 4604 620 4696 piceim
641 4622 702 4675 ma
725 4623 892 4694 εουνωιο,
914 4601 964 4676 ita
988 4601 1088 4696 quod
1112 4607 1231 4696 portat
1256 4604 1428 4697 palmam,
1451 4625 1494 4678 ne
1517 4605 1569 4694 pii

463 4812 491 4878 (¹)
508 4815 538 4864 E.
556 4814 667 4866 initiens
683 4814 773 4866 irater.
836 4814 863 4878 (¹)
879 4815 905 4866 S.
922 4815 949 4866 in
965 4815 1108 4866 infortunio
1126 4829 1193 4867 mec.
1256 4815 1283 4879 Ρ)
1300 4821 1353 4876 iio.
1370 4829 1419 4868 nec
1435 4817 1533 4868 credar.

464 4888 491 4950 di
506 4889 543 4940 La
558 4890 647 4954 parole
663 4891 704 4944 fra
720 4892 729 4942 i
744 4892 795 4944 due
811 4892 942 4944 nminem
958 4905 1005 4943 ron
1020 4891 1130 4956 mppiits
1146 4892 1214 4957 dagli
1229 4891 1289 4942 sliri
1305 4893 1372 4944 iesu.

465 4965 493 5030 i'i
508 4965 539 5018 E.
555 4971 659 5019 eentum
674 4982 728 5022 uno
743 4967 831 5020 rerba.
