4534 6842
721 929 788 997 132
1112 939 1314 996 eounnrun
1339 939 1488 992 mrnnm

716 1107 830 1183 gnum
857 1085 934 1159 aliis
960 1085 1213 1180 navigantibus
1238 1086 1275 1158 iu
1300 1085 1379 1180 pice
1404 1082 1502 1178 quod
1512 1075 1549 1174 (¹)
1576 1081 1789 1176 provideant
1814 1101 1882 1155 suo

716 1206 825 1302 ligno,
843 1205 932 1280 idest
954 1205 1086 1298 officio,
1105 1225 1151 1280 ne
1177 1205 1301 1278 similis
1326 1209 1523 1298 tempestas
1544 1209 1582 1277 et
1593 1201 1741 1296 jactura
1759 1201 1881 1275 veniat

715 1347 825 1421 super
852 1345 934 1400 eos:
961 1326 1019 1400 vel
1044 1325 1098 1399 vis
1122 1325 1257 1418 dicere,
1275 1324 1373 1420 quod
1400 1323 1428 1397 si
1454 1322 1649 1417 aliquando
1674 1321 1882 1396 baratarius

633 1431 636 1438 ’
715 1447 794 1520 rult
819 1447 992 1521 recedere
1016 1467 1039 1520 a
1064 1447 1142 1540 pice
1167 1447 1287 1520 statim
1320 1443 1487 1542 diabolus
1517 1442 1671 1516 retrahit
1699 1461 1786 1516 eum
1813 1440 1882 1514 sub

716 1567 845 1660 picem,
877 1573 915 1640 et
948 1557 1198 1657 reiuvolvitlb
1231 1586 1330 1659 eum,
1363 1564 1450 1658 quia
1479 1563 1662 1638 barataria
1696 1567 1750 1637 est
1784 1582 1881 1635 unus

716 1686 841 1760 viscus
860 1692 982 1778 tenax,
1007 1706 1030 1759 a
1061 1705 1134 1778 qua
1170 1686 1280 1759 bomo
1306 1685 1419 1759 nescit
1443 1703 1483 1758 se
1508 1683 1660 1758 faciliter
1684 1681 1881 1756 devisuare.

716 1805 851 1878 Plinius
876 1805 985 1878 etiam
1012 1803 1096 1878 dicit
1126 1804 1347 1879 incredibilia
1378 1803 1424 1878 de
1456 1803 1602 1878 levitate
1636 1809 1673 1876 et
1698 1801 1883 1876 celeritate

716 1925 890 2019 delphini:
917 1923 1001 1999 dicit
1026 1925 1122 1998 enim
1144 1923 1242 2018 quod
1261 1931 1315 1998 est
1332 1923 1601 1998 velocissimum
1619 1921 1785 1995 omnium
1803 1919 1883 1994 ani-

717 2045 867 2120 malium
903 2065 975 2118 non
1007 2045 1125 2118 solum
1157 2045 1404 2136 marinorum,
1437 2043 1500 2118 sed
1529 2033 1565 2135 (³)
1602 2041 1763 2117 velocior
1792 2061 1883 2133 ave,

716 2165 837 2239 acrior
862 2166 934 2238 telo
961 2165 1159 2240 transvolat
1185 2165 1265 2239 vela
1283 2165 1452 2256 navium3
1470 2163 1519 2236 ita
1535 2163 1826 2258 promptissimus
1848 2167 1885 2236 et

717 2285 1006 2380 expeditissimus
1024 2291 1078 2359 est
1095 2284 1311 2378 baratarius,
1331 2291 1371 2356 ut
1390 2284 1511 2358 statim
1530 2283 1666 2378 patebit
1681 2283 1717 2355 in
1737 2302 1821 2356 uno.
1836 2321 1885 2336 ·-

719 2410 876 2478 Econu.
904 2405 968 2478 llic
993 2411 1102 2479 autor
1126 2403 1307 2498 descripto
1331 2409 1416 2478 actu
1443 2403 1645 2478 natantium
1672 2421 1738 2496 per
1764 2401 1880 2496 picem

718 2545 783 2620 per
799 2545 911 2598 unam
929 2525 1239 2619 comparationem
1261 2524 1439 2619 pulcram,
1458 2543 1555 2597 nunc
1572 2523 1743 2596 describit
1758 2530 1882 2596 actum

717 2647 874 2720 aliorum
910 2645 1083 2720 stantium
1113 2645 1306 2738 adripam
1338 2665 1405 2740 per
1433 2645 1541 2719 aliam
1573 2644 1882 2738 comparationem

718 2765 952 2860 pulcriorem,
982 2785 1067 2860 quae
1096 2773 1152 2840 cst
1180 2765 1365 2840 notissima
1398 2767 1577 2840 omnibus.
1608 2765 1743 2840 Ordina
1767 2765 1818 2838 sic
1843 2763 1885 2836 li-

720 2894 854 2961 teram:
881 2891 914 2958 Ε
938 2889 952 2957 t
978 2889 1157 2979 peccaturi
1184 2893 1311 2959 stuumr
1343 2887 1378 2958 d'
1391 2889 1475 2977 opnt
1497 2891 1614 2977 porte,
1644 2883 1883 2957 circumcirca

719 3006 880 3101 bulgiam
901 3005 1010 3099 juxta
1035 3006 1162 3101 ripam,
1188 2999 1218 3078 si
1242 3025 1338 3078 come
1359 3009 1375 3077 i
1397 3007 1564 3078 ranoccb·
1577 3012 1704 3078 stanno
1720 3007 1884 3094 utt’orto,

718 3126 819 3220 idest,
849 3125 896 3199 ad
930 3127 1213 3220 extremitatem,
1238 3127 1281 3198 dc
1306 3128 1454 3218 tacpuu
1487 3127 1581 3197 d'un
1606 3126 1704 3217 [osso
1733 3143 1803 3215 pur
1832 3126 1888 3196 cot

719 3267 817 3320 muso
838 3250 948 3340 fuori,
965 3247 1001 3319 in
1028 3253 1139 3341 terra,
1152 3239 1182 3319 si
1198 3249 1257 3319 cte
1274 3249 1396 3320 celuim
1418 3248 1433 3317 i
1452 3247 1535 3337 pedi
1557 3247 1718 3318 clmtro
1739 3265 1885 3338 promo,

717 3365 819 3460 idest,
847 3365 1034 3440 residuum
1060 3366 1239 3461 eorporis;
1266 3387 1325 3438 mc
1350 3358 1421 3438 cori
1436 3387 1473 3438 se
1492 3368 1652 3438 ritruoou
1667 3371 1755 3438 sotto
1778 3367 1886 3439 idot-

719 3489 802 3576 tom',
829 3485 964 3558 scilicet
987 3484 1036 3558 illi
1062 3493 1283 3579 peccatores,
1301 3507 1396 3558 come
1411 3489 1667 3578 suppressum
1691 3485 1885 3558 Barbaru-

717 3610 786 3697 oio,
813 3606 875 3698 qui
901 3612 982 3679 erat
1006 3605 1080 3678 dux
1107 3605 1253 3680 deciuae.
1281 3607 1325 3682 Et
1349 3605 1408 3680 hic
1433 3612 1518 3680 nota
1545 3605 1642 3700 quod
1661 3606 1885 3702 comparatio

718 3734 773 3801 est
797 3726 1059 3821 propriissima:
1086 3725 1180 3799 sicut
1204 3727 1300 3800 enim
1320 3745 1419 3800 rauae
1440 3734 1536 3800 stant
1557 3727 1706 3802 inclusae
1724 3728 1761 3800 in
1779 3729 1884 3823 losso,

719 3847 768 3920 ita
794 3847 866 3940 isti3
893 3835 1037 3938 sicutl‘)
1064 3866 1153 3921 rana
1179 3853 1233 3921 est
1258 3847 1393 3921 animal
1426 3847 1564 3921 loedum
1586 3839 1634 3942 (⁵),
1660 3849 1708 3922 ita
1740 3849 1886 3924 barata-

720 3967 797 4040 rius
818 3967 960 4041 iulamis
974 3957 1031 4060 (⁰);
1056 3967 1150 4041 sicut
1175 3988 1263 4041 rana
1288 3988 1361 4042 non
1388 3974 1505 4062 potest
1523 3967 1658 4044 retrahi
1676 3969 1723 4043 de
1739 3969 1883 4065 palude,

720 4086 767 4161 ita
785 4087 841 4160 isti
861 4107 934 4161 non
958 4093 1108 4182 possunt
1126 4087 1260 4162 retrahi
1287 4087 1333 4162 de
1357 4087 1456 4181 pice;
1484 4088 1577 4162 sicut
1610 4109 1699 4162 rana
1726 4095 1779 4163 est
1805 4109 1885 4164 me-

720 4207 883 4300 ticulosa,
909 4211 946 4281 et
970 4205 1156 4280 abscondit
1182 4227 1221 4282 se
1245 4207 1291 4280 ad
1312 4227 1460 4282 omnem
1480 4227 1634 4302 parrum
1664 4216 1818 4304 motum,
1835 4209 1885 4284 itu

720 4327 777 4402 isti
801 4346 947 4421 semper
972 4327 1156 4420 suspiciosi
1176 4327 1304 4401 timent
1324 4325 1370 4400 ad
1387 4346 1499 4402 omne
1516 4329 1684 4424 verbum,
1711 4349 1758 4404 ne
1782 4329 1885 4404 dete·

719 4452 855 4544 gantur
879 4445 1041 4540 lraudes3
1068 4453 1106 4520 et
1130 4465 1226 4542 saepe
1250 4447 1405 4544 lugiunt,
1423 4455 1461 4522 et
1486 4467 1582 4544 saepe
1607 4449 1772 4524 nesciunt
1797 4473 1885 4526 eva-

720 4566 819 4658 dere,
844 4565 907 4639 sed
933 4565 1128 4660 capiuntur
1153 4573 1190 4640 et
1214 4567 1433 4662 lacerantur,
1461 4569 1548 4664 quia
1573 4569 1708 4645 scilicet
1727 4571 1886 4666 spolian-

719 4691 781 4759 tur
806 4685 909 4760 bonis
934 4685 1031 4760 male
1057 4675 1267 4780 quaesitist⁷l
1292 4692 1329 4762 et
1354 4707 1451 4784 saepe
1483 4689 1673 4784 privantur
1698 4691 1771 4764 vita
1796 4711 1882 4764 cum

782 4907 810 4970 (¹)
826 4907 856 4958 E.
873 4913 901 4959 nt
917 4907 1077 4972 provideant.
1514 4911 1542 4974 (¹)
1559 4913 1589 4964 Β,
1606 4914 1725 4966 molyri,

781 4983 808 5046 (⁸)
824 4983 854 5033 E.
871 4984 916 5034 sod
931 4984 1091 5047 volrttllnm3
1107 4989 1134 5035 et
1150 4985 1266 5037 volocior
1281 4999 1337 5038 are.
1515 4991 1543 5048 (ἢ
1558 4989 1589 5040 ll.
1605 4996 1632 5041 et
1648 4991 1723 5042 deut

782 5059 810 5122 ρ)
827 5063 882 5118 nr,
898 5059 1025 5112 romum.
1090 5060 1117 5125 (η
1133 5061 1164 5112 n.
1180 5059 1303 5113 uncum:
1319 5067 1346 5114 n
1361 5063 1436 5116 oenc
1514 5064 1541 5127 n
1557 5065 1582 5116 s
1598 5066 1735 5132 muns
