4534 6842
675 939 744 1006 158
1070 952 1275 1008 domomum
1299 951 1449 1006 rursum

674 1115 819 1170 murem
846 1095 914 1172 init
946 1095 983 1168 in
1018 1097 1112 1190 lacu,
1138 1103 1175 1171 et
1200 1096 1268 1172 ista
1301 1095 1465 1170 similiter
1497 1094 1534 1168 in
1565 1100 1696 1188 stagno
1726 1089 1837 1186 picis3

674 1213 794 1308 tertio,
820 1214 906 1308 quia
920 1207 956 1306 (¹)
984 1215 1201 1310 principium
1227 1215 1359 1290 iabuiae
1384 1211 1507 1308 AEsopi
1533 1217 1599 1305 est,
1626 1210 1725 1304 quod
1751 1229 1840 1284 rana

672 1333 736 1408 ivit
759 1334 806 1409 ad
831 1355 978 1410 murem
1005 1335 1092 1410 saise
1117 1342 1155 1410 et
1180 1334 1359 1410 malitiose
1376 1334 1445 1408 sub
1466 1333 1586 1428 specie
1603 1331 1840 1408 succurrendi
1877 1337 1880 1342 '

674 1454 739 1528 sibi
757 1454 795 1528 io
812 1456 986 1549 pericuiO,
1006 1463 1043 1528 et
1062 1462 1187 1551 postea
1208 1455 1324 1530 voluit
1340 1455 1583 1550 submergere
1604 1459 1642 1528 ot
1659 1451 1841 1528 suffocare

672 1593 760 1646 enm
786 1573 1005 1667 proditorie;
1032 1575 1081 1650 ita
1107 1575 1320 1650 Calcabriua
1351 1582 1541 1667 tamquam
1569 1593 1659 1648 rana
1684 1572 1749 1646 ivit
1776 1571 1842 1646 iai-

672 1692 798 1766 iaciter
823 1699 861 1768 et
885 1693 1009 1768 dolose
1033 1701 1115 1789 post
1138 1694 1344 1768 diicbinum
1375 1701 1565 1786 tamquam
1599 1711 1746 1766 murem
1772 1691 1842 1764 sub

671 1814 794 1888 colore
814 1813 964 1908 juvandi
992 1833 1091 1908 cum,
1112 1822 1150 1888 et
1170 1813 1339 1907 nequiter
1364 1819 1489 1910 postea
1515 1811 1632 1886 voluit
1658 1830 1841 1906 mergere,

672 1942 709 2008 et
734 1934 899 2007 lacerare
929 1933 1048 2026 coepit
1082 1935 1126 2008 Et
1155 1934 1249 2008 sicut
1281 1933 1366 2028 ipsis
1400 1933 1625 2010 certantibus
1654 1932 1691 2006 in
1721 1931 1843 2006 modio

672 2053 774 2126 lacus
798 2052 1009 2148 supervenit
1034 2053 1167 2126 milvus
1184 2052 1262 2128 avis
1282 2073 1408 2147 rapax,
1426 2052 1488 2146 qui
1508 2051 1617 2126 traxit
1636 2061 1839 2143 utrumque

672 2169 825 2264 ligatum
846 2169 956 2244 simui
972 2170 1018 2246 dc
1034 2189 1144 2265 aqua,
1165 2171 1214 2246 ito
1234 2168 1463 2246 Barbariccia
1481 2168 1582 2244 v'eiut
1600 2168 1732 2244 milvus
1751 2167 1843 2243 moi-

672 2291 754 2365 iiter
779 2293 906 2364 voians
932 2290 1041 2366 traxit
1067 2297 1270 2384 utrumque
1294 2290 1405 2365 simui
1428 2289 1655 2384 artigiiatum
1680 2289 1727 2364 de
1752 2290 1842 2383 pice.

672 2411 716 2482 Et
739 2410 833 2484 sicut
857 2411 937 2484 finis
958 2409 1090 2484 iabuiae
1107 2410 1230 2504 AEsopi
1250 2410 1318 2487 iuit
1334 2409 1533 2484 destructio
1556 2429 1655 2482 ranae
1674 2416 1711 2484 et
1728 2407 1844 2482 muris

672 2529 792 2622 simui,
811 2529 860 2604 ita
877 2529 957 2604 finis
979 2529 1110 2604 saboim
1128 2529 1251 2606 Dantis
1269 2529 1336 2603 tuit
1353 2529 1517 2604 coniusio
1543 2539 1581 2605 et
1604 2527 1792 2604 infamatio
1804 2519 1842 2620 (²)

673 2648 826 2725 istorum
844 2650 1005 2724 duorum
1023 2649 1306 2742 baratariorum,
1321 2655 1359 2724 et
1375 2649 1426 2724 sic
1443 2649 1603 2740 lucrum,
1621 2648 1721 2742 quod
1739 2654 1842 2722 uter-

674 2786 747 2860 que
778 2767 995 2860 venabatur,
1020 2768 1201 2863 perditum
1228 2776 1299 2862 est3
1329 2759 1475 2860 sicutd)
1502 2788 1600 2841 nunc
1632 2766 1841 2862 Ciampoius

674 2886 824 2962 evanuit
847 2893 885 2960 et
909 2887 1095 2982 disparuit,
1122 2887 1172 2962 ita
1197 2888 1297 2982 quod
1329 2907 1396 2962 nec
1421 2886 1645 2980 Caicabrina,
1674 2907 1741 2961 nec
1766 2887 1842 2960 xii-

672 3006 801 3081 cbinus
827 3008 943 3100 potuit
967 3008 1127 3102 babere3
1154 3028 1253 3082 nunc
1277 3028 1369 3104 ergo
1399 3007 1481 3082 vide
1511 3007 1540 3082 si
1573 3009 1707 3082 Dentes
1740 3006 1844 3082 scivit

674 3126 723 3201 ita
748 3126 842 3202 bene
869 3125 1009 3223 fingere
1032 3128 1079 3202 dc
1104 3128 1323 3220 bominibus,
1340 3129 1434 3202 sicut
1459 3129 1616 3222 AEsopus
1641 3127 1688 3202 do
1713 3127 1840 3202 brutis.

672 3252 768 3320 -Ε
789 3267 894 3320 come.
916 3247 981 3321 iiic
1004 3253 1113 3322 autor
1133 3247 1303 3322 describit
1320 3248 1491 3322 timorem
1508 3269 1618 3322 suum
1646 3249 1708 3342 qui
1735 3253 1843 3322 notus

673 3373 728 3441 est
753 3385 800 3440 ex
825 3365 1045 3462 cogitamine
1069 3386 1155 3458 sno,
1173 3373 1211 3440 et
1235 3367 1354 3461 primo
1380 3367 1564 3460 praemittit
1589 3367 1741 3440 modum
1767 3364 1844 3441 ori-

673 3486 765 3582 ginis
790 3485 941 3560 aiterius
966 3485 1193 3582 cogitaminis
1209 3473 1258 3579 (⁸),
1287 3487 1429 3562 dicens:
1456 3509 1475 3560 e
1505 3509 1553 3560 un
1577 3490 1683 3576 ottro,
1709 3487 1846 3561 scilicet

675 3605 894 3700 cogitamen,
918 3625 1050 3696 nunqua
1066 3609 1104 3678 di
1120 3609 1244 3698 quello,
1263 3607 1398 3681 scilicet
1415 3607 1546 3702 primo,
1568 3600 1639 3680 cosi
1656 3629 1751 3680 come
1767 3611 1846 3680 tun

671 3725 812 3817 pomer
835 3729 978 3816 scoppr'u
1003 3727 1211 3818 detulero,
1238 3725 1340 3818 idest,
1366 3727 1526 3820 erumpit
1541 3719 1578 3818 (⁵)
1606 3746 1652 3800 ex
1677 3727 1750 3801 aiio
1786 3733 1846 3800 tu·

676 3849 861 3918 mescente
887 3849 994 3918 utero
1008 3834 1055 3935 (Β),
1075 3844 1216 3936 mentis,
1235 3864 1319 3938 quae
1335 3846 1429 3940 parit
1455 3866 1572 3919 unum
1599 3865 1644 3920 ex
1670 3846 1755 3940 alio,
1772 3848 1845 3936 cbo,

678 3962 779 4056 idest,
805 3963 902 4056 quod
928 3963 1131 4037 secundum
1158 3963 1377 4059 cogitamen,
1396 3969 1511 4059 miser
1525 3967 1656 4058 duppin
1673 3967 1710 4038 lu
1722 3968 1846 4058 prtum

673 4105 814 4176 puurcu·
838 4082 944 4177 idest,
976 4083 1174 4178 duplicavit
1199 4084 1285 4158 mibi
1312 4085 1472 4179 primum
1500 4086 1696 4178 timorem;
1725 4085 1846 4180 primo

676 4203 773 4278 enim
798 4209 909 4278 autor
934 4203 1144 4298 simpliciter
1171 4204 1321 4278 timebat
1342 4205 1528 4280 daemones
1552 4206 1599 4279 de
1622 4224 1663 4280 se
1691 4206 1847 4280 borron-

675 4326 752 4418 dos,
779 4330 955 4418 utsupra
981 4324 1108 4418 patuit,
1131 4324 1217 4417 quia
1244 4326 1438 4400 recusabat
1463 4327 1601 4400 babere
1625 4346 1758 4402 eorum
1784 4345 1846 4402 so-

556 4539 560 4548 ,
675 4444 861 4536 cietatem3
888 4462 986 4517 nunc
1011 4462 1101 4517 vero
1126 4443 1360 4518 considerans
1385 4446 1483 4538 quod
1510 4445 1655 4520 inerant
1669 4436 1706 4538 (⁷)
1732 4465 1845 4520 causa

675 4565 764 4638 rixae
788 4569 826 4636 et
850 4560 1046 4636 delusionis
1064 4561 1232 4656 istorum,
1254 4563 1383 4640 toruus
1401 4566 1553 4641 timebat
1570 4565 1662 4640 iram
1690 4586 1844 4658 eorum3

674 4689 712 4756 et
735 4701 821 4756 occe
845 4681 1006 4756 declarat
1032 4681 1151 4776 ipsum
1179 4683 1387 4779 cogitamen
1409 4686 1627 4780 secundum,
1645 4685 1785 4762 dicens:
1804 4689 1845 4758 Io

738 4911 766 4974 (¹)
783 4911 930 4976 xxsmm.
1229 4911 1257 4975 (¹)
1274 4914 1467 4968 nummasio.

738 4987 764 5050 (¹)
781 4987 811 5038 R
827 4987 893 5038 ¹¹⁰⁰!
908 4987 1063 5053 mmmm
1230 4988 1259 5051 (⁸)
1276 4989 1306 5040 E.
1324 4992 1493 5054 cogitationis.

738 5063 765 5124 t'i
780 5063 806 5112 ⁸·
824 5063 930 5128 munit
1230 5064 1257 5128 ω
1275 5066 1465 5130 11⁶,qu
1591 5065 1619 5128 ω
1633 5066 1664 5116 R
1682 5063 1775 5116 uorat
