4534 6842
708 884 846 942 cennos
871 887 1063 961 pressurus
1087 888 1280 944 smonnns
1507 877 1574 946 147

407 1029 540 1123 quibus
572 1049 612 1106 se
643 1029 798 1106 invicem
829 1032 1045 1128 intelligunt
1078 1033 1210 1109 Sibilns
1235 1033 1333 1108 enim
1368 1033 1405 1108 in
1440 1034 1577 1108 mundo

405 1155 460 1224 est
484 1155 589 1224 nctus
615 1149 753 1246 turum,
780 1156 816 1226 et
841 1154 960 1226 omnis
991 1153 1200 1229 baratarius
1225 1161 1280 1230 est
1306 1155 1578 1248 quodammodo

404 1270 475 1362 ior,
497 1271 583 1364 quia
609 1270 647 1344 in
671 1272 816 1346 occulto
840 1273 916 1368 agit
941 1279 1102 1350 etamsi
1127 1273 1342 1367 obscurum,
1367 1279 1403 1348 et
1428 1280 1578 1348 contra-

403 1396 478 1464 ctet
498 1409 578 1466 rem
602 1390 760 1466 alienam
779 1391 892 1466 invito
908 1391 1068 1466 domino.
1082 1432 1132 1446 -
1147 1396 1353 1484 Gapnoom'o.
1378 1391 1443 1466 llic
1464 1402 1575 1469 autor

402 1508 558 1584 ostendit
575 1510 761 1604 quomodo
774 1511 867 1584 elius
883 1511 1028 1586 daemon
1049 1511 1279 1608 perpenderit
1296 1513 1342 1587 de
1355 1513 1439 1587 dolo
1452 1512 1574 1587 Ciam·—

402 1629 485 1722 poli,
507 1626 606 1702 unde
620 1627 729 1702 dicit:
753 1633 1138 1727 contaminaremus
1163 1631 1263 1706 mnis
1288 1626 1574 1726 polatinensem

399 1751 540 1822 limoso
564 1729 747 1824 moliendo
764 1750 791 1822 il
807 1771 910 1842 copo,
933 1751 1028 1824 sicut
1053 1752 1135 1826 iacit
1153 1752 1264 1826 homo
1290 1751 1428 1828 habens
1449 1752 1494 1826 ad
1516 1751 1573 1824 in-

402 1867 646 1963 dignationem
679 1870 778 1963 qnod
809 1870 903 1945 nlius
928 1872 1049 1946 minor
1062 1863 1100 1963 (¹)
1127 1879 1165 1946 et
1190 1871 1312 1946 minus
1345 1873 1461 1946 sciens
1487 1873 1573 1949 velit

401 1993 439 2060 et
456 1993 570 2064 tentet
593 1987 762 2082 decipere
786 1989 876 2064 elios
902 1990 1061 2065 maiores
1086 1997 1123 2064 et
1149 1990 1413 2086 malitiosiores,
1431 2013 1456 2064 a
1479 1995 1574 2066 ootol

401 2114 519 2199 molto,
545 2106 645 2202 idest,
672 2109 734 2183 tsli
761 2109 870 2184 modo
901 2109 1072 2204 loquendi
1105 2117 1290 2208 cooperto,
1320 2133 1340 2185 e
1367 2115 1483 2186 dore.-
1512 2116 1573 2188 odi

400 2230 541 2300 molano
571 2231 622 2300 ot'
635 2231 692 2302 elli
715 2219 739 2300 d
760 2235 909 2325 pernota
935 2250 1001 2322 per
1025 2233 1169 2320 piunrse
1201 2233 1315 2322 pinso,
1340 2231 1477 2308 scilicet
1501 2232 1570 2306 sub

399 2347 528 2440 pioem.
555 2347 598 2420 Et
622 2348 724 2442 ponit
748 2349 1020 2442 responsionem
1048 2349 1224 2444 Cinmpoli
1248 2350 1294 2425 ad
1319 2351 1433 2426 verbs
1459 2352 1570 2447 ipsius

397 2463 583 2560 demonis,
602 2467 666 2561 qui
685 2467 805 2542 subito
822 2467 1006 2544 adinvenit
1023 2489 1162 2544 novum
1179 2470 1355 2563 loqueum
1378 2480 1567 2565 tamquam

398 2587 688 2682 promptissimus
711 2587 922 2682 aeoniamr3
949 2608 1034 2662 nam
1068 2609 1157 2663 usus
1182 2596 1238 2664 est
1271 2589 1498 2684 simplicitate
1521 2591 1567 2665 sd

396 2705 630 2782 colorandam
649 2706 825 2782 malitiam
846 2729 963 2783 sunm.
983 2709 1085 2784 Unde
1101 2709 1186 2785 dicit
1202 2717 1322 2805 notor,
1341 2715 1422 2786 ond
1435 2716 1480 2804 oi,
1497 2712 1568 2786 sci-

397 2827 480 2902 lioet
497 2826 715 2922 Cinmpolus,
732 2829 878 2902 ot’oooo
894 2831 1064 2920 wodenii,
1081 2829 1185 2923 idest,
1203 2831 1401 2906 malicioles
1416 2824 1465 2926 (²),
1484 2832 1567 2926 qui—

397 2948 467 3022 bus
495 2947 662 3022 homines
693 2947 859 3042 capiebat
892 2955 929 3024 et
954 2949 1112 3043 fallebat,
1137 2971 1162 3022 o
1190 2971 1285 3041 pron
1311 2954 1451 3041 divisim
1477 2950 1567 3027 idest

397 3068 434 3140 in
467 3087 602 3163 magna
633 3067 748 3162 eopia,
775 3066 881 3160 quasi
905 3066 1000 3142 dicat
1026 3069 1089 3162 qni
1114 3080 1195 3145 erat
1219 3068 1268 3144 its
1299 3069 1394 3144 bene
1418 3070 1565 3144 fulcitus

397 3186 597 3282 fraudibus,
605 3187 705 3281 quod
716 3207 791 3262 non
803 3187 996 3281 oportebat
1008 3193 1204 3282 expectare
1215 3188 1261 3262 ad
1274 3188 1502 3264 liberandum
1514 3181 1564 3283 (³),

394 3312 553 3400 rimoso:
577 3311 756 3382 malitioso
780 3327 846 3380 son
869 3310 905 3380 io
931 3314 1069 3400 troppo,
1095 3307 1260 3402 loquitur
1285 3307 1433 3404 ironice,
1460 3311 1565 3402 qussi

393 3429 511 3504 dicat:
529 3449 612 3502 sum
638 3427 745 3502 nimis
768 3427 921 3523 simplex
947 3438 985 3504 et
1010 3427 1144 3523 fatuus,
1170 3449 1258 3504 ecoe
1282 3431 1431 3504 stultam
1458 3431 1565 3506 mali-

394 3548 480 3622 tiam
508 3567 642 3640 meam,
668 3549 797 3640 prond’
809 3551 844 3620 io
869 3568 1028 3640 procuro
1060 3551 1225 3642 mappior
1250 3551 1399 3624 tntizto
1424 3553 1458 3622 α’
1472 3554 1563 3644 miei,

392 3668 483 3744 idest
512 3667 617 3743 sociis
641 3667 743 3761 meis,
773 3688 867 3761 quos
895 3687 966 3764 ego
996 3667 1112 3743 odero
1141 3667 1187 3742 sd
1220 3668 1442 3744 veniendum
1476 3671 1563 3764 huc,

392 3789 454 3862 ubi
488 3787 675 3864 habebunt
709 3788 820 3881 duplo
841 3777 877 3880 (⁴)
916 3787 996 3883 plus
1031 3787 1183 3861 tristitiae
1218 3809 1330 3882 quam
1366 3790 1435 3862 sub
1471 3790 1560 3884 pice,

390 3909 485 3984 siout
508 3927 579 4004 ego
604 3907 737 3982 infelix.
758 3907 804 3980 Et
828 3906 948 3980 subdit
972 3913 1082 3980 autor
1104 3907 1290 4000 quomodo
1310 3909 1459 4001 quidam
1486 3917 1562 3984 ter-

391 4028 462 4102 tius
493 4029 638 4104 demon
671 4033 753 4122 post
776 4027 1015 4101 Farinrellum
1048 4031 1085 4100 et
1115 4025 1339 4122 cagnaoium
1373 4028 1561 4123 perpendit

388 4148 435 4224 de
459 4148 543 4224 dolo
559 4147 751 4242 Ciampoli3
773 4146 872 4220 unde
895 4144 999 4220 dicit:
1024 4146 1160 4218 Aitolia
1184 4165 1256 4218 non
1271 4166 1309 4218 se
1327 4153 1438 4236 lenm,
1456 4147 1559 4240 idest,

389 4288 463 4342 non
492 4268 610 4362 potuit
638 4287 679 4342 se
706 4266 895 4342 continere
924 4265 1094 4360 amplius,
1127 4286 1148 4338 e
1177 4267 1269 4338 disse
1301 4269 1399 4340 altri
1422 4269 1460 4340 di
1483 4269 1561 4340 rin-

388 4395 493 4481 toppo
512 4391 586 4480 opti
609 4391 706 4479 otti,
722 4388 825 4480 idest,
843 4407 890 4462 ex
916 4385 1080 4481 opposito
1105 4385 1276 4480 aliorum,
1294 4386 1382 4480 quis
1396 4377 1433 4479 (⁵)
1454 4397 1561 4464 erant

388 4527 518 4584 omnes
542 4509 589 4582 in
620 4507 710 4604 ripa,
734 4511 770 4581 io
801 4529 873 4582 non
902 4509 928 4580 ti
957 4498 1063 4580 vend
1093 4509 1206 4580 dietro
1234 4507 1272 4578 di
1302 4509 1469 4600 poloppo,
1495 4508 1559 4582 sed

389 4647 503 4704 eursu
533 4627 784 4723 velocissim03
810 4648 896 4702 nam
926 4626 1104 4721 galoppus
1133 4632 1234 4700 tenet
1271 4625 1434 4700 medium
1464 4626 1559 4702 inter

387 4768 539 4824 onrsrrm
566 4758 604 4824 et
628 4753 794 4842 troitum,
821 4746 925 4841 quasi
950 4746 1068 4821 dicat:
1096 4746 1125 4820 si
1150 4752 1190 4818 tu
1217 4747 1290 4820 eris
1305 4737 1341 4838 (⁶)
1363 4746 1467 4843 ngilis
1490 4767 1558 4842 po-

450 4926 478 4991 (¹)
494 4927 525 4978 ii.
541 4928 628 4978 minor
643 4940 684 4992 eo,
701 4933 727 4978 et
743 4927 837 4978 minus.
875 4923 903 4986 (¹)
920 4930 974 4985 tlt.
991 4925 1110 4976 melitina
1170 4925 1197 4987 (Ἴ
1214 4930 1259 4976 tto
1274 4939 1290 4976 s
1306 4925 1336 4976 ll.
1352 4925 1556 4978 deliberandum.

450 5003 478 5066 (⁴)
494 5004 525 5056 R
542 5004 660 5068 duplum.
874 4997 902 5062 (¹)
919 5007 974 5063 tit,
990 5003 1035 5066 qni
1050 5007 1133 5053 erunt.
1169 4999 1196 5064 (¹)
1211 5000 1238 5052 S.
1254 5013 1282 5052 en
1297 5001 1379 5065 opilio.
