4550 6844
721 945 794 1012 m
1120 955 1325 1012 conmrurr
1348 957 1500 1012 mraaur

721 1110 813 1178 tum.
839 1101 905 1176 Hic
929 1101 1041 1197 igitur
1060 1101 1208 1196 juvenis
1232 1101 1359 1198 viginti
1384 1079 1548 1196 quatuor
1572 1123 1772 1200 annorum,
1797 1114 1895 1183 tem·

720 1241 812 1318 pore
827 1219 976 1296 secundi
992 1219 1078 1295 belii
1097 1220 1231 1316 punici,
1249 1241 1335 1296 cum
1353 1221 1531 1298 Hannibal
1547 1223 1624 1298 dur
1642 1223 1895 1302 victoriosissi-

720 1363 806 1416 mus
830 1339 1127 1437 carthaginensis,
1147 1341 1227 1436 J’am
1253 1340 1331 1417 iere
1355 1361 1422 1435 per
1445 1349 1532 1417 octo
1559 1363 1675 1418 annos
1706 1345 1896 1424 afflixisset

720 1461 823 1536 bellis
840 1479 986 1553 semper
1002 1459 1141 1534 ltaliam
1159 1461 1366 1558 impetravit
1382 1461 1421 1535 in
1442 1461 1579 1538 Senatu
1589 1463 1654 1540 'ire
1674 1483 1761 1540 cum
1783 1485 1895 1541 arer-

720 1582 795 1657 citu
816 1579 854 1654 in
869 1579 1090 1674 Hispaniam,
1115 1579 1153 1654 in
1170 1601 1244 1674 qua
1260 1580 1336 1654 duo
1353 1580 1538 1675 Scipiones
1560 1588 1720 1678 pateret
1735 1591 1893 1679 patruus

720 1701 833 1776 duces
857 1700 1046 1774 clarissimi
1075 1705 1157 1794 post
1185 1700 1320 1774 multas
1350 1700 1467 1774 claras
1496 1700 1668 1777 victorias
1693 1703 1840 1779 inerant
1854 1698 1892 1797 (¹)

720 1818 832 1896 ambo
852 1818 971 1912 occisi,
989 1817 1137 1914 perditis
1162 1817 1382 1894 exercitibus
1399 1817 1493 1894 inira
1510 1821 1668 1915 spatium
1695 1823 1842 1920 triginta
1854 1816 1894 1917 (²)

721 1943 886 2034 dierum;
903 1959 1015 2035 quam
1041 1939 1266 2034 provinciam
1289 1939 1407 2035 Scipio
1432 1941 1590 2016 mirabili
1615 1942 1752 2018 virtute
1777 1953 1891 2021 totam

722 2059 953 2157 recuperarit
982 2059 1097 2154 spatio
1129 2059 1293 2154 quinque
1323 2080 1510 2138 annorum
1533 2062 1581 2136 de
1610 2063 1780 2138 manibus
1809 2085 1894 2140 car·

721 2179 1010 2276 thagiuensium3
1036 2185 1198 2274 quatuor
1218 2179 1440 2255 exercitibus
1466 2201 1553 2256 cum
1579 2201 1710 2256 eorum
1737 2183 1894 2260 ducibus

722 2299 806 2374 iude
834 2297 958 2394 pulsis,
983 2297 1153 2394 Hispania
1182 2298 1347 2392 liberata,
1373 2307 1412 2374 ct
1436 2300 1506 2374 sub
1530 2300 1667 2397 J'ugnm
1693 2322 1893 2378 romanum

722 2419 874 2494 reducta
887 2407 939 2512 (³),
965 2418 1083 2514 Scipio
1109 2437 1281 2493 reversus
1306 2418 1462 2494 Romam
1492 2419 1539 2494 de
1572 2439 1753 2496 consensu
1778 2421 1893 2498 Sena·

722 2547 781 2614 tus
805 2559 871 2634 per
902 2537 1059 2612 Siciliam
1084 2537 1249 2612 transivit
1274 2538 1311 2612 in
1343 2538 1514 2632 Africam,
1540 2545 1578 2614 et
1605 2539 1828 2616 descendens
1852 2541 1892 2616 in

721 2666 822 2734 terra
835 2647 888 2752 (⁴),
912 2657 1032 2752 primo
1051 2657 1172 2752 posuit
1191 2661 1311 2732 castra
1326 2657 1364 2730 in
1384 2657 1549 2753 coHibus,
1567 2659 1631 2754 qui
1646 2650 1684 2751 (⁸)
1701 2659 1821 2755 primo
1837 2660 1894 2735 di·

722 2775 901 2854 cebantur
927 2796 1040 2873 regna
1066 2776 1207 2872 nntbei,
1224 2776 1289 2852 sed
1312 2781 1439 2872 postea
1459 2778 1595 2854 clarius
1621 2769 1807 2870 nomen(⁶)
1825 2799 1893 2854 no-

723 2918 812 2972 vum
839 2901 1069 2992 receperunt,
1095 2897 1182 2991 quia
1207 2903 1337 2972 vocata
1363 2903 1449 2971 sunt
1474 2897 1600 2972 Castra
1618 2897 1798 2972 Cornelia.
1817 2899 1895 2973 Sci-

722 3017 838 3114 pionis
862 3017 1023 3093 adventu
1048 3023 1124 3092 tnta
1148 3017 1269 3092 Airica
1282 3007 1321 3110 (⁷)
1347 3016 1495 3092 turbata
1519 3024 1586 3112 cst,
1615 3016 1680 3092 sed
1707 3017 1894 3112 praecipue

723 3137 905 3234 Carthago
931 3136 998 3211 iuit
1022 3142 1099 3210 tota
1123 3137 1193 3210 sub
1217 3136 1331 3210 armis
1356 3141 1394 3212 et
1419 3135 1602 3230 custodiis,
1622 3136 1804 3231 quiajam
1825 3154 1893 3230 per

723 3241 988 3352 quinquaginta
1013 3275 1130 3330 annos
1155 3275 1229 3330 non
1244 3255 1412 3330 viderant
1431 3275 1538 3330 arma
1562 3275 1727 3348 romana,
1744 3253 1813 3326 nisi
1833 3259 1894 3328 tu·

723 3377 932 3452 muituarie.
959 3375 1065 3450 Nunc
1089 3382 1216 3450 autem
1243 3375 1414 3451 ridebant
1434 3374 1637 3471 Scipionem
1659 3375 1794 3449 ducem
1817 3380 1894 3448 tre·

723 3495 899 3570 mendum
926 3501 1013 3570 ante
1037 3496 1174 3589 oculos,
1193 3515 1261 3569 nec
1277 3494 1461 3569 habebant
1481 3494 1595 3568 aiium
1613 3494 1759 3588 ducem,
1780 3513 1894 3589 quem

722 3619 949 3708 opponerent
970 3611 1047 3706 sibi,
1074 3613 1141 3687 nisi
1166 3612 1406 3687 asdrubalem
1430 3611 1597 3708 Gisgonis
1624 3611 1751 3706 filium,
1778 3633 1892 3708 quem

722 3735 798 3830 ipse
818 3731 935 3829 Scipio
947 3733 1026 3829 jam
1044 3733 1237 3828 fugaverat
1253 3731 1299 3808 de
1315 3731 1496 3826 Hispania.
1514 3731 1754 3808 comantem
1776 3732 1894 3828 Scipio

722 3853 890 3950 caepisset
904 3842 940 3944 (⁸)
975 3851 1186 3948 prosperari
1216 3852 1253 3926 in
1286 3850 1419 3946 Africa,
1449 3851 1661 3946 supervenit
1692 3851 1893 3928 Massinissa

722 3995 809 4050 cum
831 3973 956 4070 paucis
970 3963 1020 4066 (⁹),
1028 3973 1176 4068 juvenis
1197 3972 1456 4069 magnanimus
1473 3977 1511 4046 et
1528 3970 1744 4068 magnificus
1766 3972 1894 4066 vaide;

722 4095 786 4191 qni
812 4095 986 4190 spoliatus
1012 4113 1127 4191 regno
1153 4093 1332 4168 Numidia
1356 4113 1380 4167 a
1406 4092 1570 4189 Syphace
1601 4112 1690 4189 rege
1718 4091 1894 4186 potentis-

722 4215 828 4309 simo,
842 4233 988 4307 semper
1001 4212 1069 4286 tuit
1081 4219 1206 4308 postea
1225 4211 1454 4287 fidelissimus
1472 4231 1726 4304 romanorum,
1744 4219 1782 4286 et
1797 4231 1894 4307 pra·

722 4335 849 4412 sertim
867 4333 1109 4409 amicissimus
1126 4333 1303 4408 Corneiioe
1320 4331 1439 4428 gentis
1455 4341 1493 4406 et
1505 4331 1689 4427 Scipionis,
1707 4333 1771 4426 qui
1787 4332 1891 4406 illum

701 4453 880 4560 ,restituit
912 4453 950 4527 in
984 4472 1141 4548 reguum
1176 4472 1288 4526 suum
1320 4460 1359 4526 ct
1388 4451 1551 4526 maxime
1584 4453 1779 4526 exaltavit:
1811 4451 1894 4526 ideo

724 4573 883 4646 multum
919 4572 1001 4646 iaete
1034 4570 1235 4644 Massinissa
1266 4575 1435 4665 receptus
1469 4576 1525 4646 est
1554 4591 1577 4646 a
1610 4570 1775 4665 Scipione
1806 4591 1893 4647 cum

785 4755 813 4814 (Ἰ
829 4757 884 4812 111,
902 4752 1008 4804 inerunt
1023 4753 1108 4805 ambo.
1454 4756 1482 4818 (¹)
1498 4760 1552 4815 tto,
1569 4759 1650 4808 trium
1665 4755 1776 4808 dierum.

786 4829 812 4890 (¹)
828 4827 854 4880 S.
870 4829 948 4881 mirra
964 4835 992 4881 ct
1006 4831 1120 4882 reducta.
1453 4831 1480 4893 (¹)
1497 4833 1528 4883 E.
1545 4845 1560 4883 s
1577 4837 1632 4894 tta,
1649 4837 1755 4886 terram.

787 4907 813 4968 (¹)
831 4909 885 4968 tto,
902 4907 947 4972 qni
964 4909 1043 4972 prins.
1453 4909 1481 4972 (⁸)
1498 4913 1552 4972 tta,
1567 4923 1663 4962 noman
1680 4917 1814 4976 ceperunt.

786 4982 812 5044 Ρ)
830 4983 860 5035 E.
877 4983 968 5036 arne·
984 4985 1079 5036 timore
1095 4985 1197 5037 turbata
1213 4989 1260 5046 est,
1277 4991 1304 5036 et
1320 4985 1459 5050 precipue.

787 5058 814 5122 ι’)
830 5058 856 5110 S.
872 5059 1102 5124 resupinet-E.
1115 5062 1170 5126 jour
1185 5063 1311 5126 cupisset
1451 5062 1479 5126 (⁸)
1495 5063 1526 5114 n.
1543 5063 1790 5128 mansionaribus
