4550 6844
842 985 983 1043 CANTUS
1007 981 1234 1039 nutemus·
1551 969 1622 1036 119

449 1131 618 1216 adulterii
643 1151 756 1227 quam
783 1136 975 1227 receperat
1008 1130 1045 1203 in
1070 1126 1231 1222 Semcle;
1257 1145 1344 1200 nam
1376 1123 1625 1200 communiter

452 1251 625 1328 mulieres
647 1250 778 1326 odiunt
806 1249 944 1325 amicas
975 1249 1142 1323 virorum
1173 1265 1341 1321 suorum.
1374 1244 1471 1318 luno
1495 1245 1622 1320 autem

449 1393 546 1446 uxor
570 1370 669 1447 lovis
693 1369 847 1445 moleste
871 1368 1013 1445 terebat
1037 1366 1136 1463 quod
1162 1365 1327 1462 luppiter
1356 1364 1414 1438 vir
1442 1383 1534 1438 suus
1558 1383 1623 1438 co·

447 1491 633 1590 gnovissat
656 1489 839 1566 semelem
865 1489 976 1564 liliam
1002 1486 1140 1582 Cadmi,
1165 1485 1249 1563 ideo
1277 1483 1427 1560 immisit
1455 1484 1623 1560 furorem
1718 1565 1723 1578 ,
1764 1483 1767 1490 ’

449 1613 486 1686 in
510 1610 780 1705 Athamantem,
806 1615 843 1686 et
873 1608 978 1684 dicit:
1009 1628 1106 1682 come
1134 1597 1267 1680 nwstrd
1290 1595 1352 1697 φά
1374 1625 1447 1680 rura
1471 1609 1505 1678 et
1527 1607 1625 1678 αΙινα

445 1727 549 1825 fictu,
574 1731 678 1826 quusi
702 1729 821 1825 dicat,
847 1723 947 1824 quod
972 1731 1068 1804 June
1093 1725 1278 1823 precipue
1309 1725 1454 1801 duabus
1483 1724 1624 1800 vicibus

449 1849 607 1927 ostendit
642 1849 768 1924 odium
807 1870 919 1924 suum
963 1849 1001 1922 iu
1037 1846 1217 1944 sanguiue
1236 1838 1274 1938 (¹)
1313 1844 1452 1939 Cadmi,
1489 1845 1626 1920 scilicet

450 1973 489 2046 in
513 1969 658 2046 Semele
676 1961 726 2064 (²),
753 1989 867 2064 quam
893 1969 978 2046 iecit
1002 1967 1201 2063 fulminari,
1227 1971 1264 2042 et
1289 1965 1326 2040 iu
1351 1965 1570 2040 Athamante
1585 1955 1622 2057 (⁸)

450 2109 564 2186 quem
590 2089 674 2166 iecit
703 2089 881 2165 iniuriari.
903 2129 953 2146 -
973 2095 1007 2163 E
1033 2090 1186 2181 amodo.
1217 2087 1283 2162 llic
1313 2094 1424 2162 autor
1453 2085 1626 2162 describit

450 2209 657 2286 seeundum
687 2209 854 2285 lurorem
887 2207 1085 2284 notabilem
1115 2207 1153 2282 in
1184 2206 1343 2282 muliere
1372 2205 1624 2281 famosissima.

450 2329 503 2405 nd
529 2329 637 2404 cuius
662 2327 937 2425 intelligentiam
956 2328 1069 2404 debes
1094 2327 1201 2420 scire,
1227 2327 1327 2422 quod
1351 2325 1503 2402 Hecuba
1528 2346 1625 2401 uxor

451 2449 598 2543 Priami,
624 2447 718 2525 sicut
742 2447 790 2522 ad
814 2454 961 2544 tempus
986 2452 1157 2543 potuerat
1173 2445 1289 2521 rideri
1309 2445 1514 2523 felicissima
1540 2465 1627 2520 mu-

451 2571 598 2662 lierum,
623 2567 863 2663 potentissimi
888 2567 986 2663 regis
1013 2566 1149 2642 Priami
1181 2587 1288 2661 uxor,
1319 2573 1374 2643 tot
1403 2565 1625 2664 inclytorum

452 2686 612 2767 illiorum
646 2696 776 2784 mater,
806 2691 911 2788 regni
940 2689 1186 2766 florentissimi
1215 2691 1359 2788 regium
1390 2691 1440 2769 ita
1473 2690 1625 2766 demum

451 2811 599 2887 fortuna
616 2817 772 2905 mutata,
790 2799 889 2886 lacta
902 2817 958 2886 est
974 2810 1182 2886 miserrima
1207 2810 1386 2905 omnium,
1413 2811 1489 2885 imo
1514 2808 1625 2884 etiam

451 2931 532 3007 viro
556 2931 747 3026 miserior,
776 2951 862 3026 quae
890 2931 921 3006 si
952 2929 1062 3006 simul
1091 2950 1178 3006 oum
1210 2931 1289 3007 viro
1319 2937 1511 3027 perempta
1536 2929 1626 3003 luis-

451 3058 517 3148 set,
543 3072 611 3149 pro
635 3058 740 3148 purte
770 3053 851 3128 eius
881 3050 1070 3128 infelicitas
1100 3051 1216 3125 minui
1230 3039 1267 3144 (ἣ
1297 3049 1498 3126 videbatur.
1531 3051 1625 3124 Nam

452 3173 550 3247 ultra
576 3170 672 3248 mala
703 3171 866 3248 maximo
901 3191 987 3267 qum
1018 3171 1160 3249 viderat
1188 3171 1297 3245 simul
1328 3191 1415 3245 cum
1441 3171 1533 3265 viro,
1554 3170 1626 3245 sci-

453 3291 536 3366 licet
560 3289 785 3366 obsidionem
810 3291 1064 3385 decennalem,
1093 3290 1289 3366 orbitatem
1316 3289 1490 3386 liliorum,
1516 3291 1631 3387 copti-

453 3412 604 3488 ritatem
630 3411 745 3505 urbis,
770 3407 859 3486 vidit
884 3411 1007 3486 virum
1041 3410 1142 3487 lerro
1172 3411 1296 3486 necari
1329 3430 1352 3484 a
1385 3411 1539 3508 Pyrrho,
1566 3409 1630 3505 qui

455 3537 543 3604 tunc
566 3531 605 3604 in
630 3529 825 3625 utriusque
855 3536 1054 3627 conspectu
1083 3531 1236 3606 Politem
1270 3527 1386 3605 filium
1419 3541 1630 3625 necaverat,

455 3657 493 3724 et
517 3649 742 3745 Polyxenam
769 3648 881 3725 liliam
909 3647 1028 3724 iorma
1053 3649 1361 3746 praexcelleutem,
1385 3671 1498 3745 quam
1517 3649 1632 3748 virgi·

455 3789 542 3845 nem
568 3769 768 3844 tenerrime
792 3769 965 3866 diligebat
979 3759 1030 3864 (⁸),
1045 3770 1094 3844 ad
1124 3770 1336 3865 sepulcrum
1359 3769 1504 3845 Achillis
1530 3769 1632 3844 velut

454 3887 641 3964 victimam
667 3885 811 3964 imolari
832 3909 947 3964 manu
972 3887 1103 3985 Pyrrhi
1123 3890 1203 3984 jam
1219 3880 1257 3981 (⁰)
1276 3896 1431 3964 cruenta
1451 3889 1631 3986 sanguine

453 4007 567 4104 patris
591 4012 631 4082 et
655 4007 737 4101 tilii3
762 4014 802 4083 et
824 4007 1068 4084 nsuanactem
1094 4007 1209 4082 lilium
1235 4007 1403 4084 Hectoris
1425 4009 1471 4083 ud
1497 4027 1630 4082 saxum

453 4125 553 4221 illidi,
578 4131 616 4202 et
642 4115 840 4219 ultimasl⁷i
866 4125 1039 4220 reliquias
1055 4126 1236 4201 combusti
1256 4125 1376 4200 llionis
1401 4126 1565 4222 iumare3
1592 4147 1632 4202 se

455 4253 593 4342 autem,
611 4245 671 4321 cui
691 4246 803 4341 paulo
819 4251 907 4322 onte
923 4246 1134 4322 serviebant
1149 4245 1416 4342 quinquaginta
1439 4267 1569 4340 nurus,
1591 4253 1633 4321 ut

455 4366 503 4442 de
518 4363 669 4460 reiquis
686 4371 841 4461 taceam,
856 4366 1010 4461 tristem,
1027 4367 1155 4461 solam,
1173 4372 1213 4441 et
1234 4371 1385 4462 propter
1402 4365 1547 4442 senium
1570 4365 1635 4442 de·

455 4494 618 4584 spectam
635 4491 674 4562 et
690 4485 727 4560 in
747 4486 941 4563 solitudine
956 4485 1169 4563 derelictum
1180 4476 1232 4582 (⁸),
1251 4486 1331 4562 sine
1346 4485 1471 4582 aliquo
1489 4485 1634 4584 refugio

456 4607 568 4682 nnius
593 4605 731 4682 servuli
756 4605 814 4682 rel
839 4606 1080 4683 consolatoris
1101 4605 1250 4682 auxilio.
1268 4607 1428 4682 Demum
1451 4627 1520 4702 pro
1543 4627 1634 4682 oon·

456 4727 622 4803 elusione
637 4733 691 4802 tot
708 4735 745 4802 et
762 4734 952 4803 tantarum
973 4727 1207 4804 miseriarum
1227 4747 1314 4803 cum
1333 4728 1429 4804 inter
1444 4727 1633 4825 angustius

518 4940 546 5003 (¹)
563 4940 594 4991 E·
610 4943 637 4992 ln
651 4943 814 5007 summum.
944 4944 972 5006 ς’)
987 4945 1014 4996 S.
1030 4957 1046 4994 u
1061 4945 1093 4996 B.
1109 4944 1249 4996 semem.
1311 4943 1337 5002 (⁸)
1354 4945 1386 4996 rt
1402 4943 1599 4995 Athamantem.

519 5016 548 5080 (⁸)
564 5020 618 5075 ¹¹⁸·
634 5017 722 5068 minus
737 5019 879 5072 ridentur.
943 5021 970 5080 ι’]
986 5020 1012 5071 S.
1029 5019 1178 5086 diligebant
1309 5021 1337 5082 (⁸)
1353 5023 1408 5082 tle.
1420 5019 1477 5085 inm
1493 5019 1631 5077 mnentul.
1673 5065 1677 5072 .

521 5093 548 5158 (¹)
564 5093 591 5146 S.
608 5093 711 5146 multus.
945 5095 971 5161 ι’)
988 5097 1020 5148 lt.
1036 5110 1052 5148 c
1069 5102 1123 5159 tlt,
1140 5097 1269 5148 relicum.
