4534 6842
719 947 788 1014 122
1110 955 1314 1011 Golffllt'lltll
1337 953 1487 1008 mill

714 1103 825 1197 visco,
851 1101 985 1195 quibus
1010 1100 1196 1176 viscantur
1218 1106 1256 1174 et
1288 1098 1483 1194 cupiuntur
1510 1117 1617 1174 aves:
1650 1095 1731 1170 talis
1754 1100 1881 1169 autem

714 1229 769 1299 est
794 1221 989 1315 baratarin,
1017 1226 1056 1294 ut
1088 1239 1200 1314 supra
1231 1218 1356 1315 patuit
1389 1219 1515 1308 ostenti,
1545 1215 1681 1292 scilicet
1711 1213 1882 1310 Virgilius

714 1348 752 1416 et
776 1343 920 1434 Dentes,
936 1343 1016 1414 man
1034 1343 1124 1415 salvi
1136 1343 1189 1432 fin
1205 1341 1264 1412 alt
1278 1342 1371 1412 cluo
1386 1339 1559 1429 schoppio,
1576 1335 1678 1430 idest,
1698 1355 1816 1429 usqne
1832 1335 1879 1410 ad

714 1463 828 1536 alium
853 1466 1001 1555 pontem
1027 1459 1211 1555 integrum
1237 1459 1301 1553 qni
1322 1457 1445 1552 incipit
1467 1455 1696 1552 in'principio
1716 1455 1880 1551 septimae

714 1581 859 1677 hulgiae.
885 1582 977 1656 Nam
1002 1599 1093 1675 pens
1117 1585 1230 1654 sexte
1254 1578 1388 1674 bulgiae
1419 1583 1475 1653 est
1499 1583 1598 1652 totus
1623 1576 1772 1670 fractus,
1797 1575 1880 1651 ideo

713 1699 938 1776 benedicit:
970 1701 1030 1772 cte
1054 1705 1137 1773 tuto
1165 1702 1278 1772 tuero
1303 1719 1350 1771 vn
1372 1717 1483 1789 sopra
1513 1700 1545 1769 lc
1575 1703 1668 1788 tam,
1694 1695 1781 1789 quin
1810 1695 1881 1771 sci-

712 1819 795 1896 licet
819 1819 909 1916 tegit
932 1818 1152 1915 generaliter
1177 1837 1305 1892 omnes
1325 1817 1478 1914 bulgias,
1497 1837 1581 1910 qnae
1598 1823 1684 1891 sunt
1707 1835 1879 1892 cavernae

712 1947 749 2015 et
779 1940 892 2015 valles
921 1945 1081 2032 caveum
1112 1938 1193 2013 ideo
1218 1937 1525 2013 continuaverunt
1556 1956 1667 2010 suum
1694 1935 1763 2010 iter
1784 1927 1880 2010 'hnc-

710 2079 830 2153 usque
854 2064 1047 2154 postquam
1072 2059 1301 2133 intraverunt
1326 2056 1543 2154 malebnglie
1556 2051 1608 2150 (¹),
1626 2062 1663 2131 et
1682 2056 1732 2130 ita
1752 2061 1878 2150 postea

710 2199 796 2254 cnm
821 2177 1050 2253 ascenderint
1067 2179 1263 2274 septimum
1289 2184 1437 2272 pontem
1463 2177 1728 2252 continuabunt
1742 2167 1780 2268 (¹)
1806 2176 1877 2250 iter

710 2299 756 2374 de
772 2303 883 2393 ponte
899 2297 937 2370 in
953 2303 1100 2390 pontem
1119 2297 1291 2390 usquein
1309 2296 1431 2389 linem,
1450 2296 1536 2391 quin
1557 2317 1647 2390 pons
1665 2296 1734 2372 erit
1750 2303 1877 2392 postea

709 2437 855 2512 semper
878 2416 1021 2511 integer
1046 2422 1153 2491 totus.
1179 2417 1223 2489 Et
1244 2416 1301 2490 hic
1324 2426 1410 2492 nolu
1427 2416 1527 2511 quod
1542 2415 1752 2492 Maluenuda
1769 2435 1878 2491 mnn-

709 2539 772 2612 dnt
795 2534 1027 2630 impossibilia
1051 2535 1143 2629 istis;
1168 2555 1266 2631 num,
1294 2542 1335 2609 ut
1358 2535 1495 2630 patebit
1519 2535 1687 2629 sequenti
1706 2535 1876 2629 capitulo,

711 2657 767 2731 isti
792 2656 977 2731 daemones
1002 2675 1075 2729 nnn
1100 2663 1250 2750 possunt
1281 2655 1384 2730 exire
1416 2655 1462 2730 de
1491 2675 1558 2730 sua
1583 2655 1707 2752 bulgia
1735 2655 1873 2750 quinta,

711 2785 749 2852 et
773 2796 840 2871 per
864 2776 934 2850 hoc
958 2775 1093 2872 figurat
1118 2781 1237 2868 autor,
1260 2775 1359 2869 quod
1387 2795 1542 2871 magnus
1568 2775 1740 2871 magister
1765 2775 1875 2850 barn-

712 2895 813 2969 turiae
839 2913 985 2988 semper
1010 2894 1185 2969 mentitur
1202 2915 1243 2969 se
1261 2915 1366 2990 posse
1382 2895 1489 2990 plura
1505 2915 1619 2989 quum
1636 2895 1745 2990 possit
1758 2885 1796 2988 (³)
1817 2897 1874 2971 vel

712 3015 798 3089 velit
822 3033 983 3108 servare,
1010 3020 1051 3087 ut
1076 3013 1126 3088 sic
1151 3014 1325 3089 continuo
1349 3013 1496 3089 venient
1521 3034 1677 3090 munere
1702 3021 1739 3090 et
1764 3033 1876 3110 pecu-

710 3133 790 3206 niae.
816 3133 908 3206 Note
934 3133 1045 3207 etiam
1070 3133 1169 3227 qnod
1193 3133 1250 3208 isti
1278 3139 1364 3208 sunt
1394 3153 1523 3208 omnes
1555 3133 1678 3229 magni
1712 3133 1875 3231 magistri

710 3253 768 3327 vel
795 3251 948 3326 ministri
964 3252 1169 3346 haram-ie,
1189 3253 1252 3346 qui
1271 3259 1405 3348 regunt
1421 3253 1572 3328 barcam
1590 3253 1714 3347 cnriae3
1740 3253 1875 3348 quibus

708 3378 817 3446 autor
834 3371 1005 3465 imposuit
1021 3371 1169 3446 nomina
1183 3373 1386 3468 peregrine,
1402 3379 1442 3446 nt
1458 3371 1650 3448 denotaret
1661 3372 1874 3469 peregrinas

707 3489 865 3582 fraudes,
882 3496 980 3565 artes
1001 3497 1039 3564 et
1059 3490 1136 3565 vias
1150 3478 1200 3584 (⁸),
1214 3498 1251 3567 et
1277 3493 1532 3586 unusquisqne
1548 3499 1669 3587 posset
1685 3513 1752 3586 pro
1775 3491 1874 3566 libito

707 3608 848 3704 tingere
871 3607 937 3681 sibi
963 3607 1092 3682 similia
1109 3609 1257 3684 nomina
1273 3611 1476 3685 secundum
1503 3618 1653 3686 naturas
1668 3603 1704 3704 (⁵)
1732 3612 1871 3686 talium.

708 3727 751 3800 nt
775 3728 870 3801 bene
895 3726 970 3800 scio
993 3727 1093 3820 qnod
1118 3728 1147 3800 si
1173 3729 1462 3823 comparationes
1486 3750 1560 3806 non
1581 3735 1702 3806 essent
1726 3731 1871 3824 odiose,

707 3846 807 3940 quod
831 3846 964 3922 scirem
988 3847 1180 3922 nominare
1206 3848 1341 3922 multus
1370 3850 1460 3924 tales
1485 3871 1578 3943 quos
1608 3870 1678 3947 ego
1709 3850 1792 3944 vidi,
1822 3850 1871 3924 itu

707 3967 878 4042 baratere
902 3971 939 4040 et
964 3985 1115 4042 versare
1146 3967 1277 4044 curias.
1292 4007 1342 4022 -
1357 3965 1451 4043 Once.
1481 3969 1546 4044 Hic
1574 3975 1684 4046 autor
1708 3989 1872 4062 conque-

709 4087 803 4164 ritur
826 4086 975 4182 Virgilio
999 4086 1045 4162 de
1071 4092 1146 4161 tum
1172 4089 1323 4163 terribili
1347 4089 1530 4184 societate,
1555 4089 1700 4164 dicens:
1726 4092 1873 4164 dns'io:

707 4203 796 4296 orne,
822 4205 923 4300 idest,
953 4206 1026 4280 heu
1060 4207 1207 4300 minio
1241 4215 1393 4282 maeno
1424 4211 1507 4301 mio,
1539 4203 1639 4282 ct'te
1669 4211 1749 4302 puel
1773 4211 1872 4282 ct'io

708 4329 857 4417 vepgtc?
881 4325 985 4419 quasi
1004 4325 1119 4400 dicat:
1136 4327 1273 4400 durum
1298 4335 1355 4402 est
1374 4329 1499 4403 videre
1516 4328 1613 4423 istos,
1631 4329 1768 4404 nedum
1789 4348 1873 4404 sen-

707 4447 777 4522 tire
805 4444 915 4520 telios
943 4465 1093 4539 eorum3
1118 4453 1156 4521 et
1186 4445 1270 4521 dicit
1301 4447 1552 4543 deprecative:
1579 4451 1670 4524 det!
1694 4453 1872 4524 nndtcmei

705 4567 784 4655 solt,
809 4584 875 4658 per
899 4585 977 4659 nos,
1001 4585 1111 4640 seruc
1135 4574 1268 4659 scorta,
1292 4568 1380 4662 quin
1406 4569 1536 4645 melius
1566 4575 1622 4646 est
1652 4591 1732 4646 esse
1763 4572 1870 4665 solos,

706 4703 818 4778 quam
844 4685 942 4760 mule
974 4684 1139 4781 sociatos,
1165 4709 1203 4760 sc
1235 4695 1271 4762 tn
1300 4692 1357 4762 sci
1382 4693 1448 4782 ire,
1473 4690 1560 4784 quia
1589 4689 1687 4785 dicis,
1717 4696 1754 4764 te
1782 4690 1872 4765 alias

768 4905 836 4970 illl
852 4921 867 4958 e
883 4907 1107 4974 lennotgta.
1370 4911 1398 4976 (¹)
1414 4918 1470 4974 us,
1486 4913 1677 4965 metumtot

768 4983 795 5048 (¹)
811 4988 866 5046 tlt,
883 4986 962 5049 pontt
977 4991 1003 5038 et
1020 4986 1094 5051 plura
1111 4989 1239 5051 promittit
1254 5003 1333 5054 quem
1348 4992 1428 5054 possit
1442 4991 1484 5044 rel
1499 4991 1687 5042 murmure

766 5061 794 5125 i'i
810 5061 842 5112 Β·
857 5063 918 5124 ¹¹⁸⁸,
933 5067 963 5114 nt
979 5065 1163 5129 unusquisque.
1369 5067 1396 5128 ρ)
1412 5067 1443 5118 Ε.
1459 5072 1588 5120 naturum.
